date,symbol,eps,revenue_ttm,pe_ratio,accumulateddepreciationamortizationppe,beta,book_value,capitalleaseobligations,cashandcashequivalentsatcarryingvalue,cashandshortterminvestments,commonstock,commonstocksharesoutstanding,comprehensiveincomenetoftax,costofgoodsandservicessold,costofrevenue,currentaccountspayable,currentdebt,currentlongtermdebt,currentnetreceivables,deferredrevenue,depreciation,depreciationandamortization,dividend_per_share,dividend_yield,earnings_growth_yoy,earnings_surprise,ebit,ebitda,estimated_eps,fiscaldateending,forward_pe,goodwill,gross_profit_ttm,grossprofit,incomebeforetax,incometaxexpense,intangibleassets,intangibleassetsexcludinggoodwill,interestanddebtexpense,interestexpense,interestincome,inventory,investmentincomenet,investments,longtermdebt,longtermdebtnoncurrent,longterminvestments,netincome,netincomefromcontinuingoperations,netinterestincome,noninterestincome,operating_margin_ttm,operatingexpenses,operatingincome,othercurrentassets,othercurrentliabilities,othernoncurrentassets,othernoncurrentliabilities,othernonoperatingincome,peg_ratio,price_to_book,price_to_sales_ttm,profit_margin,propertyplantequipment,report_date,report_type,reported_eps,reportedcurrency,reporttime,researchanddevelopment,retainedearnings,return_on_assets_ttm,return_on_equity_ttm,revenue_growth_yoy,revenue_per_share_ttm,sellinggeneralandadministrative,shortlongtermdebttotal,shorttermdebt,shortterminvestments,sma_200,sma_50,surprise_pct,totalassets,totalcurrentassets,totalcurrentliabilities,totalliabilities,totalnoncurrentassets,totalnoncurrentliabilities,totalrevenue,totalshareholderequity,trailing_pe,treasurystock,week_52_high,week_52_low
1996-03-31,SRE,,,,,,,,,,,,,,,,,,,,,,,,,0.04,,,0.53,,,,,,,,,,,,,,,,,,,,,,,,,,,,,,,,,,,,1996-04-23,,0.57,,pre-market,,,,,,,,,,,,,7.5472,,,,,,,,,,,,
1996-06-30,SRE,,,,,,,,,,,,,,,,,,,,,,,,,0.0,,,0.41,,,,,,,,,,,,,,,,,,,,,,,,,,,,,,,,,,,,1996-07-23,,0.41,,pre-market,,,,,,,,,,,,,0.0,,,,,,,,,,,,
1996-09-30,SRE,,,,,,,,,,,,,,,,,,,,,,,,,0.02,,,0.52,,,,,,,,,,,,,,,,,,,,,,,,,,,,,,,,,,,,1996-10-21,,0.54,,pre-market,,,,,,,,,,,,,3.8462,,,,,,,,,,,,
1996-12-31,SRE,,,,,,,,,,,,,,,,,,,,,,,,,0.01,,,0.46,,,,,,,,,,,,,,,,,,,,,,,,,,,,,,,,,,,,1997-01-27,,0.47,,pre-market,,,,,,,,,,,,,2.1739,,,,,,,,,,,,
1997-03-31,SRE,,,,,,,,,,,,,,,,,,,,,,,,,-0.02,,,0.44,,,,,,,,,,,,,,,,,,,,,,,,,,,,,,,,,,,,1997-04-22,,0.42,,pre-market,,,,,,,,,,,,,-4.5455,,,,,,,,,,,,
1997-06-30,SRE,,,,,,,,,,,,,,,,,,,,,,,,,0.07,,,0.43,,,,,,,,,,,,,,,,,,,,,,,,,,,,,,,,,,,,1997-07-29,,0.5,,pre-market,,,,,,,,,,,,,16.2791,,,,,,,,,,,,
1997-09-30,SRE,,,,,,,,,,,,,,,,,,,,,,,,,-0.04,,,0.61,,,,,,,,,,,,,,,,,,,,,,,,,,,,,,,,,,,,1997-10-28,,0.57,,pre-market,,,,,,,,,,,,,-6.5574,,,,,,,,,,,,
1997-12-31,SRE,,,,,,,,,,,,,,,,,,,,,,,,,0.14,,,0.58,,,,,,,,,,,,,,,,,,,,,,,,,,,,,,,,,,,,1998-01-27,,0.72,,pre-market,,,,,,,,,,,,,24.1379,,,,,,,,,,,,
1998-03-31,SRE,,,,,,,,,,,,,,,,,,,,,,,,,0.04,,,0.41,,,,,,,,,,,,,,,,,,,,,,,,,,,,,,,,,,,,1998-04-28,,0.45,,pre-market,,,,,,,,,,,,,9.7561,,,,,,,,,,,,
1998-06-30,SRE,,,,,,,,,,,,,,,,,,,,,,,,,0.01,,,0.44,,,,,,,,,,,,,,,,,,,,,,,,,,,,,,,,,,,,1998-07-23,,0.45,,pre-market,,,,,,,,,,,,,2.2727,,,,,,,,,,,,
1998-09-30,SRE,,,,,,,,,,,,,,,,,,,,,,,,,-0.02,,,0.42,,,,,,,,,,,,,,,,,,,,,,,,,,,,,,,,,,,,1998-10-28,,0.4,,pre-market,,,,,,,,,,,,,-4.7619,,,,,,,,,,,,
1998-12-31,SRE,,,,,,,,,,,,,,,,,,,,,,,,,-0.05,,,0.42,,,,,,,,,,,,,,,,,,,,,,,,,,,,,,,,,,,,1999-01-27,,0.37,,pre-market,,,,,,,,,,,,,-11.9048,,,,,,,,,,,,
1999-03-31,SRE,,,,,,,,,,,,,,,,,,,,,,,,,0.02,,,0.4,,,,,,,,,,,,,,,,,,,,,,,,,,,,,,,,,,,,1999-04-28,,0.42,,pre-market,,,,,,,,,,,,,5.0,,,,,,,,,,,,
1999-06-30,SRE,,,,,,,,,,,,,,,,,,,,,,,,,-0.02,,,0.42,,,,,,,,,,,,,,,,,,,,,,,,,,,,,,,,,,,,1999-07-28,,0.4,,pre-market,,,,,,,,,,,,,-4.7619,,,,,,,,,,,,
1999-09-30,SRE,,,,,,,,,,,,,,,,,,,,,,,,,0.0,,,0.45,,,,,,,,,,,,,,,,,,,,,,,,,,,,,,,,,,,,1999-10-28,,0.45,,pre-market,,,,,,,,,,,,,0.0,,,,,,,,,,,,
1999-12-31,SRE,,,,,,,,,,,,,,,,,,,,,,,,,0.01,,,0.43,,,,,,,,,,,,,,,,,,,,,,,,,,,,,,,,,,,,2000-01-26,,0.44,,pre-market,,,,,,,,,,,,,2.3256,,,,,,,,,,,,
2000-03-31,SRE,,,,,,,,,,,,,,,,,,,,,,,,,0.04,,,0.45,,,,,,,,,,,,,,,,,,,,,,,,,,,,,,,,,,,,2000-04-27,,0.49,,pre-market,,,,,,,,,,,,,8.8889,,,,,,,,,,,,
2000-06-30,SRE,,,,,,,,,,,,,,,,,,,,,,,,,0.0,,,0.55,,,,,,,,,,,,,,,,,,,,,,,,,,,,,,,,,,,,2000-07-27,,0.55,,pre-market,,,,,,,,,,,,,0.0,,,,,,,,,,,,
2000-09-30,SRE,,,,,,,,,,,,,,,,,,,,,,,,,0.2,,,0.5,,,,,,,,,,,,,,,,,,,,,,,,,,,,,,,,,,,,2000-10-26,,0.7,,pre-market,,,,,,,,,,,,,40.0,,,,,,,,,,,,
2000-12-31,SRE,,,,,,,,,,,,,,,,,,,,,,,,,0.01,,,0.46,,,,,,,,,,,,,,,,,,,,,,,,,,,,,,,,,,,,2001-01-25,,0.47,,pre-market,,,,,,,,,,,,,2.1739,,,,,,,,,,,,
2001-03-31,SRE,,,,,,,,,,,,,,,,,,,,,,,,,0.2,,,0.58,,,,,,,,,,,,,,,,,,,,,,,,,,,,,,,,,,,,2001-04-26,,0.78,,pre-market,,,,,,,,,,,,,34.4828,,,,,,,,,,,,
2001-06-30,SRE,,,,,,,,,,,,,,,,,,,,,,,,,0.02,,,0.64,,,,,,,,,,,,,,,,,,,,,,,,,,,,,,,,,,,,2001-07-26,,0.66,,pre-market,,,,,,,,,,,,,3.125,,,,,,,,,,,,
2001-09-30,SRE,,,,,,,,,,,,,,,,,,,,,,,,,-0.02,,,0.6,,,,,,,,,,,,,,,,,,,,,,,,,,,,,,,,,,,,2001-10-25,,0.58,,pre-market,,,,,,,,,,,,,-3.3333,,,,,,,,,,,,
2001-12-31,SRE,,,,,,,,,,,,,,,,,,,,,,,,,0.02,,,0.5,,,,,,,,,,,,,,,,,,,,,,,,,,,,,,,,,,,,2002-01-24,,0.52,,pre-market,,,,,,,,,,,,,4.0,,,,,,,,,,,,
2002-03-31,SRE,,,,,,,,,,,,,,,,,,,,,,,,,0.06,,,0.65,,,,,,,,,,,,,,,,,,,,,,,,,,,,,,,,,,,,2002-04-23,,0.71,,pre-market,,,,,,,,,,,,,9.2308,,,,,,,,,,,,
2002-06-30,SRE,,,,,,,,,,,,,,,,,,,,,,,,,-0.04,,,0.63,,,,,,,,,,,,,,,,,,,,,,,,,,,,,,,,,,,,2002-07-23,,0.59,,pre-market,,,,,,,,,,,,,-6.3492,,,,,,,,,,,,
2002-09-30,SRE,,,,,,,,,,,,,,,,,,,,,,,,,0.11,,,0.62,,,,,,,,,,,,,,,,,,,,,,,,,,,,,,,,,,,,2002-10-22,,0.73,,pre-market,,,,,,,,,,,,,17.7419,,,,,,,,,,,,
2002-12-31,SRE,,,,,,,,,,,,,,,,,,,,,,,,,0.12,,,0.53,,,,,,,,,,,,,,,,,,,,,,,,,,,,,,,,,,,,2003-02-20,,0.65,,pre-market,,,,,,,,,,,,,22.6415,,,,,,,,,,,,
2003-03-31,SRE,,,,,,,,,,,,,,,,,,,,,,,,,-0.12,,,0.68,,,,,,,,,,,,,,,,,,,,,,,,,,,,,,,,,,,,2003-05-01,,0.56,,pre-market,,,,,,,,,,,,,-17.6471,,,,,,,,,,,,
2003-06-30,SRE,,,,,,,,,,,,,,,,,,,,,,,,,-0.05,,,0.6,,,,,,,,,,,,,,,,,,,,,,,,,,,,,,,,,,,,2003-08-07,,0.55,,pre-market,,,,,,,,,,,,,-8.3333,,,,,,,,,,,,
2003-09-30,SRE,,,,,,,,,,,,,,,,,,,,,,,,,0.17,,,0.92,,,,,,,,,,,,,,,,,,,,,,,,,,,,,,,,,,,,2003-11-06,,1.09,,pre-market,,,,,,,,,,,,,18.4783,,,,,,,,,,,,
2003-12-31,SRE,,,,,,,,,,,,,,,,,,,,,,,,,0.13,,,0.57,,,,,,,,,,,,,,,,,,,,,,,,,,,,,,,,,,,,2004-02-24,,0.7,,pre-market,,,,,,,,,,,,,22.807,,,,,,,,,,,,
2004-03-31,SRE,,,,,,,,,,,,,,,,,,,,,,,,,0.26,,,0.7,,,,,,,,,,,,,,,,,,,,,,,,,,,,,,,,,,,,2004-04-29,,0.96,,pre-market,,,,,,,,,,,,,37.1429,,,,,,,,,,,,
2004-06-30,SRE,,,,,,,,,,,,,,,,,,,,,,,,,-0.1,,,0.65,,,,,,,,,,,,,,,,,,,,,,,,,,,,,,,,,,,,2004-08-05,,0.55,,pre-market,,,,,,,,,,,,,-15.3846,,,,,,,,,,,,
2004-09-30,SRE,,,,,,,,,,,,,,,,,,,,,,,,,0.13,,,0.81,,,,,,,,,,,,,,,,,,,,,,,,,,,,,,,,,,,,2004-11-04,,0.94,,pre-market,,,,,,,,,,,,,16.0494,,,,,,,,,,,,
2004-12-31,SRE,,,,,,,,,,,,,,,,,,,,,,,,,0.07,,,1.36,,,,,,,,,,,,,,,,,,,,,,,,,,,,,,,,,,,,2005-02-23,,1.43,,pre-market,,,,,,,,,,,,,5.1471,,,,,,,,,,,,
2005-03-31,SRE,,,,,,,,,,,,,,,,,,,,,,,,,0.04,,,0.88,,,,,,,,,,,,,,,,,,,,,,,,,,,,,,,,,,,,2005-05-04,,0.92,,pre-market,,,,,,,,,,,,,4.5455,,,,,,,,,,,,
2005-06-30,SRE,,,,,,,,,,,,,,,,,,,,,,,,,-0.2,,,0.69,,,,,,,,,,,,,,,,,,,,,,,,,,,,,,,,,,,,2005-08-02,,0.49,,pre-market,,,,,,,,,,,,,-28.9855,,,,,,,,,,,,
2005-09-30,SRE,,,,,,,,,,,,,,,,,,,,,,,,,0.06,,,1.01,,,,,,,,,,,,,,,,,,,,,,,,,,,,,,,,,,,,2005-11-02,,1.07,,pre-market,,,,,,,,,,,,,5.9406,,,,,,,,,,,,
2005-12-31,SRE,,,,,,,,,,,,,,,,,,,,,,,,,0.44,,,1.25,,,,,,,,,,,,,,,,,,,,,,,,,,,,,,,,,,,,2006-02-22,,1.69,,pre-market,,,,,,,,,,,,,35.2,,,,,,,,,,,,
2006-03-31,SRE,,,,,,,,,,,,,,,,,,,,,,,,,0.05,,,0.86,,,,,,,,,,,,,,,,,,,,,,,,,,,,,,,,,,,,2006-05-02,,0.91,,pre-market,,,,,,,,,,,,,5.814,,,,,,,,,,,,
2006-06-30,SRE,,,,,,,,,,,,,,,,,,,,,,,,,-0.01,,,0.64,,,,,,,,,,,,,,,,,,,,,,,,,,,,,,,,,,,,2006-08-03,,0.63,,pre-market,,,,,,,,,,,,,-1.5625,,,,,,,,,,,,
2006-09-30,SRE,,,,,,,,,,,,,,,,,,,,,,,,,0.31,,,0.96,,,,,,,,,,,,,,,,,,,,,,,,,,,,,,,,,,,,2006-11-02,,1.27,,pre-market,,,,,,,,,,,,,32.2917,,,,,,,,,,,,
2006-12-31,SRE,,,,,,,,,,,,,,,,,,,,,,,,,0.22,,,1.2,,,,,,,,,,,,,,,,,,,,,,,,,,,,,,,,,,,,2007-02-22,,1.42,,pre-market,,,,,,,,,,,,,18.3333,,,,,,,,,,,,
2007-03-31,SRE,,,,,,,,,,,,,,,,,,,,,,,,,-0.08,,,0.94,,,,,,,,,,,,,,,,,,,,,,,,,,,,,,,,,,,,2007-05-02,,0.86,,pre-market,,,,,,,,,,,,,-8.5106,,,,,,,,,,,,
2007-06-30,SRE,,,,,,,,,,,,,,,,,,,,,,,,,0.23,,,0.83,,,,,,,,,,,,,,,,,,,,,,,,,,,,,,,,,,,,2007-08-02,,1.06,,pre-market,,,,,,,,,,,,,27.7108,,,,,,,,,,,,
2007-09-30,SRE,,,,,,,,,,,,,,,,,,,,,,,,,0.21,,,1.03,,,,,,,,,,,,,,,,,,,,,,,,,,,,,,,,,,,,2007-11-01,,1.24,,pre-market,,,,,,,,,,,,,20.3883,,,,,,,,,,,,
2007-12-31,SRE,,,,,,,,,,,,,,,,,,,,,,,,,0.06,,,1.04,,,,,,,,,,,,,,,,,,,,,,,,,,,,,,,,,,,,2008-02-26,,1.1,,pre-market,,,,,,,,,,,,,5.7692,,,,,,,,,,,,
2008-03-31,SRE,,,,,,,,,,,,,,,,,,,,,,,,,0.03,,,0.89,,,,,,,,,,,,,,,,,,,,,,,,,,,,,,,,,,,,2008-05-02,,0.92,,pre-market,,,,,,,,,,,,,3.3708,,,,,,,,,,,,
2008-06-30,SRE,,,,,,,,,,,,,,,,,,,,,,,,,0.07,,,0.91,,,,,,,,,,,,,,,,,,,,,,,,,,,,,,,,,,,,2008-08-07,,0.98,,pre-market,,,,,,,,,,,,,7.6923,,,,,,,,,,,,
2008-09-30,SRE,,,,,,,,,,,,,,,,,,,,,,,,,0.18,,,1.06,,,,,,,,,,,,,,,,,,,,,,,,,,,,,,,,,,,,2008-11-10,,1.24,,pre-market,,,,,,,,,,,,,16.9811,,,,,,,,,,,,
2008-12-31,SRE,,,,,,,,,,,,,,,,,,,,,,,,,0.39,,,0.91,,,,,,,,,,,,,,,,,,,,,,,,,,,,,,,,,,,,2009-02-24,,1.3,,pre-market,,,,,,,,,,,,,42.8571,,,,,,,,,,,,
2009-03-31,SRE,,,,,,,,,,,,,,,,,,,,,,,,,0.27,,,1.02,,,,,,,,,,,,,,,,,,,,,,,,,,,,,,,,,,,,2009-05-05,,1.29,,pre-market,,,,,,,,,,,,,26.4706,,,,,,,,,,,,
2009-06-30,SRE,,,,,,,,,,,,,,,,,,,,,,,,,-0.17,,,0.97,,,,,,,,,,,,,,,,,,,,,,,,,,,,,,,,,,,,2009-07-31,,0.8,,pre-market,,,,,,,,,,,,,-17.5258,,,,,,,,,,,,
2009-09-30,SRE,,,,,,,,,,,,,,,,,,,,,,,,,0.08,,,1.19,,,,,,,,,,,,,,,,,,,,,,,,,,,,,,,,,,,,2009-11-09,,1.27,,pre-market,,,,,,,,,,,,,6.7227,,,,,,,,,,,,
2009-12-31,SRE,,,,,,,,,,,,,,,,,,,,,,,,,0.06,,,1.1,,,,,,,,,,,,,,,,,,,,,,,,,,,,,,,,,,,,2010-02-25,,1.16,,pre-market,,,,,,,,,,,,,5.4545,,,,,,,,,,,,
2010-03-31,SRE,,,,,,,,,,,,,,,,,,,,,,,,,0.04,,,0.77,,,,,,,,,,,,,,,,,,,,,,,,,,,,,,,,,,,,2010-05-04,,0.81,,pre-market,,,,,,,,,,,,,5.1948,,,,,,,,,,,,
2010-06-30,SRE,,,,,,,,,,,,,,,,,,,,,,,,,0.07,,,0.82,,,,,,,,,,,,,,,,,,,,,,,,,,,,,,,,,,,,2010-08-03,,0.89,,pre-market,,,,,,,,,,,,,8.5366,,,,,,,,,,,,
2010-09-30,SRE,,,,,,,,,,,,,,,,,,,,,,,,,0.0,,,1.08,,,,,,,,,,,,,,,,,,,,,,,,,,,,,,,,,,,,2010-11-09,,1.08,,pre-market,,,,,,,,,,,,,0.0,,,,,,,,,,,,
2010-12-31,SRE,,,,,,,,,,,,,,,,,,,,,,,,,0.24,,,0.94,,,,,,,,,,,,,,,,,,,,,,,,,,,,,,,,,,,,2011-02-24,,1.18,,pre-market,,,,,,,,,,,,,25.5319,,,,,,,,,,,,
2011-03-31,SRE,,,,,,,,,,,,,,,,,,,,,,,,,0.08,,,0.99,,,,,,,,,,,,,,,,,,,,,,,,,,,,,,,,,,,,2011-05-09,,1.07,,pre-market,,,,,,,,,,,,,8.0808,,,,,,,,,,,,
2011-06-30,SRE,,,,,,,,,,,,,,,,,,,,,,,,,-0.02,,,0.99,,,,,,,,,,,,,,,,,,,,,,,,,,,,,,,,,,,,2011-08-09,,0.97,,pre-market,,,,,,,,,,,,,-2.0202,,,,,,,,,,,,
2011-09-30,SRE,,,,,,,,,,,,,,,,,,,,,,,,,0.02,,,1.2,,,,,,,,,,,,,,,,,,,,,,,,,,,,,,,,,,,,2011-11-03,,1.22,,pre-market,,,,,,,,,,,,,1.6667,,,,,,,,,,,,
2011-12-31,SRE,,,,,,,,,,,,,,,,,,,,,,,,,0.15,,,1.06,,,,,,,,,,,,,,,,,,,,,,,,,,,,,,,,,,,,2012-02-28,,1.21,,pre-market,,,,,,,,,,,,,14.1509,,,,,,,,,,,,
2012-03-31,SRE,,,,,,,,,,,,,,,,,,,,,,,,,-0.01,,,0.98,,,,,,,,,,,,,,,,,,,,,,,,,,,,,,,,,,,,2012-05-03,,0.97,,pre-market,,,,,,,,,,,,,-1.0204,,,,,,,,,,,,
2012-06-30,SRE,,,,,,,,,,,,,,,,,,,,,,,,,-0.02,,,0.81,,,,,,,,,,,,,,,,,,,,,,,,,,,,,,,,,,,,2012-08-02,,0.79,,pre-market,,,,,,,,,,,,,-2.4691,,,,,,,,,,,,
2012-09-30,SRE,,,,,,,,,,,,,,,,,,,,,,,,,0.33,,,1.0,,,,,,,,,,,,,,,,,,,,,,,,,,,,,,,,,,,,2012-11-06,,1.33,,pre-market,,,,,,,,,,,,,33.0,,,,,,,,,,,,
2012-12-31,SRE,,,,,,,,,,,,,,,,,,,,,,,,,0.12,,,0.96,,,,,,,,,,,,,,,,,,,,,,,,,,,,,,,,,,,,2013-02-26,,1.08,,pre-market,,,,,,,,,,,,,12.5,,,,,,,,,,,,
2013-03-31,SRE,,,,,,,,,,,,,,,,,,,,,,,,,-0.18,,,1.01,,,,,,,,,,,,,,,,,,,,,,,,,,,,,,,,,,,,2013-05-02,,0.83,,pre-market,,,,,,,,,,,,,-17.8218,,,,,,,,,,,,
2013-06-30,SRE,,,,,,,,,,,,,,,,,,,,,,,,,-0.27,,,1.31,,,,,,,,,,,,,,,,,,,,,,,,,,,,,,,,,,,,2013-08-06,,1.04,,pre-market,,,,,,,,,,,,,-20.6107,,,,,,,,,,,,
2013-09-30,SRE,,,,,,,,,,,,,,,,,,,,,,,,,-0.03,,,1.22,,,,,,,,,,,,,,,,,,,,,,,,,,,,,,,,,,,,2013-11-05,,1.19,,pre-market,,,,,,,,,,,,,-2.459,,,,,,,,,,,,
2013-12-31,SRE,,,,,,,,,,,,,,,,,,,,,,,,,0.15,,,0.98,,,,,,,,,,,,,,,,,,,,,,,,,,,,,,,,,,,,2014-02-27,,1.13,,pre-market,,,,,,,,,,,,,15.3061,,,,,,,,,,,,
2014-03-31,SRE,,,,,,,,,,,,,,,,,,,,,,,,,0.08,,,0.95,,,,,,,,,,,,,,,,,,,,,,,,,,,,,,,,,,,,2014-05-02,,1.03,,pre-market,,,,,,,,,,,,,8.4211,,,,,,,,,,,,
2014-06-30,SRE,,,,,,,,,,,,,,,,,,,,,,,,,-0.05,,,1.13,,,,,,,,,,,,,,,,,,,,,,,,,,,,,,,,,,,,2014-08-07,,1.08,,pre-market,,,,,,,,,,,,,-4.4248,,,,,,,,,,,,
2014-09-30,SRE,,,,,,,,,,,,,,,,,,,,,,,,,0.15,,,1.24,,,,,,,,,,,,,,,,,,,,,,,,,,,,,,,,,,,,2014-11-04,,1.39,,pre-market,,,,,,,,,,,,,12.0968,,,,,,,,,,,,
2014-12-31,SRE,,,,,,,,,,,,,,,,,,,,,,,,,0.15,,,1.08,,,,,,,,,,,,,,,,,,,,,,,,,,,,,,,,,,,,2015-02-26,,1.23,,pre-market,,,,,,,,,,,,,13.8889,,,,,,,,,,,,
2015-03-31,SRE,,,,,,,,,,,,,,,,,,,,,,,,,0.33,,,1.38,,,,,,,,,,,,,,,,,,,,,,,,,,,,,,,,,,,,2015-05-05,,1.71,,pre-market,,,,,,,,,,,,,23.913,,,,,,,,,,,,
2015-06-30,SRE,,,,,,,,,,,,,,,,,,,,,,,,,0.03,,,1.0,,,,,,,,,,,,,,,,,,,,,,,,,,,,,,,,,,,,2015-08-04,,1.03,,pre-market,,,,,,,,,,,,,3.0,,,,,,,,,,,,
2015-09-30,SRE,,,,,,,,,,,,,,,,,,,,,,,,,0.12,,,0.88,,,,,,,,,,,,,,,,,,,,,,,,,,,,,,,,,,,,2015-11-03,,1.0,,pre-market,,,,,,,,,,,,,13.6364,,,,,,,,,,,,
2015-12-31,SRE,,,,,,,,,,,,,,,,,,,,,,,,,0.15,,,1.32,,,,,,,,,,,,,,,,,,,,,,,,,,,,,,,,,,,,2016-02-26,,1.47,,pre-market,,,,,,,,,,,,,11.3636,,,,,,,,,,,,
2016-03-31,SRE,,,,,,,,,,,,,,,,,,,,,,,,,-0.19,,,1.66,,,,,,,,,,,,,,,,,,,,,,,,,,,,,,,,,,,,2016-05-04,,1.47,,pre-market,,,,,,,,,,,,,-11.4458,,,,,,,,,,,,
2016-06-30,SRE,,,,,,,,,,,,,,,,,,,,,,,,,-0.18,,,0.97,,,,,,,,,,,,,,,,,,,,,,,,,,,,,,,,,,,,2016-08-04,,0.79,,pre-market,,,,,,,,,,,,,-18.5567,,,,,,,,,,,,
2016-09-30,SRE,,,,,,,,,,,,,,,,,,,,,,,,,0.06,,,0.96,,,,,,,,,,,,,,,,,,,,,,,,,,,,,,,,,,,,2016-11-02,,1.02,,pre-market,,,,,,,,,,,,,6.25,,,,,,,,,,,,
2016-12-31,SRE,,,,,,,,,,,,,,,,,,,,,,,,,0.03,,,1.49,,,,,,,,,,,,,,,,,,,,,,,,,,,,,,,,,,,,2017-02-28,,1.52,,pre-market,,,,,,,,,,,,,2.0134,,,,,,,,,,,,
2017-03-31,SRE,,,,,,,,,,,,,,,,,,,,,,,,,0.07,,,1.67,,,,,,,,,,,,,,,,,,,,,,,,,,,,,,,,,,,,2017-05-09,,1.74,,post-market,,,,,,,,,,,,,4.1916,,,,,,,,,,,,
2017-06-30,SRE,,,,,,,,,,,,,,,,,,,,,,,,,0.24,,,0.86,,,,,,,,,,,,,,,,,,,,,,,,,,,,,,,,,,,,2017-08-04,,1.1,,pre-market,,,,,,,,,,,,,27.907,,,,,,,,,,,,
2017-09-30,SRE,,,,,,,,,,,,,,,,,,,,,,,,,-0.01,,,1.05,,,,,,,,,,,,,,,,,,,,,,,,,,,,,,,,,,,,2017-10-30,,1.04,,pre-market,,,,,,,,,,,,,-0.9524,,,,,,,,,,,,
2017-12-31,SRE,,,,,,,,,,,,,,,,,,,,,,,,,0.13,,,1.41,,,,,,,,,,,,,,,,,,,,,,,,,,,,,,,,,,,,2018-02-27,,1.54,,pre-market,,,,,,,,,,,,,9.2199,,,,,,,,,,,,
2018-03-31,SRE,,,,,,,,,,,,,,,,,,,,,,,,,-0.19,,,1.62,,,,,,,,,,,,,,,,,,,,,,,,,,,,,,,,,,,,2018-05-07,,1.43,,pre-market,,,,,,,,,,,,,-11.7284,,,,,,,,,,,,
2018-06-30,SRE,,,,,,,,,,,,,,,,,,,,,,,,,0.16,,,1.19,,,,,,,,,,,,,,,,,,,,,,,,,,,,,,,,,,,,2018-08-06,,1.35,,pre-market,,,,,,,,,,,,,13.4454,,,,,,,,,,,,
2018-09-30,SRE,,,,,,,,,,,,,,,,,,,,,,,,,0.1,,,1.13,,,,,,,,,,,,,,,,,,,,,,,,,,,,,,,,,,,,2018-11-07,,1.23,,pre-market,,,,,,,,,,,,,8.8496,,,,,,,,,,,,
2018-12-31,SRE,,,,,,,,,,,,,,,,,,,,,,,,,0.1,,,1.46,,,,,,,,,,,,,,,,,,,,,,,,,,,,,,,,,,,,2019-02-26,,1.56,,pre-market,,,,,,,,,,,,,6.8493,,,,,,,,,,,,
2019-03-31,SRE,,,,,,,,,,,,,,,,,,,,,,,,,0.24,,,1.68,,,,,,,,,,,,,,,,,,,,,,,,,,,,,,,,,,,,2019-05-07,,1.92,,pre-market,,,,,,,,,,,,,14.2857,,,,,,,,,,,,
2019-06-30,SRE,,,,,,,,,,,,,,,,,,,,,,,,,-0.06,,,1.16,,,,,,,,,,,,,,,,,,,,,,,,,,,,,,,,,,,,2019-08-02,,1.1,,pre-market,,,,,,,,,,,,,-5.1724,,,,,,,,,,,,
2019-09-30,SRE,,,,,,,,,,,,,,,,,,,,,,,,,0.03,,,1.47,,,,,,,,,,,,,,,,,,,,,,,,,,,,,,,,,,,,2019-11-01,,1.5,,pre-market,,,,,,,,,,,,,2.0408,,,,,,,,,,,,
2019-12-31,SRE,,,,,,,,,,,,,,,,,,,,,,,,,0.07,,,1.48,,,,,,,,,,,,,,,,,,,,,,,,,,,,,,,,,,,,2020-02-27,,1.55,,pre-market,,,,,,,,,,,,,4.7297,,,,,,,,,,,,
2020-03-31,SRE,,,,,,,,,,,,,,,,,,,,,,,,,0.82,,,2.26,,,,,,,,,,,,,,,,,,,,,,,,,,,,,,,,,,,,2020-05-04,,3.08,,pre-market,,,,,,,,,,,,,36.2832,,,,,,,,,,,,
2020-06-30,SRE,,,,,,,,,,,,,,,,,,,,,,,,,0.15,,,1.5,,,,,,,,,,,,,,,,,,,,,,,,,,,,,,,,,,,,2020-08-05,,1.65,,pre-market,,,,,,,,,,,,,10.0,,,,,,,,,,,,
2020-09-30,SRE,,,,,,,,,,,,,,,,,,,,,,,,,-0.21,,,1.52,,,,,,,,,,,,,,,,,,,,,,,,,,,,,,,,,,,,2020-11-05,,1.31,,pre-market,,,,,,,,,,,,,-13.8158,,,,,,,,,,,,
2020-12-31,SRE,,,,,,,,,,,,,,,,,,,,,,,,,0.34,,,1.56,,,,,,,,,,,,,,,,,,,,,,,,,,,,,,,,,,,,2021-02-25,,1.9,,pre-market,,,,,,,,,,,,,21.7949,,,,,,,,,,,,
2021-03-31,SRE,,,,,,,,,,,,,,,,,,,,,,,,,0.24,,,2.71,,,,,,,,,,,,,,,,,,,,,,,,,,,,,,,,,,,,2021-05-05,,2.95,,pre-market,,,,,,,,,,,,,8.8561,,,,,,,,,,,,
2021-06-30,SRE,,,,,,,,,,,,,,,,,,,,,,,,,0.04,,,1.59,,,,,,,,,,,,,,,,,,,,,,,,,,,,,,,,,,,,2021-08-05,,1.63,,pre-market,,,,,,,,,,,,,2.5157,,,,,,,,,,,,
2021-09-30,SRE,,,,,,,,,,,,,,,,,,,,,,,,,0.0,,,1.7,,,,,,,,,,,,,,,,,,,,,,,,,,,,,,,,,,,,2021-11-05,,1.7,,pre-market,,,,,,,,,,,,,0.0,,,,,,,,,,,,
2021-12-31,SRE,,,,,,,,,,,,,,,,,,,,,,,,,0.16,,,2.0,,,,,,,,,,,,,,,,,,,,,,,,,,,,,,,,,,,,2022-02-25,,2.16,,pre-market,,,,,,,,,,,,,8.0,,,,,,,,,,,,
2022-03-31,SRE,,,,,,,,,,,,,,,,,,,,,,,,,0.14,,,2.77,,,,,,,,,,,,,,,,,,,,,,,,,,,,,,,,,,,,2022-05-05,,2.91,,pre-market,,,,,,,,,,,,,5.0542,,,,,,,,,,,,
2022-06-30,SRE,,,,,,,,,,,,,,,,,,,,,,,,,0.22,,,1.76,,,,,,,,,,,,,,,,,,,,,,,,,,,,,,,,,,,,2022-08-04,,1.98,,pre-market,,,,,,,,,,,,,12.5,,,,,,,,,,,,
2022-09-30,SRE,,,,,,,,,,,,,,,,,,,,,,,,,0.18,,,1.79,,,,,,,,,,,,,,,,,,,,,,,,,,,,,,,,,,,,2022-11-03,,1.97,,pre-market,,,,,,,,,,,,,10.0559,,,,,,,,,,,,
2022-12-31,SRE,,,,,,,,,,,,,,,,,,,,,,,,,0.31,,,2.04,,,,,,,,,,,,,,,,,,,,,,,,,,,,,,,,,,,,2023-02-28,,2.35,,pre-market,,,,,,,,,,,,,15.1961,,,,,,,,,,,,
2023-03-31,SRE,,,,,,,,,,,,,,,,,,,,,,,,,0.15,,,2.77,,,,,,,,,,,,,,,,,,,,,,,,,,,,,,,,,,,,2023-05-04,,2.92,,pre-market,,,,,,,,,,,,,5.4152,,,,,,,,,,,,
2023-06-30,SRE,,,,,,,,,,,,,,,,,,,,,,,,,0.13,,,1.75,,,,,,,,,,,,,,,,,,,,,,,,,,,,,,,,,,,,2023-08-03,,1.88,,pre-market,,,,,,,,,,,,,7.4286,,,,,,,,,,,,
2023-09-30,SRE,,,,,,,,,,,,,,,,,,,,,,,,,0.07,,,1.01,,,,,,,,,,,,,,,,,,,,,,,,,,,,,,,,,,,,2023-11-03,,1.08,,pre-market,,,,,,,,,,,,,6.9307,,,,,,,,,,,,
2023-12-31,SRE,,,,,,,,,,,,,,,,,,,,,,,,,0.01,,,1.12,,,,,,,,,,,,,,,,,,,,,,,,,,,,,,,,,,,,2024-02-27,,1.13,,pre-market,,,,,,,,,,,,,0.8929,,,,,,,,,,,,
2024-03-31,SRE,,,,,,,,,,,,,,,,,,,,,,,,,0.0,,,1.34,,,,,,,,,,,,,,,,,,,,,,,,,,,,,,,,,,,,2024-05-07,,1.34,,pre-market,,,,,,,,,,,,,0.0,,,,,,,,,,,,
2024-06-30,SRE,,,,,,,,,,,,,,,,,,,,,,,,,-0.05,,,0.94,,,,,,,,,,,,,,,,,,,,,,,,,,,,,,,,,,,,2024-08-06,,0.89,,pre-market,,,,,,,,,,,,,-5.3191,,,,,,,,,,,,
2024-09-30,SRE,,,,,,,,,,,,,,,,,,,,,,,,,-0.16,,,1.05,,,,,,,,,,,,,,,,,,,,,,,,,,,,,,,,,,,,2024-11-06,,0.89,,pre-market,,,,,,,,,,,,,-15.2381,,,,,,,,,,,,
2024-12-31,SRE,,,,,,,,,,,,,,,,,,,,,,,,,-0.0507,,,1.5507,,,,,,,,,,,,,,,,,,,,,,,,,,,,,,,,,,,,2025-02-25,,1.5,,pre-market,,,,,,,,,,,,,-3.2695,,,,,,,,,,,,
2025-03-31,SRE,,,,,,,,,,,,,,,,,,,,,,,,,0.1229,,,1.3171,,,,,,,,,,,,,,,,,,,,,,,,,,,,,,,,,,,,2025-05-05,,1.44,,pre-market,,,,,,,,,,,,,9.3311,,,,,,,,,,,,
2025-06-30,SRE,,,,,,,,,,,,,,,,,,,,,,,,,0.02,,,0.87,,,,,,,,,,,,,,,,,,,,,,,,,,,,,,,,,,,,2025-08-07,,0.89,,pre-market,,,,,,,,,,,,,2.2989,,,,,,,,,,,,
2025-09-30,SRE,,,,,,,,,,,,,,,,,,,,,,,,,0.19,,,0.92,,,,,,,,,,,,,,,,,,,,,,,,,,,,,,,,,,,,2025-11-05,,1.11,,pre-market,,,,,,,,,,,,,20.6522,,,,,,,,,,,,
2025-12-28,SRE,3.25,13711000000.0,27.26,,0.733,47.74,,,,,,,,,,,,,,,,2.555,0.0288,-0.882,0.19,,,0.92,,17.33,,5667000000.0,,,,,,,,,,,,,,,,,,,0.145,,,,,,,,1.904,1.857,4.218,0.158,,2025-11-05,,1.11,,pre-market,,,0.0185,0.0677,0.135,21.15,,,,,81.2,91.17,20.6522,,,,,,,,,27.26,,95.03,60.49
2025-12-28,SRE,3.25,13711000000.0,27.26,,0.733,47.74,,,,,,None,2363000000,2363000000,,,,,,None,662000000,2.555,0.0288,-0.882,0.19,1035000000,1697000000,0.92,2025-09-30,17.33,,5667000000.0,821000000,632000000,482000000,,,None,403000000,46000000,,None,,,,,95000000,150000000,-357000000,None,0.145,194000000,627000000,,,,,None,1.904,1.857,4.218,0.158,,2025-11-05,quarterly,1.11,USD,pre-market,None,,0.0185,0.0677,0.135,21.15,None,,,,81.2,91.17,20.6522,,,,,,,3184000000,,27.26,,95.03,60.49
2025-12-28,SRE,3.25,13711000000.0,27.26,,0.733,47.74,,,,,,None,2251000000,2251000000,,,,,,None,653000000,2.555,0.0288,-0.882,0.19,657000000,1310000000,0.92,2025-06-30,17.33,,5667000000.0,749000000,691000000,172000000,,,None,359000000,34000000,,None,,,,,473000000,519000000,-325000000,None,0.145,165000000,584000000,,,,,None,1.904,1.857,4.218,0.158,,2025-11-05,quarterly,1.11,USD,pre-market,None,,0.0185,0.0677,0.135,21.15,None,,,,81.2,91.17,20.6522,,,,,,,3000000000,,27.26,,95.03,60.49
2025-12-28,SRE,3.25,13711000000.0,27.26,,0.733,47.74,,,,,,None,2634000000,2634000000,,,,,,None,640000000,2.555,0.0288,-0.882,0.19,1021000000,1661000000,0.92,2025-03-31,17.33,,5667000000.0,1164000000,976000000,57000000,,,None,370000000,55000000,,None,,,,,917000000,919000000,-378000000,None,0.145,196000000,968000000,,,,,None,1.904,1.857,4.218,0.158,,2025-11-05,quarterly,1.11,USD,pre-market,None,,0.0185,0.0677,0.135,21.15,None,,,,81.2,91.17,20.6522,,,,,,,3798000000,,27.26,,95.03,60.49
2025-12-28,SRE,3.25,13711000000.0,27.26,,0.733,47.74,,,,,,None,2509000000,2509000000,,,,,,None,626000000,2.555,0.0288,-0.882,0.19,1266000000,1892000000,0.92,2024-12-31,17.33,,5667000000.0,1244000000,1271000000,282000000,,,None,369000000,21000000,,None,,,,,676000000,989000000,-84000000,None,0.145,178000000,1066000000,,,,,None,1.904,1.857,4.218,0.158,,2025-11-05,quarterly,1.11,USD,pre-market,None,,0.0185,0.0677,0.135,21.15,None,,,,81.2,91.17,20.6522,,,,,,,3753000000,,27.26,,95.03,60.49
2025-12-28,SRE,3.25,13711000000.0,27.26,,0.733,47.74,,,,,,None,2129000000,2129000000,,,,,,None,614000000,2.555,0.0288,-0.882,0.19,525000000,1139000000,0.92,2024-09-30,17.33,,5667000000.0,549000000,654000000,-105000000,,,None,325000000,43000000,,None,,,,,649000000,759000000,-285000000,None,0.145,175000000,374000000,,,,,None,1.904,1.857,4.218,0.158,,2025-11-05,quarterly,1.11,USD,pre-market,None,,0.0185,0.0677,0.135,21.15,None,,,,81.2,91.17,20.6522,,,,,,,2678000000,,27.26,,95.03,60.49
2025-12-28,SRE,3.25,13711000000.0,27.26,,0.733,47.74,,,,,,None,2266000000,2266000000,,,,,,None,603000000,2.555,0.0288,-0.882,0.19,615000000,1218000000,0.92,2024-06-30,17.33,,5667000000.0,702000000,741000000,-130000000,,,None,307000000,41000000,,None,,,,,725000000,871000000,-270000000,None,0.145,156000000,546000000,,,,,None,1.904,1.857,4.218,0.158,,2025-11-05,quarterly,1.11,USD,pre-market,None,,0.0185,0.0677,0.135,21.15,None,,,,81.2,91.17,20.6522,,,,,,,2968000000,,27.26,,95.03,60.49
2025-12-28,SRE,3.25,13711000000.0,27.26,,0.733,47.74,,,,,,None,2529000000,2529000000,,,,,,None,594000000,2.555,0.0288,-0.882,0.19,1007000000,1601000000,0.92,2024-03-31,17.33,,5667000000.0,1029000000,1053000000,172000000,,,None,302000000,31000000,,None,,,,,812000000,881000000,-274000000,None,0.145,184000000,845000000,,,,,None,1.904,1.857,4.218,0.158,,2025-11-05,quarterly,1.11,USD,pre-market,None,,0.0185,0.0677,0.135,21.15,None,,,,81.2,91.17,20.6522,,,,,,,3558000000,,27.26,,95.03,60.49
2025-12-28,SRE,3.25,13711000000.0,27.26,,0.733,47.74,,,,,,None,2536000000,2536000000,,,,,,None,576000000,2.555,0.0288,-0.882,0.19,766000000,1342000000,0.92,2023-12-31,17.33,,5667000000.0,822000000,847000000,-9000000,,,None,314000000,52000000,,None,,,,,748000000,856000000,-262000000,None,0.145,168000000,654000000,,,,,None,1.904,1.857,4.218,0.158,,2025-11-05,quarterly,1.11,USD,pre-market,None,,0.0185,0.0677,0.135,21.15,None,,,,81.2,91.17,20.6522,,,,,,,3358000000,,27.26,,95.03,60.49
2025-12-28,SRE,3.25,13711000000.0,27.26,,0.733,47.74,,,,,,None,2450000000,2450000000,,,,,,None,563000000,2.555,0.0288,-0.882,0.19,634000000,1197000000,0.92,2023-09-30,17.33,,5667000000.0,801000000,802000000,-52000000,,,None,311000000,293000000,,None,,,,,732000000,854000000,-293000000,None,0.145,169000000,632000000,,,,,None,1.904,1.857,4.218,0.158,,2025-11-05,quarterly,1.11,USD,pre-market,None,,0.0185,0.0677,0.135,21.15,None,,,,81.2,91.17,20.6522,,,,,,,3251000000,,27.26,,95.03,60.49
2025-12-28,SRE,3.25,13711000000.0,27.26,,0.733,47.74,,,,,,None,2348000000,2348000000,,,,,,None,549000000,2.555,0.0288,-0.882,0.19,841000000,1390000000,0.92,2023-06-30,17.33,,5667000000.0,734000000,911000000,175000000,,,None,318000000,17000000,,None,,,,,615000000,348000000,-300000000,None,0.145,148000000,586000000,,,,,436000000,1.904,1.857,4.218,0.158,,2025-11-05,quarterly,1.11,USD,pre-market,None,,0.0185,0.0677,0.135,21.15,1514000000,,,,81.2,91.17,20.6522,,,,,,,3082000000,,27.26,,95.03,60.49
2025-12-28,SRE,3.25,13711000000.0,27.26,,0.733,47.74,,,,,,None,4720000000,4720000000,,,,,,None,539000000,2.555,0.0288,-0.882,0.19,1713000000,2252000000,0.92,2023-03-31,17.33,,5667000000.0,1391000000,1548000000,376000000,,,None,384000000,324000000,,None,,,,,980000000,953000000,-342000000,None,0.145,192000000,1199000000,,,,,65000000,1.904,1.857,4.218,0.158,,2025-11-05,quarterly,1.11,USD,pre-market,None,,0.0185,0.0677,0.135,21.15,1401000000,,,,81.2,91.17,20.6522,,,,,,,6111000000,,27.26,,95.03,60.49
2025-12-28,SRE,3.25,13711000000.0,27.26,,0.733,47.74,,,,,,None,3072000000,3072000000,,,,,,None,519000000,2.555,0.0288,-0.882,0.19,396000000,915000000,0.92,2022-12-31,17.33,,5667000000.0,1044000000,529000000,121000000,,,None,247000000,220000000,,None,,,,,449000000,408000000,-227000000,None,0.145,161000000,883000000,,,,,None,1.904,1.857,4.218,0.158,,2025-11-05,quarterly,1.11,USD,pre-market,None,,0.0185,0.0677,0.135,21.15,None,,,,81.2,91.17,20.6522,,,,,,,4116000000,,27.26,,95.03,60.49
2025-12-28,SRE,3.25,13711000000.0,27.26,,0.733,47.74,,,,,,None,340000000,340000000,,,,,,None,-506000000,2.555,0.0288,-0.882,0.19,864000000,358000000,0.92,2022-09-30,17.33,,5667000000.0,3277000000,165000000,21000000,,,None,282000000,250000000,,None,,,,,561000000,144000000,-257000000,None,0.145,2808000000,469000000,,,,,-22000000,1.904,1.857,4.218,0.158,,2025-11-05,quarterly,1.11,USD,pre-market,None,,0.0185,0.0677,0.135,21.15,1368000000,,,,81.2,91.17,20.6522,,,,,,,3617000000,,27.26,,95.03,60.49
2025-12-28,SRE,3.25,13711000000.0,27.26,,0.733,47.74,,,,,,None,289000000,289000000,,,,,,None,188000000,2.555,0.0288,-0.882,0.19,1010000000,1198000000,0.92,2022-06-30,17.33,,5667000000.0,3258000000,364000000,80000000,,,None,271000000,19000000,,None,,,,,659000000,284000000,-252000000,None,0.145,2637000000,621000000,,,,,14000000,1.904,1.857,4.218,0.158,,2025-11-05,quarterly,1.11,USD,pre-market,None,,0.0185,0.0677,0.135,21.15,1312000000,,,,81.2,91.17,20.6522,,,,,,,3547000000,,27.26,,95.03,60.49
2025-12-28,SRE,3.25,13711000000.0,27.26,,0.733,47.74,,,,,,None,135000000,135000000,,,,,,None,187000000,2.555,0.0288,-0.882,0.19,1234000000,1421000000,0.92,2022-03-31,17.33,,5667000000.0,3685000000,665000000,334000000,,,None,243000000,26000000,,None,,,,,657000000,331000000,-217000000,None,0.145,2840000000,845000000,,,,,63000000,1.904,1.857,4.218,0.158,,2025-11-05,quarterly,1.11,USD,pre-market,None,,0.0185,0.0677,0.135,21.15,1248000000,,,,81.2,91.17,20.6522,,,,,,,3820000000,,27.26,,95.03,60.49
2025-12-28,SRE,3.25,13711000000.0,27.26,,0.733,47.74,,,,,,None,163000000,163000000,,,,,,None,479000000,2.555,0.0288,-0.882,0.19,1181000000,1660000000,0.92,2021-12-31,17.33,,5667000000.0,3681000000,535000000,144000000,,,None,422000000,391000000,,None,,,,,615000000,712000000,-402000000,None,0.145,2760000000,921000000,,,,,61000000,1.904,1.857,4.218,0.158,,2025-11-05,quarterly,1.11,USD,pre-market,None,,0.0185,0.0677,0.135,21.15,1394000000,,,,81.2,91.17,20.6522,,,,,,,3844000000,,27.26,,95.03,60.49
2025-12-28,SRE,3.25,13711000000.0,27.26,,0.733,47.74,,,,,,None,220000000,220000000,,,,,,None,471000000,2.555,0.0288,-0.882,0.19,-720000000,-249000000,0.92,2021-09-30,17.33,,5667000000.0,2793000000,-1365000000,-342000000,,,None,259000000,18000000,,None,,,,,-637000000,-632000000,-241000000,None,0.145,2289000000,504000000,,,,,-39000000,1.904,1.857,4.218,0.158,,2025-11-05,quarterly,1.11,USD,pre-market,None,,0.0185,0.0677,0.135,21.15,1224000000,,,,81.2,91.17,20.6522,,,,,,,3013000000,,27.26,,95.03,60.49
2025-12-28,SRE,3.25,13711000000.0,27.26,,0.733,47.74,,,,,,None,119000000,119000000,,,,,,None,463000000,2.555,0.0288,-0.882,0.19,842000000,1305000000,0.92,2021-06-30,17.33,,5667000000.0,2622000000,281000000,139000000,,,None,258000000,17000000,,None,,,,,445000000,455000000,-241000000,None,0.145,2170000000,452000000,,,,,87000000,1.904,1.857,4.218,0.158,,2025-11-05,quarterly,1.11,USD,pre-market,None,,0.0185,0.0677,0.135,21.15,1162000000,,,,81.2,91.17,20.6522,,,,,,,2741000000,,27.26,,95.03,60.49
2025-12-28,SRE,3.25,13711000000.0,27.26,,0.733,47.74,,,,,,None,109000000,109000000,,,,,,None,442000000,2.555,0.0288,-0.882,0.19,1312000000,1754000000,0.92,2021-03-31,17.33,,5667000000.0,3150000000,768000000,158000000,,,None,259000000,240000000,,None,,,,,928000000,928000000,-239000000,None,0.145,2177000000,973000000,,,,,54000000,1.904,1.857,4.218,0.158,,2025-11-05,quarterly,1.11,USD,pre-market,None,,0.0185,0.0677,0.135,21.15,1154000000,,,,81.2,91.17,20.6522,,,,,,,3259000000,,27.26,,95.03,60.49
2025-12-28,SRE,3.25,13711000000.0,27.26,,0.733,47.74,,,,,,None,2332000000,2332000000,,,,,,None,424000000,2.555,0.0288,-0.882,0.19,688000000,1112000000,0.92,2020-12-31,17.33,,5667000000.0,847000000,621000000,189000000,,,None,260000000,21000000,,None,,,,,471000000,432000000,-242000000,None,0.145,146000000,701000000,,,,,132000000,1.904,1.857,4.218,0.158,,2025-11-05,quarterly,1.11,USD,pre-market,None,,0.0185,0.0677,0.135,21.15,1193000000,,,,81.2,91.17,20.6522,,,,,,,3179000000,,27.26,,95.03,60.49
2025-12-28,SRE,3.25,13711000000.0,27.26,,0.733,47.74,,,,,,None,2136000000,2136000000,,,,,,None,418000000,2.555,0.0288,-0.882,0.19,462000000,880000000,0.92,2020-09-30,17.33,,5667000000.0,547000000,527000000,99000000,,,None,261000000,237000000,,None,,,,,399000000,428000000,-237000000,None,0.145,139000000,408000000,,,,,56000000,1.904,1.857,4.218,0.158,,2025-11-05,quarterly,1.11,USD,pre-market,None,,0.0185,0.0677,0.135,21.15,1183000000,,,,81.2,91.17,20.6522,,,,,,,2683000000,,27.26,,95.03,60.49
2025-12-28,SRE,3.25,13711000000.0,27.26,,0.733,47.74,,,,,,None,1740000000,1740000000,,,,,,None,412000000,2.555,0.0288,-0.882,0.19,748000000,1160000000,0.92,2020-06-30,17.33,,5667000000.0,773000000,696000000,168000000,,,None,285000000,33000000,,None,,,,,2277000000,528000000,-241000000,None,0.145,121000000,652000000,,,,,84000000,1.904,1.857,4.218,0.158,,2025-11-05,quarterly,1.11,USD,pre-market,None,,0.0185,0.0677,0.135,21.15,1019000000,,,,81.2,91.17,20.6522,,,,,,,2513000000,,27.26,,95.03,60.49
2025-12-28,SRE,3.25,13711000000.0,27.26,,0.733,47.74,,,,,,None,1994000000,1994000000,,,,,,None,412000000,2.555,0.0288,-0.882,0.19,679000000,1091000000,0.92,2020-03-31,17.33,,5667000000.0,982000000,660000000,-207000000,,,None,282000000,29000000,,None,,,,,796000000,867000000,-251000000,None,0.145,137000000,845000000,,,,,-227000000,1.904,1.857,4.218,0.158,,2025-11-05,quarterly,1.11,USD,pre-market,None,,0.0185,0.0677,0.135,21.15,1088000000,,,,81.2,91.17,20.6522,,,,,,,2976000000,,27.26,,95.03,60.49
2025-12-28,SRE,3.25,13711000000.0,27.26,,0.733,47.74,,,,,,None,1904000000,1904000000,,,,,,None,395000000,2.555,0.0288,-0.882,0.19,778000000,1173000000,0.92,2019-12-31,17.33,,5667000000.0,1036000000,594000000,165000000,,,None,279000000,28000000,,None,,,,,482000000,429000000,-252000000,None,0.145,127000000,909000000,,,,,60000000,1.904,1.857,4.218,0.158,,2025-11-05,quarterly,1.11,USD,pre-market,None,,0.0185,0.0677,0.135,21.15,1078000000,,,,81.2,91.17,20.6522,,,,,,,2940000000,,27.26,,95.03,60.49
2025-12-28,SRE,3.25,13711000000.0,27.26,,0.733,47.74,,,,,,None,1891000000,1891000000,,,,,,None,402000000,2.555,0.0288,-0.882,0.19,726000000,1128000000,0.92,2019-09-30,17.33,,5667000000.0,867000000,714000000,61000000,,,None,278000000,26000000,,None,,,,,849000000,653000000,-253000000,None,0.145,127000000,740000000,,,,,15000000,1.904,1.857,4.218,0.158,,2025-11-05,quarterly,1.11,USD,pre-market,None,,0.0185,0.0677,0.135,21.15,972000000,,,,81.2,91.17,20.6522,,,,,,,2758000000,,27.26,,95.03,60.49
2025-12-28,SRE,3.25,13711000000.0,27.26,,0.733,47.74,,,,,,None,1662000000,1662000000,,,,,,None,389000000,2.555,0.0288,-0.882,0.19,544000000,933000000,0.92,2019-06-30,17.33,,5667000000.0,551000000,404000000,47000000,,,None,258000000,27000000,,None,,,,,390000000,357000000,-231000000,None,0.145,112000000,439000000,,,,,49000000,1.904,1.857,4.218,0.158,,2025-11-05,quarterly,1.11,USD,pre-market,None,,0.0185,0.0677,0.135,21.15,950000000,,,,81.2,91.17,20.6522,,,,,,,2213000000,,27.26,,95.03,60.49
2025-12-28,SRE,3.25,13711000000.0,27.26,,0.733,47.74,,,,,,None,2114000000,2114000000,,,,,,None,383000000,2.555,0.0288,-0.882,0.19,760000000,1143000000,0.92,2019-03-31,17.33,,5667000000.0,785000000,602000000,42000000,,,None,259000000,225000000,,None,,,,,477000000,560000000,-240000000,None,0.145,130000000,655000000,,,,,103000000,1.904,1.857,4.218,0.158,,2025-11-05,quarterly,1.11,USD,pre-market,None,,0.0185,0.0677,0.135,21.15,962000000,,,,81.2,91.17,20.6522,,,,,,,2899000000,,27.26,,95.03,60.49
2025-12-28,SRE,3.25,13711000000.0,27.26,,0.733,47.74,,,,,,None,2311000000,2311000000,,,,,,None,376000000,2.555,0.0288,-0.882,0.19,1189000000,1565000000,0.92,2018-12-31,17.33,,5667000000.0,489000000,1085000000,172000000,,,None,230000000,None,,None,,,,,900000000,838000000,None,None,0.145,120000000,369000000,,,,,428000000,1.904,1.857,4.218,0.158,,2025-11-05,quarterly,1.11,USD,pre-market,0,,0.0185,0.0677,0.135,21.15,1046000000,,,,81.2,91.17,20.6522,,,,,,,2800000000,,27.26,,95.03,60.49
2025-12-28,SRE,3.25,13711000000.0,27.26,,0.733,47.74,,,,,,None,2040000000,2040000000,,,,,,None,366000000,2.555,0.0288,-0.882,0.19,567000000,933000000,0.92,2018-09-30,17.33,,5667000000.0,516000000,419000000,139000000,,,None,222000000,None,,None,,,,,310000000,260000000,None,None,0.145,131000000,385000000,,,,,119000000,1.904,1.857,4.218,0.158,,2025-11-05,quarterly,1.11,USD,pre-market,0,,0.0185,0.0677,0.135,21.15,950000000,,,,81.2,91.17,20.6522,,,,,,,2556000000,,27.26,,95.03,60.49
2025-12-28,SRE,3.25,13711000000.0,27.26,,0.733,47.74,,,,,,None,1694000000,1694000000,,,,,,None,377000000,2.555,0.0288,-0.882,0.19,-956000000,-579000000,0.92,2018-06-30,17.33,,5667000000.0,480000000,-1187000000,-602000000,,,None,227000000,None,,None,,,,,-535000000,-526000000,None,None,0.145,104000000,376000000,,,,,-33000000,1.904,1.857,4.218,0.158,,2025-11-05,quarterly,1.11,USD,pre-market,0,,0.0185,0.0677,0.135,21.15,887000000,,,,81.2,91.17,20.6522,,,,,,,2174000000,,27.26,,95.03,60.49
2025-12-28,SRE,3.25,13711000000.0,27.26,,0.733,47.74,,,,,,None,1804000000,1804000000,,,,,,None,372000000,2.555,0.0288,-0.882,0.19,801000000,1173000000,0.92,2018-03-31,17.33,,5667000000.0,741000000,572000000,242000000,,,None,208000000,None,,None,,,,,375000000,378000000,None,None,0.145,117000000,624000000,,,,,186000000,1.904,1.857,4.218,0.158,,2025-11-05,quarterly,1.11,USD,pre-market,0,,0.0185,0.0677,0.135,21.15,898000000,,,,81.2,91.17,20.6522,,,,,,,2545000000,,27.26,,95.03,60.49
2025-12-28,SRE,3.25,13711000000.0,27.26,,0.733,47.74,,,,,,None,2240000000,2240000000,,,,,,None,384000000,2.555,0.0288,-0.882,0.19,563000000,947000000,0.92,2017-12-31,17.33,,5667000000.0,750000000,447000000,898000000,,,None,166000000,None,,None,,,,,-501000000,-498000000,None,None,0.145,111000000,639000000,,,,,24000000,1.904,1.857,4.218,0.158,,2025-11-05,quarterly,1.11,USD,pre-market,0,,0.0185,0.0677,0.135,21.15,1021000000,,,,81.2,91.17,20.6522,,,,,,,2990000000,,27.26,,95.03,60.49
2025-12-28,SRE,3.25,13711000000.0,27.26,,0.733,47.74,,,,,,None,2156000000,2156000000,,,,,,None,378000000,2.555,0.0288,-0.882,0.19,180000000,558000000,0.92,2017-09-30,17.33,,5667000000.0,520000000,18000000,-84000000,,,None,165000000,None,,None,,,,,57000000,99000000,None,None,0.145,114000000,406000000,,,,,68000000,1.904,1.857,4.218,0.158,,2025-11-05,quarterly,1.11,USD,pre-market,0,,0.0185,0.0677,0.135,21.15,876000000,,,,81.2,91.17,20.6522,,,,,,,2676000000,,27.26,,95.03,60.49
2025-12-28,SRE,3.25,13711000000.0,27.26,,0.733,47.74,,,,,,None,1927000000,1927000000,,,,,,None,368000000,2.555,0.0288,-0.882,0.19,556000000,924000000,0.92,2017-06-30,17.33,,5667000000.0,603000000,415000000,167000000,,,None,159000000,None,,None,,,,,260000000,248000000,None,None,0.145,84000000,519000000,,,,,117000000,1.904,1.857,4.218,0.158,,2025-11-05,quarterly,1.11,USD,pre-market,0,,0.0185,0.0677,0.135,21.15,832000000,,,,81.2,91.17,20.6522,,,,,,,2530000000,,27.26,,95.03,60.49
2025-12-28,SRE,3.25,13711000000.0,27.26,,0.733,47.74,,,,,,None,2145000000,2145000000,,,,,,None,360000000,2.555,0.0288,-0.882,0.19,924000000,1284000000,0.92,2017-03-31,17.33,,5667000000.0,881000000,755000000,295000000,,,None,169000000,None,,None,,,,,441000000,460000000,None,None,0.145,110000000,771000000,,,,,170000000,1.904,1.857,4.218,0.158,,2025-11-05,quarterly,1.11,USD,pre-market,0,,0.0185,0.0677,0.135,21.15,824000000,,,,81.2,91.17,20.6522,,,,,,,3026000000,,27.26,,95.03,60.49
2025-12-28,SRE,3.25,13711000000.0,27.26,,0.733,47.74,,,,,,None,2204000000,2204000000,,,,,,None,342000000,2.555,0.0288,-0.882,0.19,631000000,973000000,0.92,2016-12-31,17.33,,5667000000.0,659000000,505000000,105000000,,,None,126000000,None,,None,,,,,379000000,434000000,None,None,0.145,111000000,548000000,,,,,55000000,1.904,1.857,4.218,0.158,,2025-11-05,quarterly,1.11,USD,pre-market,0,,0.0185,0.0677,0.135,21.15,950000000,,,,81.2,91.17,20.6522,,,,,,,2863000000,,27.26,,95.03,60.49
2025-12-28,SRE,3.25,13711000000.0,27.26,,0.733,47.74,,,,,,None,1852000000,1852000000,,,,,,None,328000000,2.555,0.0288,-0.882,0.19,1114000000,1442000000,0.92,2016-09-30,17.33,,5667000000.0,680000000,982000000,282000000,,,None,132000000,None,,None,,,,,622000000,700000000,None,None,0.145,107000000,573000000,,,,,812000000,1.904,1.857,4.218,0.158,,2025-11-05,quarterly,1.11,USD,pre-market,0,,0.0185,0.0677,0.135,21.15,811000000,,,,81.2,91.17,20.6522,,,,,,,2532000000,,27.26,,95.03,60.49
2025-12-28,SRE,3.25,13711000000.0,27.26,,0.733,47.74,,,,,,None,1759000000,1759000000,,,,,,None,314000000,2.555,0.0288,-0.882,0.19,8000000,322000000,0.92,2016-06-30,17.33,,5667000000.0,397000000,-80000000,-106000000,,,None,142000000,None,,None,,,,,16000000,-6000000,None,None,0.145,410000000,8000000,,,,,76000000,1.904,1.857,4.218,0.158,,2025-11-05,quarterly,1.11,USD,pre-market,0,,0.0185,0.0677,0.135,21.15,823000000,,,,81.2,91.17,20.6522,,,,,,,2156000000,,27.26,,95.03,60.49
2025-12-28,SRE,3.25,13711000000.0,27.26,,0.733,47.74,,,,,,None,1618000000,1618000000,,,,,,None,328000000,2.555,0.0288,-0.882,0.19,565000000,893000000,0.92,2016-03-31,17.33,,5667000000.0,1004000000,455000000,108000000,,,None,143000000,None,,None,,,,,353000000,313000000,None,None,0.145,439000000,565000000,,,,,50000000,1.904,1.857,4.218,0.158,,2025-11-05,quarterly,1.11,USD,pre-market,0,,0.0185,0.0677,0.135,21.15,812000000,,,,81.2,91.17,20.6522,,,,,,,2622000000,,27.26,,95.03,60.49
2025-12-28,SRE,3.25,13711000000.0,27.26,,0.733,47.74,,,,,,None,1788000000,1788000000,,,,,,None,325000000,2.555,0.0288,-0.882,0.19,510000000,835000000,0.92,2015-12-31,17.33,,5667000000.0,913000000,432000000,65000000,,,None,145000000,None,,None,,,,,369000000,367000000,None,None,0.145,434000000,495000000,,,,,98000000,1.904,1.857,4.218,0.158,,2025-11-05,quarterly,1.11,USD,pre-market,0,,0.0185,0.0677,0.135,21.15,953000000,,,,81.2,91.17,20.6522,,,,,,,2701000000,,27.26,,95.03,60.49
2025-12-28,SRE,3.25,13711000000.0,27.26,,0.733,47.74,,,,,,None,1693000000,1693000000,,,,,,None,315000000,2.555,0.0288,-0.882,0.19,363000000,678000000,0.92,2015-09-30,17.33,,5667000000.0,788000000,270000000,15000000,,,None,143000000,None,,None,,,,,248000000,255000000,None,None,0.145,426000000,678000000,,,,,78000000,1.904,1.857,4.218,0.158,,2025-11-05,quarterly,1.11,USD,pre-market,0,,0.0185,0.0677,0.135,21.15,812000000,,,,81.2,91.17,20.6522,,,,,,,2481000000,,27.26,,95.03,60.49
2025-12-28,SRE,3.25,13711000000.0,27.26,,0.733,47.74,,,,,,None,1565000000,1565000000,,,,,,None,307000000,2.555,0.0288,-0.882,0.19,393000000,700000000,0.92,2015-06-30,17.33,,5667000000.0,802000000,396000000,98000000,,,None,139000000,None,,None,,,,,295000000,298000000,None,None,0.145,403000000,700000000,,,,,158000000,1.904,1.857,4.218,0.158,,2025-11-05,quarterly,1.11,USD,pre-market,0,,0.0185,0.0677,0.135,21.15,809000000,,,,81.2,91.17,20.6522,,,,,,,2367000000,,27.26,,95.03,60.49
2025-12-28,SRE,3.25,13711000000.0,27.26,,0.733,47.74,,,,,,None,1618000000,1618000000,,,,,,None,303000000,2.555,0.0288,-0.882,0.19,654000000,957000000,0.92,2015-03-31,17.33,,5667000000.0,1064000000,606000000,163000000,,,None,134000000,None,,None,,,,,437000000,443000000,None,None,0.145,410000000,654000000,,,,,80000000,1.904,1.857,4.218,0.158,,2025-11-05,quarterly,1.11,USD,pre-market,0,,0.0185,0.0677,0.135,21.15,744000000,,,,81.2,91.17,20.6522,,,,,,,2682000000,,27.26,,95.03,60.49
2025-12-28,SRE,3.25,13711000000.0,27.26,,0.733,47.74,,,,,,None,1969000000,1969000000,,,,,,None,290000000,2.555,0.0288,-0.882,0.19,410000000,700000000,0.92,2014-12-31,17.33,,5667000000.0,778000000,314000000,9000000,,,None,136000000,None,,None,,,,,297000000,305000000,None,None,0.145,807000000,410000000,,,,,75000000,1.904,1.857,4.218,0.158,,2025-11-05,quarterly,1.11,USD,pre-market,0,,0.0185,0.0677,0.135,21.15,911000000,,,,81.2,91.17,20.6522,,,,,,,2747000000,,27.26,,95.03,60.49
2025-12-28,SRE,3.25,13711000000.0,27.26,,0.733,47.74,,,,,,None,1904000000,1904000000,,,,,,None,292000000,2.555,0.0288,-0.882,0.19,515000000,807000000,0.92,2014-09-30,17.33,,5667000000.0,911000000,447000000,71000000,,,None,144000000,None,,None,,,,,348000000,376000000,None,None,0.145,396000000,515000000,,,,,83000000,1.904,1.857,4.218,0.158,,2025-11-05,quarterly,1.11,USD,pre-market,0,,0.0185,0.0677,0.135,21.15,830000000,,,,81.2,91.17,20.6522,,,,,,,2815000000,,27.26,,95.03,60.49
2025-12-28,SRE,3.25,13711000000.0,27.26,,0.733,47.74,,,,,,None,1863000000,1863000000,,,,,,None,288000000,2.555,0.0288,-0.882,0.19,435000000,723000000,0.92,2014-06-30,17.33,,5667000000.0,815000000,376000000,93000000,,,None,138000000,None,,None,,,,,269000000,283000000,None,None,0.145,380000000,723000000,,,,,88000000,1.904,1.857,4.218,0.158,,2025-11-05,quarterly,1.11,USD,pre-market,0,,0.0185,0.0677,0.135,21.15,821000000,,,,81.2,91.17,20.6522,,,,,,,2678000000,,27.26,,95.03,60.49
2025-12-28,SRE,3.25,13711000000.0,27.26,,0.733,47.74,,,,,,None,1982000000,1982000000,,,,,,None,286000000,2.555,0.0288,-0.882,0.19,422000000,708000000,0.92,2014-03-31,17.33,,5667000000.0,813000000,387000000,127000000,,,None,136000000,None,,None,,,,,247000000,260000000,None,None,0.145,391000000,708000000,,,,,94000000,1.904,1.857,4.218,0.158,,2025-11-05,quarterly,1.11,USD,pre-market,0,,0.0185,0.0677,0.135,21.15,781000000,,,,81.2,91.17,20.6522,,,,,,,2795000000,,27.26,,95.03,60.49
2025-12-28,SRE,3.25,13711000000.0,27.26,,0.733,47.74,,,,,,None,1915000000,1915000000,,,,,,None,285000000,2.555,0.0288,-0.882,0.19,424000000,709000000,0.92,2013-12-31,17.33,,5667000000.0,790000000,348000000,39000000,,,None,146000000,None,,None,,,,,282000000,0,None,None,0.145,376000000,417000000,,,,,None,1.904,1.857,4.218,0.158,,2025-11-05,quarterly,1.11,USD,pre-market,0,,0.0185,0.0677,0.135,21.15,0,,,,81.2,91.17,20.6522,,,,,,,2705000000,,27.26,,95.03,60.49
2025-12-28,SRE,3.25,13711000000.0,27.26,,0.733,47.74,,,,,,None,1663000000,1663000000,,,,,,None,286000000,2.555,0.0288,-0.882,0.19,499000000,785000000,0.92,2013-09-30,17.33,,5667000000.0,888000000,432000000,117000000,,,None,137000000,None,,None,,,,,296000000,315000000,None,None,0.145,382000000,506000000,,,,,68000000,1.904,1.857,4.218,0.158,,2025-11-05,quarterly,1.11,USD,pre-market,0,,0.0185,0.0677,0.135,21.15,794000000,,,,81.2,91.17,20.6522,,,,,,,2551000000,,27.26,,95.03,60.49
2025-12-28,SRE,3.25,13711000000.0,27.26,,0.733,47.74,,,,,,None,1725000000,1725000000,,,,,,None,247000000,2.555,0.0288,-0.882,0.19,436000000,683000000,0.92,2013-06-30,17.33,,5667000000.0,926000000,298000000,32000000,,,None,138000000,None,,None,,,,,246000000,0,None,None,0.145,328000000,598000000,,,,,None,1.904,1.857,4.218,0.158,,2025-11-05,quarterly,1.11,USD,pre-market,0,,0.0185,0.0677,0.135,21.15,0,,,,81.2,91.17,20.6522,,,,,,,2651000000,,27.26,,95.03,60.49
2025-12-28,SRE,3.25,13711000000.0,27.26,,0.733,47.74,,,,,,None,1886000000,1886000000,,,,,,None,295000000,2.555,0.0288,-0.882,0.19,490000000,785000000,0.92,2013-03-31,17.33,,5667000000.0,764000000,354000000,178000000,,,None,138000000,None,,None,,,,,180000000,0,None,None,0.145,401000000,363000000,,,,,None,1.904,1.857,4.218,0.158,,2025-11-05,quarterly,1.11,USD,pre-market,0,,0.0185,0.0677,0.135,21.15,0,,,,81.2,91.17,20.6522,,,,,,,2650000000,,27.26,,95.03,60.49
2025-12-28,SRE,3.25,13711000000.0,27.26,,0.733,47.74,,,,,,None,4034000000,4034000000,,,,,,None,287000000,2.555,0.0288,-0.882,0.19,349000000,636000000,0.92,2012-12-31,17.33,,5667000000.0,-1366000000,309000000,11000000,,,None,141000000,None,,None,,,,,293000000,0,None,None,0.145,-1366000000,349000000,,,,,None,1.904,1.857,4.218,0.158,,2025-11-05,quarterly,1.11,USD,pre-market,0,,0.0185,0.0677,0.135,21.15,0,,,,81.2,91.17,20.6522,,,,,,,2668000000,,27.26,,95.03,60.49
2025-12-28,SRE,3.25,13711000000.0,27.26,,0.733,47.74,,,,,,None,1638000000,1638000000,,,,,,None,280000000,2.555,0.0288,-0.882,0.19,455000000,735000000,0.92,2012-09-30,17.33,,5667000000.0,869000000,337000000,49000000,,,None,126000000,None,,None,,,,,270000000,0,None,None,0.145,869000000,500000000,,,,,None,1.904,1.857,4.218,0.158,,2025-11-05,quarterly,1.11,USD,pre-market,0,,0.0185,0.0677,0.135,21.15,0,,,,81.2,91.17,20.6522,,,,,,,2507000000,,27.26,,95.03,60.49
2025-12-28,SRE,3.25,13711000000.0,27.26,,0.733,47.74,,,,,,None,1412000000,1412000000,,,,,,None,-266000000,2.555,0.0288,-0.882,0.19,593000000,327000000,0.92,2012-06-30,17.33,,5667000000.0,677000000,-52000000,-118000000,,,None,113000000,None,,None,,,,,63000000,0,None,None,0.145,670000000,325000000,,,,,None,1.904,1.857,4.218,0.158,,2025-11-05,quarterly,1.11,USD,pre-market,0,,0.0185,0.0677,0.135,21.15,0,,,,81.2,91.17,20.6522,,,,,,,2089000000,,27.26,,95.03,60.49
2025-12-28,SRE,3.25,13711000000.0,27.26,,0.733,47.74,,,,,,None,1652000000,1652000000,,,,,,None,257000000,2.555,0.0288,-0.882,0.19,470000000,727000000,0.92,2012-03-31,17.33,,5667000000.0,731000000,357000000,117000000,,,None,113000000,None,,None,,,,,238000000,0,None,None,0.145,731000000,378000000,,,,,None,1.904,1.857,4.218,0.158,,2025-11-05,quarterly,1.11,USD,pre-market,0,,0.0185,0.0677,0.135,21.15,0,,,,81.2,91.17,20.6522,,,,,,,2383000000,,27.26,,95.03,60.49
2025-12-28,SRE,3.25,13711000000.0,27.26,,0.733,47.74,,,,,,None,986000000,986000000,,,,,,None,248000000,2.555,0.0288,-0.882,0.19,526000000,774000000,0.92,2011-12-31,17.33,,5667000000.0,1618000000,405000000,97000000,,,None,121000000,None,,None,,,,,292000000,0,None,None,0.145,1147000000,471000000,,,,,None,1.904,1.857,4.218,0.158,,2025-11-05,quarterly,1.11,USD,pre-market,0,,0.0185,0.0677,0.135,21.15,0,,,,81.2,91.17,20.6522,,,,,,,2604000000,,27.26,,95.03,60.49
2025-12-28,SRE,3.25,13711000000.0,27.26,,0.733,47.74,,,,,,None,1050000000,1050000000,,,,,,None,251000000,2.555,0.0288,-0.882,0.19,506000000,757000000,0.92,2011-09-30,17.33,,5667000000.0,1526000000,388000000,75000000,,,None,118000000,None,,None,,,,,289000000,0,None,None,0.145,1009000000,500000000,,,,,None,1.904,1.857,4.218,0.158,,2025-11-05,quarterly,1.11,USD,pre-market,0,,0.0185,0.0677,0.135,21.15,0,,,,81.2,91.17,20.6522,,,,,,,2576000000,,27.26,,95.03,60.49
2025-12-28,SRE,3.25,13711000000.0,27.26,,0.733,47.74,,,,,,None,1044000000,1044000000,,,,,,None,248000000,2.555,0.0288,-0.882,0.19,704000000,952000000,0.92,2011-06-30,17.33,,5667000000.0,1378000000,586000000,92000000,,,None,118000000,None,,None,,,,,503000000,0,None,None,0.145,995000000,377000000,,,,,None,1.904,1.857,4.218,0.158,,2025-11-05,quarterly,1.11,USD,pre-market,0,,0.0185,0.0677,0.135,21.15,0,,,,81.2,91.17,20.6522,,,,,,,2422000000,,27.26,,95.03,60.49
2025-12-28,SRE,3.25,13711000000.0,27.26,,0.733,47.74,,,,,,None,1066000000,1066000000,,,,,,None,231000000,2.555,0.0288,-0.882,0.19,450000000,681000000,0.92,2011-03-31,17.33,,5667000000.0,1368000000,342000000,-109000000,,,None,108000000,None,,None,,,,,254000000,0,None,None,0.145,958000000,404000000,,,,,None,1.904,1.857,4.218,0.158,,2025-11-05,quarterly,1.11,USD,pre-market,0,,0.0185,0.0677,0.135,21.15,0,,,,81.2,91.17,20.6522,,,,,,,2434000000,,27.26,,95.03,60.49
2025-12-28,SRE,3.25,13711000000.0,27.26,,0.733,47.74,,,,,,None,946000000,946000000,,,,,,None,224000000,2.555,0.0288,-0.882,0.19,424000000,648000000,0.92,2010-12-31,17.33,,5667000000.0,1399000000,311000000,17000000,,,None,113000000,None,,None,,,,,280000000,0,None,None,0.145,1025000000,374000000,,,,,None,1.904,1.857,4.218,0.158,,2025-11-05,quarterly,1.11,USD,pre-market,0,,0.0185,0.0677,0.135,21.15,168000000,,,,81.2,91.17,20.6522,,,,,,,2345000000,,27.26,,95.03,60.49
2025-12-28,SRE,3.25,13711000000.0,27.26,,0.733,47.74,,,,,,None,803000000,803000000,,,,,,None,218000000,2.555,0.0288,-0.882,0.19,210000000,428000000,0.92,2010-09-30,17.33,,5667000000.0,1313000000,99000000,-32000000,,,None,111000000,None,,None,,,,,131000000,0,None,None,0.145,884000000,429000000,,,,,None,1.904,1.857,4.218,0.158,,2025-11-05,quarterly,1.11,USD,pre-market,0,,0.0185,0.0677,0.135,21.15,0,,,,81.2,91.17,20.6522,,,,,,,2116000000,,27.26,,95.03,60.49
2025-12-28,SRE,3.25,13711000000.0,27.26,,0.733,47.74,,,,,,None,765000000,765000000,,,,,,None,215000000,2.555,0.0288,-0.882,0.19,340000000,555000000,0.92,2010-06-30,17.33,,5667000000.0,1243000000,237000000,-59000000,,,None,103000000,None,,None,,,,,222000000,0,None,None,0.145,908000000,335000000,,,,,None,1.904,1.857,4.218,0.158,,2025-11-05,quarterly,1.11,USD,pre-market,0,,0.0185,0.0677,0.135,21.15,0,,,,81.2,91.17,20.6522,,,,,,,2008000000,,27.26,,95.03,60.49
2025-12-28,SRE,3.25,13711000000.0,27.26,,0.733,47.74,,,,,,None,1269000000,1269000000,,,,,,None,210000000,2.555,0.0288,-0.882,0.19,248000000,458000000,0.92,2010-03-31,17.33,,5667000000.0,1265000000,139000000,-58000000,,,None,109000000,None,,None,,,,,106000000,0,None,None,0.145,1265000000,389000000,,,,,None,1.904,1.857,4.218,0.158,,2025-11-05,quarterly,1.11,USD,pre-market,0,,0.0185,0.0677,0.135,21.15,168000000,,,,81.2,91.17,20.6522,,,,,,,2534000000,,27.26,,95.03,60.49
2025-12-28,SRE,3.25,13711000000.0,27.26,,0.733,47.74,,,,,,None,1026000000,1026000000,,,,,,None,207000000,2.555,0.0288,-0.882,0.19,502000000,709000000,0.92,2009-12-31,17.33,,5667000000.0,1430000000,392000000,95000000,,,None,110000000,None,,None,,,,,288000000,0,None,None,0.145,1073000000,357000000,,,,,None,1.904,1.857,4.218,0.158,,2025-11-05,quarterly,1.11,USD,pre-market,0,,0.0185,0.0677,0.135,21.15,0,,,,81.2,91.17,20.6522,,,,,,,2456000000,,27.26,,95.03,60.49
2025-12-28,SRE,3.25,13711000000.0,27.26,,0.733,47.74,,,,,,None,655000000,655000000,,,,,,None,196000000,2.555,0.0288,-0.882,0.19,506000000,702000000,0.92,2009-09-30,17.33,,5667000000.0,1198000000,410000000,-128000000,,,None,96000000,None,,None,,,,,317000000,0,None,None,0.145,844000000,354000000,,,,,None,1.904,1.857,4.218,0.158,,2025-11-05,quarterly,1.11,USD,pre-market,0,,0.0185,0.0677,0.135,21.15,0,,,,81.2,91.17,20.6522,,,,,,,1853000000,,27.26,,95.03,60.49
2025-12-28,SRE,3.25,13711000000.0,27.26,,0.733,47.74,,,,,,None,581000000,581000000,,,,,,None,189000000,2.555,0.0288,-0.882,0.19,335000000,524000000,0.92,2009-06-30,17.33,,5667000000.0,1108000000,256000000,-90000000,,,None,79000000,None,,None,,,,,198000000,0,None,None,0.145,847000000,268000000,,,,,None,1.904,1.857,4.218,0.158,,2025-11-05,quarterly,1.11,USD,pre-market,0,,0.0185,0.0677,0.135,21.15,0,,,,81.2,91.17,20.6522,,,,,,,1689000000,,27.26,,95.03,60.49
2025-12-28,SRE,3.25,13711000000.0,27.26,,0.733,47.74,,,,,,None,996000000,996000000,,,,,,None,183000000,2.555,0.0288,-0.882,0.19,500000000,683000000,0.92,2009-03-31,17.33,,5667000000.0,1112000000,418000000,109000000,,,None,82000000,None,,None,,,,,316000000,0,None,None,0.145,781000000,331000000,,,,,None,1.904,1.857,4.218,0.158,,2025-11-05,quarterly,1.11,USD,pre-market,0,,0.0185,0.0677,0.135,21.15,0,,,,81.2,91.17,20.6522,,,,,,,2108000000,,27.26,,95.03,60.49
2025-12-28,SRE,3.25,13711000000.0,27.26,,0.733,47.74,,,,,,None,1242000000,1242000000,,,,,,None,179000000,2.555,0.0288,-0.882,0.19,826000000,1005000000,0.92,2008-12-31,17.33,,5667000000.0,1051000000,344000000,15000000,,,None,197000000,None,,None,,,,,319000000,0,None,None,0.145,813000000,238000000,,,,,None,1.904,1.857,4.218,0.158,,2025-11-05,quarterly,1.11,USD,pre-market,0,,0.0185,0.0677,0.135,21.15,0,,,,81.2,91.17,20.6522,,,,,,,2293000000,,27.26,,95.03,60.49
2025-12-28,SRE,3.25,13711000000.0,27.26,,0.733,47.74,,,,,,None,1431000000,1431000000,,,,,,None,162000000,2.555,0.0288,-0.882,0.19,445000000,607000000,0.92,2008-09-30,17.33,,5667000000.0,1261000000,378000000,94000000,,,None,67000000,None,,None,,,,,308000000,0,None,None,0.145,802000000,444000000,,,,,None,1.904,1.857,4.218,0.158,,2025-11-05,quarterly,1.11,USD,pre-market,0,,0.0185,0.0677,0.135,21.15,0,,,,81.2,91.17,20.6522,,,,,,,2692000000,,27.26,,95.03,60.49
2025-12-28,SRE,3.25,13711000000.0,27.26,,0.733,47.74,,,,,,None,1517000000,1517000000,,,,,,None,171000000,2.555,0.0288,-0.882,0.19,-121000000,50000000,0.92,2008-06-30,17.33,,5667000000.0,986000000,446000000,184000000,,,None,38000000,None,,None,,,,,244000000,0,None,None,0.145,808000000,178000000,,,,,None,1.904,1.857,4.218,0.158,,2025-11-05,quarterly,1.11,USD,pre-market,0,,0.0185,0.0677,0.135,21.15,0,,,,81.2,91.17,20.6522,,,,,,,2503000000,,27.26,,95.03,60.49
2025-12-28,SRE,3.25,13711000000.0,27.26,,0.733,47.74,,,,,,None,1807000000,1807000000,,,,,,None,175000000,2.555,0.0288,-0.882,0.19,410000000,585000000,0.92,2008-03-31,17.33,,5667000000.0,1463000000,369000000,127000000,,,None,60000000,None,,None,,,,,242000000,0,None,None,0.145,1092000000,371000000,,,,,None,1.904,1.857,4.218,0.158,,2025-11-05,quarterly,1.11,USD,pre-market,0,,0.0185,0.0677,0.135,21.15,0,,,,81.2,91.17,20.6522,,,,,,,3270000000,,27.26,,95.03,60.49
2025-12-28,SRE,3.25,13711000000.0,27.26,,0.733,47.74,,,,,,None,-21000000,-21000000,,,,,,None,172000000,2.555,0.0288,-0.882,0.19,493000000,665000000,0.92,2007-12-31,17.33,,5667000000.0,3131000000,471000000,183000000,,,None,247000000,None,,None,,,,,289000000,0,None,None,0.145,2638000000,493000000,,,,,None,1.904,1.857,4.218,0.158,,2025-11-05,quarterly,1.11,USD,pre-market,0,,0.0185,0.0677,0.135,21.15,0,,,,81.2,91.17,20.6522,,,,,,,3110000000,,27.26,,95.03,60.49
2025-12-28,SRE,3.25,13711000000.0,27.26,,0.733,47.74,,,,,,None,904000000,904000000,,,,,,None,174000000,2.555,0.0288,-0.882,0.19,499000000,673000000,0.92,2007-09-30,17.33,,5667000000.0,1759000000,465000000,135000000,,,None,68000000,None,,None,,,,,305000000,0,None,None,0.145,1260000000,499000000,,,,,None,1.904,1.857,4.218,0.158,,2025-11-05,quarterly,1.11,USD,pre-market,0,,0.0185,0.0677,0.135,21.15,0,,,,81.2,91.17,20.6522,,,,,,,2663000000,,27.26,,95.03,60.49
2025-12-28,SRE,3.25,13711000000.0,27.26,,0.733,47.74,,,,,,None,1044000000,1044000000,,,,,,None,171000000,2.555,0.0288,-0.882,0.19,414000000,585000000,0.92,2007-06-30,17.33,,5667000000.0,1617000000,423000000,143000000,,,None,69000000,None,,None,,,,,277000000,0,None,None,0.145,1203000000,414000000,,,,,None,1.904,1.857,4.218,0.158,,2025-11-05,quarterly,1.11,USD,pre-market,0,,0.0185,0.0677,0.135,21.15,0,,,,81.2,91.17,20.6522,,,,,,,2661000000,,27.26,,95.03,60.49
2025-12-28,SRE,3.25,13711000000.0,27.26,,0.733,47.74,,,,,,None,485000000,485000000,,,,,,None,169000000,2.555,0.0288,-0.882,0.19,267000000,436000000,0.92,2007-03-31,17.33,,5667000000.0,2519000000,290000000,63000000,,,None,70000000,None,,None,,,,,228000000,0,None,None,0.145,2519000000,267000000,,,,,None,1.904,1.857,4.218,0.158,,2025-11-05,quarterly,1.11,USD,pre-market,0,,0.0185,0.0677,0.135,21.15,0,,,,81.2,91.17,20.6522,,,,,,,3004000000,,27.26,,95.03,60.49
2025-12-28,SRE,3.25,13711000000.0,27.26,,0.733,47.74,,,,,,None,834000000,834000000,,,,,,None,166000000,2.555,0.0288,-0.882,0.19,568000000,734000000,0.92,2006-12-31,17.33,,5667000000.0,2411000000,309000000,180000000,,,None,78000000,None,,None,,,,,125000000,0,None,None,0.145,1843000000,568000000,,,,,None,1.904,1.857,4.218,0.158,,2025-11-05,quarterly,1.11,USD,pre-market,0,,0.0185,0.0677,0.135,21.15,0,,,,81.2,91.17,20.6522,,,,,,,3245000000,,27.26,,95.03,60.49
2025-12-28,SRE,3.25,13711000000.0,27.26,,0.733,47.74,,,,,,None,615000000,615000000,,,,,,None,163000000,2.555,0.0288,-0.882,0.19,464000000,627000000,0.92,2006-09-30,17.33,,5667000000.0,2079000000,800000000,257000000,,,None,90000000,None,,None,,,,,653000000,0,None,None,0.145,1615000000,464000000,,,,,None,1.904,1.857,4.218,0.158,,2025-11-05,quarterly,1.11,USD,pre-market,0,,0.0185,0.0677,0.135,21.15,0,,,,81.2,91.17,20.6522,,,,,,,2694000000,,27.26,,95.03,60.49
2025-12-28,SRE,3.25,13711000000.0,27.26,,0.733,47.74,,,,,,None,688000000,688000000,,,,,,None,171000000,2.555,0.0288,-0.882,0.19,337000000,508000000,0.92,2006-06-30,17.33,,5667000000.0,1798000000,281000000,96000000,,,None,87000000,None,,None,,,,,373000000,0,None,None,0.145,1798000000,337000000,,,,,None,1.904,1.857,4.218,0.158,,2025-11-05,quarterly,1.11,USD,pre-market,0,,0.0185,0.0677,0.135,21.15,0,,,,81.2,91.17,20.6522,,,,,,,2486000000,,27.26,,95.03,60.49
2025-12-28,SRE,3.25,13711000000.0,27.26,,0.733,47.74,,,,,,None,1340000000,1340000000,,,,,,None,157000000,2.555,0.0288,-0.882,0.19,412000000,569000000,0.92,2006-03-31,17.33,,5667000000.0,2009000000,342000000,108000000,,,None,96000000,None,,None,,,,,255000000,0,None,None,0.145,1593000000,412000000,,,,,None,1.904,1.857,4.218,0.158,,2025-11-05,quarterly,1.11,USD,pre-market,0,,0.0185,0.0677,0.135,21.15,0,,,,81.2,91.17,20.6522,,,,,,,3349000000,,27.26,,95.03,60.49
2025-12-28,SRE,3.25,13711000000.0,27.26,,0.733,47.74,,,,,,None,1359000000,1359000000,,,,,,None,165000000,2.555,0.0288,-0.882,0.19,513000000,678000000,0.92,2005-12-31,17.33,,5667000000.0,2688000000,419000000,58000000,,,None,83000000,None,,None,,,,,355000000,0,None,None,0.145,2175000000,513000000,,,,,None,1.904,1.857,4.218,0.158,,2025-11-05,quarterly,1.11,USD,pre-market,0,,0.0185,0.0677,0.135,21.15,0,,,,81.2,91.17,20.6522,,,,,,,4047000000,,27.26,,95.03,60.49
2025-12-28,SRE,3.25,13711000000.0,27.26,,0.733,47.74,,,,,,None,693000000,693000000,,,,,,None,152000000,2.555,0.0288,-0.882,0.19,67000000,219000000,0.92,2005-09-30,17.33,,5667000000.0,2033000000,153000000,-63000000,,,None,83000000,None,,None,,,,,221000000,0,None,None,0.145,2017000000,67000000,,,,,None,1.904,1.857,4.218,0.158,,2025-11-05,quarterly,1.11,USD,pre-market,0,,0.0185,0.0677,0.135,21.15,0,,,,81.2,91.17,20.6522,,,,,,,2726000000,,27.26,,95.03,60.49
2025-12-28,SRE,3.25,13711000000.0,27.26,,0.733,47.74,,,,,,None,9433000000,9433000000,,,,,,None,2437000000,2.555,0.0288,-0.882,0.19,3413000000,5850000000,0.92,2024-12-31,17.33,,5667000000.0,3524000000,3719000000,219000000,,,None,1303000000,136000000,,None,,,,,2862000000,3500000000,-913000000,None,0.145,693000000,2831000000,,,,,None,1.904,1.857,4.218,0.158,,2025-11-05,annual,1.11,USD,pre-market,None,,0.0185,0.0677,0.135,21.15,None,,,,81.2,91.17,20.6522,,,,,,,12957000000,,27.26,,95.03,60.49
2025-12-28,SRE,3.25,13711000000.0,27.26,,0.733,47.74,,,,,,None,12055000000,12055000000,,,,,,None,2227000000,2.555,0.0288,-0.882,0.19,3889000000,6116000000,0.92,2023-12-31,17.33,,5667000000.0,3747000000,4108000000,490000000,,,None,1262000000,147000000,,None,,,,,3075000000,3170000000,-1106000000,None,0.145,677000000,3070000000,,,,,None,1.904,1.857,4.218,0.158,,2025-11-05,annual,1.11,USD,pre-market,None,,0.0185,0.0677,0.135,21.15,None,,,,81.2,91.17,20.6522,,,,,,,15802000000,,27.26,,95.03,60.49
2025-12-28,SRE,3.25,13711000000.0,27.26,,0.733,47.74,,,,,,None,11393000000,11393000000,,,,,,None,2019000000,2.555,0.0288,-0.882,0.19,2398000000,4417000000,0.92,2022-12-31,17.33,,5667000000.0,4161000000,2841000000,556000000,,,None,1055000000,1034000000,,None,,,,,2139000000,2285000000,-953000000,None,0.145,635000000,3526000000,,,,,None,1.904,1.857,4.218,0.158,,2025-11-05,annual,1.11,USD,pre-market,None,,0.0185,0.0677,0.135,21.15,None,,,,81.2,91.17,20.6522,,,,,,,15554000000,,27.26,,95.03,60.49
2025-12-28,SRE,3.25,13711000000.0,27.26,,0.733,47.74,,,,,,None,9417000000,9417000000,,,,,,None,1855000000,2.555,0.0288,-0.882,0.19,1405000000,3260000000,0.92,2021-12-31,17.33,,5667000000.0,3644000000,1562000000,99000000,,,None,1186000000,1125000000,,None,,,,,1318000000,1463000000,-1123000000,None,0.145,596000000,3048000000,,,,,163000000,1.904,1.857,4.218,0.158,,2025-11-05,annual,1.11,USD,pre-market,None,,0.0185,0.0677,0.135,21.15,4934000000,,,,81.2,91.17,20.6522,,,,,,,13061000000,,27.26,,95.03,60.49
2025-12-28,SRE,3.25,13711000000.0,27.26,,0.733,47.74,,,,,,None,8075000000,8075000000,,,,,,None,1666000000,2.555,0.0288,-0.882,0.19,2560000000,4226000000,0.92,2020-12-31,17.33,,5667000000.0,3278000000,2504000000,249000000,,,None,1071000000,110000000,,None,,,,,3933000000,2255000000,-971000000,None,0.145,543000000,2735000000,,,,,45000000,1.904,1.857,4.218,0.158,,2025-11-05,annual,1.11,USD,pre-market,None,,0.0185,0.0677,0.135,21.15,4483000000,,,,81.2,91.17,20.6522,,,,,,,11353000000,,27.26,,95.03,60.49
2025-12-28,SRE,3.25,13711000000.0,27.26,,0.733,47.74,,,,,,None,7569000000,7569000000,,,,,,None,1569000000,2.555,0.0288,-0.882,0.19,2808000000,4377000000,0.92,2019-12-31,17.33,,5667000000.0,3241000000,2314000000,315000000,,,None,1074000000,101000000,,None,,,,,2198000000,1999000000,-976000000,None,0.145,496000000,2745000000,,,,,227000000,1.904,1.857,4.218,0.158,,2025-11-05,annual,1.11,USD,pre-market,None,,0.0185,0.0677,0.135,21.15,3962000000,,,,81.2,91.17,20.6522,,,,,,,10810000000,,27.26,,95.03,60.49
2025-12-28,SRE,3.25,13711000000.0,27.26,,0.733,47.74,,,,,,None,7848000000,7848000000,,,,,,None,1491000000,2.555,0.0288,-0.882,0.19,1600000000,3091000000,0.92,2018-12-31,17.33,,5667000000.0,2229000000,889000000,-49000000,,,None,886000000,106000000,,None,,,,,1050000000,950000000,-819000000,None,0.145,472000000,1757000000,,,,,700000000,1.904,1.857,4.218,0.158,,2025-11-05,annual,1.11,USD,pre-market,None,,0.0185,0.0677,0.135,21.15,3781000000,,,,81.2,91.17,20.6522,,,,,,,10077000000,,27.26,,95.03,60.49
2025-12-28,SRE,3.25,13711000000.0,27.26,,0.733,47.74,,,,,,None,8472000000,8472000000,,,,,,None,1490000000,2.555,0.0288,-0.882,0.19,2206000000,3696000000,0.92,2017-12-31,17.33,,5667000000.0,2726000000,1627000000,1276000000,,,None,655000000,49000000,,None,,,,,257000000,309000000,-610000000,None,0.145,436000000,2290000000,,,,,379000000,1.904,1.857,4.218,0.158,,2025-11-05,annual,1.11,USD,pre-market,0,,0.0185,0.0677,0.135,21.15,3553000000,,,,81.2,91.17,20.6522,,,,,,,11198000000,,27.26,,95.03,60.49
2025-12-28,SRE,3.25,13711000000.0,27.26,,0.733,47.74,,,,,,None,8080000000,8080000000,,,,,,None,1312000000,2.555,0.0288,-0.882,0.19,2369000000,3681000000,0.92,2016-12-31,17.33,,5667000000.0,2115000000,1908000000,389000000,,,None,539000000,30000000,,None,,,,,1371000000,1441000000,-523000000,None,0.145,426000000,1689000000,,,,,993000000,1.904,1.857,4.218,0.158,,2025-11-05,annual,1.11,USD,pre-market,0,,0.0185,0.0677,0.135,21.15,3396000000,,,,81.2,91.17,20.6522,,,,,,,10195000000,,27.26,,95.03,60.49
2025-12-28,SRE,3.25,13711000000.0,27.26,,0.733,47.74,,,,,,None,7665000000,7665000000,,,,,,None,1250000000,2.555,0.0288,-0.882,0.19,2253000000,3503000000,0.92,2015-12-31,17.33,,5667000000.0,2510000000,1789000000,341000000,,,None,549000000,256000000,,None,,,,,1350000000,1363000000,None,None,0.145,423000000,2087000000,,,,,414000000,1.904,1.857,4.218,0.158,,2025-11-05,annual,1.11,USD,pre-market,0,,0.0185,0.0677,0.135,21.15,3318000000,,,,81.2,91.17,20.6522,,,,,,,10175000000,,27.26,,95.03,60.49
2025-12-28,SRE,3.25,13711000000.0,27.26,,0.733,47.74,,,,,,None,8834000000,8834000000,,,,,,None,1156000000,2.555,0.0288,-0.882,0.19,2065000000,3221000000,0.92,2014-12-31,17.33,,5667000000.0,2176000000,1562000000,300000000,,,None,541000000,None,,None,,,,,1162000000,1224000000,None,None,0.145,408000000,1768000000,,,,,340000000,1.904,1.857,4.218,0.158,,2025-11-05,annual,1.11,USD,pre-market,0,,0.0185,0.0677,0.135,21.15,3343000000,,,,81.2,91.17,20.6522,,,,,,,11010000000,,27.26,,95.03,60.49
2025-12-28,SRE,3.25,13711000000.0,27.26,,0.733,47.74,,,,,,None,8354000000,8354000000,,,,,,None,1113000000,2.555,0.0288,-0.882,0.19,1986000000,3099000000,0.92,2013-12-31,17.33,,5667000000.0,2204000000,1454000000,366000000,,,None,556000000,None,,None,,,,,1006000000,1064000000,None,None,0.145,374000000,1830000000,,,,,329000000,1.904,1.857,4.218,0.158,,2025-11-05,annual,1.11,USD,pre-market,0,,0.0185,0.0677,0.135,21.15,3369000000,,,,81.2,91.17,20.6522,,,,,,,10558000000,,27.26,,95.03,60.49
2025-12-28,SRE,3.25,13711000000.0,27.26,,0.733,47.74,,,,,,None,7771000000,7771000000,,,,,,None,1090000000,2.555,0.0288,-0.882,0.19,1433000000,2523000000,0.92,2012-12-31,17.33,,5667000000.0,1869000000,979000000,59000000,,,None,490000000,None,,None,,,,,865000000,None,None,None,0.145,359000000,1510000000,,,,,None,1.904,1.857,4.218,0.158,,2025-11-05,annual,1.11,USD,pre-market,0,,0.0185,0.0677,0.135,21.15,0,,,,81.2,91.17,20.6522,,,,,,,9640000000,,27.26,,95.03,60.49
2025-12-28,SRE,3.25,13711000000.0,27.26,,0.733,47.74,,,,,,None,7898000000,7898000000,,,,,,None,978000000,2.555,0.0288,-0.882,0.19,2187000000,3165000000,0.92,2011-12-31,17.33,,5667000000.0,2108000000,1773000000,366000000,,,None,466000000,None,,None,,,,,1365000000,None,None,None,0.145,343000000,1765000000,,,,,None,1.904,1.857,4.218,0.158,,2025-11-05,annual,1.11,USD,pre-market,None,,0.0185,0.0677,0.135,21.15,None,,,,81.2,91.17,20.6522,,,,,,,10006000000,,27.26,,95.03,60.49
2025-12-28,SRE,3.25,13711000000.0,27.26,,0.733,47.74,,,,,,None,7007000000,7007000000,,,,,,None,867000000,2.555,0.0288,-0.882,0.19,1220000000,2087000000,0.92,2010-12-31,17.33,,5667000000.0,1949000000,835000000,102000000,,,None,434000000,None,,None,,,,,749000000,None,None,None,0.145,327000000,1622000000,,,,,None,1.904,1.857,4.218,0.158,,2025-11-05,annual,1.11,USD,pre-market,0,,0.0185,0.0677,0.135,21.15,0,,,,81.2,91.17,20.6522,,,,,,,8956000000,,27.26,,95.03,60.49
2025-12-28,SRE,3.25,13711000000.0,27.26,,0.733,47.74,,,,,,None,6390000000,6390000000,,,,,,None,775000000,2.555,0.0288,-0.882,0.19,1860000000,2635000000,0.92,2009-12-31,17.33,,5667000000.0,1647000000,1544000000,422000000,,,None,384000000,None,,None,,,,,1129000000,None,None,None,0.145,296000000,1351000000,,,,,None,1.904,1.857,4.218,0.158,,2025-11-05,annual,1.11,USD,pre-market,0,,0.0185,0.0677,0.135,21.15,0,,,,81.2,91.17,20.6522,,,,,,,8037000000,,27.26,,95.03,60.49
2025-12-28,SRE,3.25,13711000000.0,27.26,,0.733,47.74,,,,,,None,9220000000,9220000000,,,,,,None,687000000,2.555,0.0288,-0.882,0.19,1751000000,2438000000,0.92,2008-12-31,17.33,,5667000000.0,1550000000,1561000000,438000000,,,None,253000000,None,,None,,,,,1113000000,None,None,None,0.145,312000000,1238000000,,,,,None,1.904,1.857,4.218,0.158,,2025-11-05,annual,1.11,USD,pre-market,None,,0.0185,0.0677,0.135,21.15,None,,,,81.2,91.17,20.6522,,,,,,,10770000000,,27.26,,95.03,60.49
2025-12-28,SRE,3.25,13711000000.0,27.26,,0.733,47.74,,,,,,None,9392000000,9392000000,,,,,,None,686000000,2.555,0.0288,-0.882,0.19,1832000000,2518000000,0.92,2007-12-31,17.33,,5667000000.0,1822000000,1659000000,524000000,,,None,272000000,None,,None,,,,,1123000000,None,None,None,0.145,295000000,1527000000,,,,,None,1.904,1.857,4.218,0.158,,2025-11-05,annual,1.11,USD,pre-market,None,,0.0185,0.0677,0.135,21.15,73000000,,,,81.2,91.17,20.6522,,,,,,,11214000000,,27.26,,95.03,60.49
2025-12-28,SRE,3.25,13711000000.0,27.26,,0.733,47.74,,,,,,None,9637000000,9637000000,,,,,,None,657000000,2.555,0.0288,-0.882,0.19,2275000000,2932000000,0.92,2006-12-31,17.33,,5667000000.0,1859000000,1742000000,641000000,,,None,351000000,None,,None,,,,,1064000000,None,None,None,0.145,275000000,1584000000,,,,,None,1.904,1.857,4.218,0.158,,2025-11-05,annual,1.11,USD,pre-market,None,,0.0185,0.0677,0.135,21.15,56000000,,,,81.2,91.17,20.6522,,,,,,,11496000000,,27.26,,95.03,60.49
2025-12-28,SRE,3.25,13711000000.0,27.26,,0.733,47.74,,,,,,None,7070000000,7070000000,,,,,,None,626000000,2.555,0.0288,-0.882,0.19,1202000000,1828000000,0.92,2005-12-31,17.33,,5667000000.0,4442000000,947000000,34000000,,,None,310000000,None,,None,,,,,913000000,None,None,None,0.145,3380000000,1062000000,,,,,None,1.904,1.857,4.218,0.158,,2025-11-05,annual,1.11,USD,pre-market,None,,0.0185,0.0677,0.135,21.15,None,,,,81.2,91.17,20.6522,,,,,,,11512000000,,27.26,,95.03,60.49
2025-12-28,SRE,3.25,13711000000.0,27.26,None,0.733,47.74,None,126000000,126000000,14203000000,652948000,None,7070000000,7070000000,1301000000,None,3708000000,1688000000,None,None,626000000,2.555,0.0288,-0.882,0.19,1202000000,1828000000,0.92,2025-09-30,17.33,1602000000,5667000000.0,4442000000,947000000,34000000,273000000,273000000,None,310000000,None,565000000,None,None,28985000000,None,18329000000,913000000,None,None,None,0.145,3380000000,1062000000,29466000000,14075000000,None,3687000000,None,1.904,1.857,4.218,0.158,49570000000,2025-11-05,quarterly,1.11,USD,pre-market,None,17161000000,0.0185,0.0677,0.135,21.15,None,33593000000,4608000000,None,81.2,91.17,20.6522,106919000000,31726000000,19988000000,66700000000,75193000000,46712000000,11512000000,31172000000,27.26,None,95.03,60.49
2025-12-28,SRE,3.25,13711000000.0,27.26,None,0.733,47.74,None,155000000,155000000,13518000000,653224000,None,7070000000,7070000000,2026000000,None,3654000000,2196000000,None,None,626000000,2.555,0.0288,-0.882,0.19,1202000000,1828000000,0.92,2025-06-30,17.33,1602000000,5667000000.0,4442000000,947000000,34000000,279000000,279000000,None,310000000,None,625000000,None,None,34936000000,None,20121000000,913000000,None,None,None,0.145,3380000000,1062000000,1193000000,2927000000,None,3631000000,None,1.904,1.857,4.218,0.158,65954000000,2025-11-05,quarterly,1.11,USD,pre-market,None,17505000000,0.0185,0.0677,0.135,21.15,None,38590000000,3654000000,None,81.2,91.17,20.6522,99907000000,4169000000,8607000000,61611000000,95738000000,53004000000,11512000000,31717000000,27.26,None,95.03,60.49
2025-12-28,SRE,3.25,13711000000.0,27.26,None,0.733,47.74,None,1739000000,1739000000,13484000000,653018000,None,7070000000,7070000000,1976000000,None,4444000000,2620000000,None,None,626000000,2.555,0.0288,-0.882,0.19,1202000000,1828000000,0.92,2025-03-31,17.33,1602000000,5667000000.0,4442000000,947000000,34000000,286000000,286000000,None,310000000,None,568000000,None,None,33286000000,None,19495000000,913000000,None,None,None,0.145,3380000000,1062000000,738000000,3514000000,None,3459000000,None,1.904,1.857,4.218,0.158,64218000000,2025-11-05,quarterly,1.11,USD,pre-market,None,17465000000,0.0185,0.0677,0.135,21.15,None,37730000000,4444000000,None,81.2,91.17,20.6522,99010000000,5665000000,9934000000,60808000000,93345000000,50874000000,11512000000,31663000000,27.26,None,95.03,60.49
2025-12-28,SRE,3.25,13711000000.0,27.26,None,0.733,47.74,None,1565000000,1565000000,13520000000,641395000,None,7070000000,7070000000,2238000000,None,4290000000,2483000000,None,None,626000000,2.555,0.0288,-0.882,0.19,1202000000,1828000000,0.92,2024-12-31,17.33,1602000000,5667000000.0,4442000000,947000000,34000000,292000000,292000000,None,310000000,None,559000000,None,None,31558000000,None,19071000000,913000000,None,None,None,0.145,3380000000,1062000000,678000000,3148000000,None,3214000000,None,1.904,1.857,4.218,0.158,62614000000,2025-11-05,quarterly,1.11,USD,pre-market,None,16979000000,0.0185,0.0677,0.135,21.15,None,35848000000,4290000000,-352000000,81.2,91.17,20.6522,96155000000,5285000000,9676000000,58367000000,90870000000,48691000000,11512000000,31242000000,27.26,None,95.03,60.49
2025-12-28,SRE,3.25,13711000000.0,27.26,None,0.733,47.74,None,560000000,560000000,12292000000,638061000,None,7070000000,7070000000,1966000000,None,3399000000,2304000000,None,None,626000000,2.555,0.0288,-0.882,0.19,1202000000,1828000000,0.92,2024-09-30,17.33,1602000000,5667000000.0,4442000000,947000000,34000000,299000000,299000000,None,310000000,None,519000000,None,None,30964000000,None,18746000000,913000000,None,None,None,0.145,3380000000,1062000000,1694000000,4478000000,None,495000000,None,1.904,1.857,4.218,0.158,60163000000,2025-11-05,quarterly,1.11,USD,pre-market,None,16707000000,0.0185,0.0677,0.135,21.15,None,34363000000,3399000000,-160000000,81.2,91.17,20.6522,93748000000,5099000000,9843000000,57868000000,88649000000,48025000000,11512000000,29723000000,27.26,None,95.03,60.49
2025-12-28,SRE,3.25,13711000000.0,27.26,None,0.733,47.74,None,228000000,228000000,12250000000,636279000,None,7070000000,7070000000,1753000000,None,3908000000,2095000000,None,None,626000000,2.555,0.0288,-0.882,0.19,1202000000,1828000000,0.92,2024-06-30,17.33,1602000000,5667000000.0,4442000000,947000000,34000000,305000000,305000000,None,310000000,None,467000000,None,None,28966000000,None,18368000000,913000000,None,None,None,0.145,3380000000,1062000000,1572000000,3879000000,None,334000000,None,1.904,1.857,4.218,0.158,None,2025-11-05,quarterly,1.11,USD,pre-market,None,16461000000,0.0185,0.0677,0.135,21.15,None,32874000000,3908000000,-432000000,81.2,91.17,20.6522,90473000000,4378000000,9540000000,55054000000,86095000000,45514000000,11512000000,29499000000,27.26,None,95.03,60.49
2025-12-28,SRE,3.25,13711000000.0,27.26,None,0.733,47.74,None,606000000,606000000,12209000000,635354000,None,7070000000,7070000000,1955000000,None,2252000000,2752000000,None,None,626000000,2.555,0.0288,-0.882,0.19,1202000000,1828000000,0.92,2024-03-31,17.33,1602000000,5667000000.0,4442000000,947000000,34000000,311000000,311000000,None,310000000,None,458000000,None,None,29519000000,None,17928000000,913000000,None,None,None,0.145,3380000000,1062000000,1824000000,4857000000,None,146000000,None,1.904,1.857,4.218,0.158,None,2025-11-05,quarterly,1.11,USD,pre-market,None,16141000000,0.0185,0.0677,0.135,21.15,None,31771000000,2252000000,22000000,81.2,91.17,20.6522,89604000000,5640000000,9064000000,54943000000,83964000000,45879000000,11512000000,29155000000,27.26,None,95.03,60.49
2025-12-28,SRE,3.25,13711000000.0,27.26,None,0.733,47.74,None,236000000,236000000,12204000000,634228000,None,7070000000,7070000000,2211000000,None,3317000000,2837000000,None,None,626000000,2.555,0.0288,-0.882,0.19,1202000000,1828000000,0.92,2023-12-31,17.33,1602000000,5667000000.0,4442000000,947000000,34000000,318000000,318000000,None,310000000,None,482000000,None,None,27759000000,None,17651000000,913000000,None,None,None,0.145,3380000000,1062000000,1915000000,4562000000,None,2329000000,None,1.904,1.857,4.218,0.158,None,2025-11-05,quarterly,1.11,USD,pre-market,None,15732000000,0.0185,0.0677,0.135,21.15,None,31076000000,3317000000,-49000000,81.2,91.17,20.6522,87181000000,5470000000,10090000000,53527000000,81711000000,43437000000,11512000000,28695000000,27.26,None,95.03,60.49
2025-12-28,SRE,3.25,13711000000.0,27.26,None,0.733,47.74,None,1149000000,1149000000,12038000000,632324000,None,7070000000,7070000000,2234000000,None,2951000000,2551000000,None,None,626000000,2.555,0.0288,-0.882,0.19,1202000000,1828000000,0.92,2023-09-30,17.33,1602000000,5667000000.0,4442000000,947000000,34000000,324000000,324000000,None,310000000,None,451000000,None,None,27703000000,None,17464000000,913000000,None,None,None,0.145,3380000000,1062000000,1159000000,3580000000,None,942000000,None,1.904,1.857,4.218,0.158,53893000000,2025-11-05,quarterly,1.11,USD,pre-market,None,15371000000,0.0185,0.0677,0.135,21.15,None,30654000000,2951000000,-530000000,81.2,91.17,20.6522,85735000000,5310000000,8765000000,52477000000,80425000000,43712000000,11512000000,28258000000,27.26,None,95.03,60.49
2025-12-28,SRE,3.25,13711000000.0,27.26,None,0.733,47.74,None,1077000000,1077000000,12044000000,632120000,None,7070000000,7070000000,1790000000,None,3436000000,2559000000,None,None,626000000,2.555,0.0288,-0.882,0.19,1202000000,1828000000,0.92,2023-06-30,17.33,1602000000,5667000000.0,4442000000,947000000,34000000,331000000,331000000,None,310000000,None,383000000,None,None,27521000000,None,17166000000,913000000,None,None,None,0.145,3380000000,1062000000,828000000,3225000000,None,15741000000,None,1.904,1.857,4.218,0.158,52200000000,2025-11-05,quarterly,1.11,USD,pre-market,None,15024000000,0.0185,0.0677,0.135,21.15,None,30957000000,3436000000,16000000,81.2,91.17,20.6522,82727000000,4847000000,8451000000,51713000000,77880000000,43262000000,11512000000,27856000000,27.26,None,95.03,60.49
2025-12-28,SRE,3.25,13711000000.0,27.26,None,0.733,47.74,None,534000000,534000000,12164000000,632248000,None,7070000000,7070000000,2122000000,None,4257000000,3232000000,None,None,626000000,2.555,0.0288,-0.882,0.19,1202000000,1828000000,0.92,2023-03-31,17.33,1602000000,5667000000.0,4442000000,947000000,34000000,337000000,337000000,None,310000000,None,315000000,None,None,25206000000,None,16895000000,913000000,None,None,None,0.145,3380000000,1062000000,1123000000,3251000000,None,15468000000,None,1.904,1.857,4.218,0.158,50444000000,2025-11-05,quarterly,1.11,USD,pre-market,None,14796000000,0.0185,0.0677,0.135,21.15,None,29463000000,4257000000,10000000,81.2,91.17,20.6522,80549000000,5204000000,9630000000,50304000000,75345000000,40674000000,11512000000,27687000000,27.26,None,95.03,60.49
2025-12-28,SRE,3.25,13711000000.0,27.26,None,0.733,47.74,None,370000000,370000000,12160000000,632296000,None,7070000000,7070000000,1994000000,None,4371000000,3487000000,None,None,626000000,2.555,0.0288,-0.882,0.19,1202000000,1828000000,0.92,2022-12-31,17.33,1602000000,5667000000.0,4442000000,947000000,34000000,344000000,344000000,None,310000000,None,403000000,None,None,24548000000,None,16821000000,913000000,None,None,None,0.145,3380000000,1062000000,1652000000,3486000000,None,565000000,None,1.904,1.857,4.218,0.158,48437000000,2025-11-05,quarterly,1.11,USD,pre-market,None,14201000000,0.0185,0.0677,0.135,21.15,None,28919000000,4371000000,251000000,81.2,91.17,20.6522,78574000000,5912000000,9899000000,49318000000,72662000000,39419000000,11512000000,27135000000,27.26,None,95.03,60.49
2025-12-28,SRE,3.25,13711000000.0,27.26,None,0.733,47.74,None,685000000,685000000,12138000000,632174000,None,7070000000,7070000000,1919000000,None,2755000000,2330000000,None,None,626000000,2.555,0.0288,-0.882,0.19,1202000000,1828000000,0.92,2022-09-30,17.33,1602000000,5667000000.0,4442000000,947000000,34000000,350000000,350000000,None,310000000,None,506000000,None,None,23830000000,None,16560000000,913000000,None,None,None,0.145,3380000000,1062000000,944000000,3145000000,None,14608000000,None,1.904,1.857,4.218,0.158,47104000000,2025-11-05,quarterly,1.11,USD,pre-market,None,14123000000,0.0185,0.0677,0.135,21.15,None,26585000000,2755000000,248000000,81.2,91.17,20.6522,75563000000,4465000000,7836000000,46274000000,71098000000,38438000000,11512000000,27050000000,27.26,None,95.03,60.49
2025-12-28,SRE,3.25,13711000000.0,27.26,None,0.733,47.74,None,1931000000,1931000000,12121000000,631734000,None,7070000000,7070000000,1604000000,None,1258000000,2881000000,None,None,626000000,2.555,0.0288,-0.882,0.19,1202000000,1828000000,0.92,2022-06-30,17.33,1602000000,5667000000.0,4442000000,947000000,34000000,357000000,357000000,None,310000000,None,377000000,None,None,24661000000,None,16273000000,913000000,None,None,None,0.145,3380000000,1062000000,713000000,4673000000,None,14318000000,None,1.904,1.857,4.218,0.158,45982000000,2025-11-05,quarterly,1.11,USD,pre-market,None,13998000000,0.0185,0.0677,0.135,21.15,None,25919000000,1258000000,-14481000000,81.2,91.17,20.6522,75582000000,5902000000,7550000000,46529000000,69680000000,38979000000,11512000000,26861000000,27.26,None,95.03,60.49
2025-12-28,SRE,3.25,13711000000.0,27.26,None,0.733,47.74,None,2519000000,2519000000,11656000000,634868000,None,7070000000,7070000000,1375000000,None,2479000000,3005000000,None,None,626000000,2.555,0.0288,-0.882,0.19,1202000000,1828000000,0.92,2022-03-31,17.33,1602000000,5667000000.0,4442000000,947000000,34000000,363000000,363000000,None,310000000,None,352000000,None,None,24416000000,None,16060000000,913000000,None,None,None,0.145,3380000000,1062000000,625000000,5133000000,None,13946000000,None,1.904,1.857,4.218,0.158,45197000000,2025-11-05,quarterly,1.11,USD,pre-market,None,13798000000,0.0185,0.0677,0.135,21.15,None,26895000000,2479000000,-14386000000,81.2,91.17,20.6522,74922000000,6501000000,9000000000,47362000000,68421000000,38362000000,11512000000,26134000000,27.26,None,95.03,60.49
2025-12-28,SRE,3.25,13711000000.0,27.26,-15046000000,0.733,47.74,None,559000000,559000000,11862000000,639020000,None,7070000000,7070000000,1671000000,None,3577000000,2571000000,None,None,626000000,2.555,0.0288,-0.882,0.19,1202000000,1828000000,0.92,2021-12-31,17.33,1602000000,5667000000.0,4442000000,947000000,34000000,370000000,370000000,None,310000000,None,389000000,None,None,21068000000,None,16481000000,913000000,None,None,None,0.145,3380000000,1062000000,856000000,4161000000,None,13523000000,None,1.904,1.857,4.218,0.158,43894000000,2025-11-05,quarterly,1.11,USD,pre-market,None,13548000000,0.0185,0.0677,0.135,21.15,None,24645000000,3577000000,None,81.2,91.17,20.6522,72045000000,4375000000,10035000000,44626000000,67670000000,34591000000,11512000000,26001000000,27.26,None,95.03,60.49
2025-12-28,SRE,3.25,13711000000.0,27.26,None,0.733,47.74,None,873000000,873000000,10791000000,638288000,None,7070000000,7070000000,1400000000,None,6062000000,2009000000,None,None,626000000,2.555,0.0288,-0.882,0.19,1202000000,1828000000,0.92,2021-09-30,17.33,1602000000,5667000000.0,4442000000,947000000,34000000,376000000,376000000,None,310000000,None,371000000,None,None,20042000000,None,16059000000,913000000,None,None,None,0.145,3380000000,1062000000,1340000000,5467000000,None,12882000000,None,1.904,1.857,4.218,0.158,43257000000,2025-11-05,quarterly,1.11,USD,pre-market,None,13292000000,0.0185,0.0677,0.135,21.15,None,26104000000,6062000000,None,81.2,91.17,20.6522,70472000000,4593000000,12944000000,45868000000,65879000000,32924000000,11512000000,24574000000,27.26,None,95.03,60.49
2025-12-28,SRE,3.25,13711000000.0,27.26,None,0.733,47.74,None,335000000,335000000,10150000000,617214000,None,7070000000,7070000000,1291000000,None,2773000000,1939000000,None,None,626000000,2.555,0.0288,-0.882,0.19,1202000000,1828000000,0.92,2021-06-30,17.33,1602000000,5667000000.0,4442000000,947000000,34000000,382000000,382000000,None,310000000,None,339000000,None,None,22090000000,None,15421000000,913000000,None,None,None,0.145,3380000000,1062000000,1147000000,3232000000,None,104000000,None,1.904,1.857,4.218,0.158,42429000000,2025-11-05,quarterly,1.11,USD,pre-market,None,14291000000,0.0185,0.0677,0.135,21.15,None,24863000000,2773000000,12655000000,81.2,91.17,20.6522,68608000000,3760000000,7312000000,42916000000,64848000000,35604000000,11512000000,25471000000,27.26,None,95.03,60.49
2025-12-28,SRE,3.25,13711000000.0,27.26,None,0.733,47.74,None,725000000,725000000,8730000000,616916000,None,7070000000,7070000000,1354000000,None,2322000000,2092000000,None,None,626000000,2.555,0.0288,-0.882,0.19,1202000000,1828000000,0.92,2021-03-31,17.33,1602000000,5667000000.0,4442000000,947000000,34000000,397000000,397000000,None,310000000,None,274000000,None,None,22023000000,None,16160000000,913000000,None,None,None,0.145,3380000000,1062000000,1109000000,3069000000,None,13315000000,None,1.904,1.857,4.218,0.158,41509000000,2025-11-05,quarterly,1.11,USD,pre-market,None,14214000000,0.0185,0.0677,0.135,21.15,None,24345000000,2322000000,None,81.2,91.17,20.6522,67821000000,4200000000,6875000000,42213000000,63621000000,35338000000,11512000000,24019000000,27.26,None,95.03,60.49
2025-12-28,SRE,3.25,13711000000.0,27.26,-13925000000,0.733,47.74,None,960000000,960000000,7053000000,580432000,None,7070000000,7070000000,1359000000,None,2425000000,2114000000,None,None,626000000,2.555,0.0288,-0.882,0.19,1202000000,1828000000,0.92,2020-12-31,17.33,1602000000,5667000000.0,4442000000,947000000,34000000,202000000,202000000,None,310000000,None,308000000,None,None,21781000000,None,16072000000,913000000,None,None,None,0.145,3380000000,1062000000,1129000000,2831000000,None,13069000000,None,1.904,1.857,4.218,0.158,40003000000,2025-11-05,quarterly,1.11,USD,pre-market,None,13673000000,0.0185,0.0677,0.135,21.15,None,24206000000,2513000000,12440000000,81.2,91.17,20.6522,66623000000,4511000000,6839000000,41689000000,62112000000,34850000000,11512000000,23393000000,27.26,None,95.03,60.49
2025-12-28,SRE,3.25,13711000000.0,27.26,-13645000000,0.733,47.74,None,3515000000,3515000000,7034000000,581164000,None,7070000000,7070000000,1129000000,None,3662000000,1683000000,None,None,626000000,2.555,0.0288,-0.882,0.19,1202000000,1828000000,0.92,2020-09-30,17.33,1602000000,5667000000.0,4442000000,947000000,34000000,205000000,205000000,None,310000000,None,309000000,None,None,21770000000,None,15595000000,913000000,None,None,None,0.145,3380000000,1062000000,881000000,2844000000,None,12961000000,None,1.904,1.857,4.218,0.158,38784000000,2025-11-05,quarterly,1.11,USD,pre-market,None,13560000000,0.0185,0.0677,0.135,21.15,None,25432000000,3662000000,6000000,81.2,91.17,20.6522,67222000000,6394000000,7635000000,42366000000,60828000000,34731000000,11512000000,23248000000,27.26,None,95.03,60.49
2025-12-28,SRE,3.25,13711000000.0,27.26,-13401000000,0.733,47.74,None,4894000000,4894000000,7490000000,588310000,None,7070000000,7070000000,1302000000,None,5428000000,1640000000,None,None,626000000,2.555,0.0288,-0.882,0.19,1202000000,1828000000,0.92,2020-06-30,17.33,1602000000,5667000000.0,4442000000,947000000,34000000,208000000,208000000,None,310000000,None,267000000,None,None,20535000000,None,16125000000,913000000,None,None,None,0.145,3380000000,1062000000,830000000,2865000000,None,12869000000,None,1.904,1.857,4.218,0.158,37945000000,2025-11-05,quarterly,1.11,USD,pre-market,None,13511000000,0.0185,0.0677,0.135,21.15,None,25963000000,5428000000,9000000,81.2,91.17,20.6522,68385000000,7640000000,9595000000,42999000000,60745000000,33404000000,11512000000,23626000000,27.26,None,95.03,60.49
2025-12-28,SRE,3.25,13711000000.0,27.26,-13118000000,0.733,47.74,None,2247000000,2247000000,7472000000,627850000,None,7070000000,7070000000,1038000000,None,7821000000,1775000000,None,None,626000000,2.555,0.0288,-0.882,0.19,1202000000,1828000000,0.92,2020-03-31,17.33,1602000000,5667000000.0,4442000000,947000000,34000000,211000000,211000000,None,310000000,None,217000000,None,None,20198000000,None,15924000000,913000000,None,None,None,0.145,3380000000,1062000000,1170000000,3318000000,None,13803000000,None,1.904,1.857,4.218,0.158,37067000000,2025-11-05,quarterly,1.11,USD,pre-market,None,11577000000,0.0185,0.0677,0.135,21.15,None,28019000000,7821000000,15000000,81.2,91.17,20.6522,68293000000,5424000000,12177000000,46178000000,62869000000,34001000000,11512000000,20137000000,27.26,None,95.03,60.49
2025-12-28,SRE,3.25,13711000000.0,27.26,-12877000000,0.733,47.74,None,108000000,108000000,7480000000,577574000,None,7070000000,7070000000,1234000000,None,5031000000,1860000000,None,None,626000000,2.555,0.0288,-0.882,0.19,1202000000,1828000000,0.92,2019-12-31,17.33,1602000000,5667000000.0,4442000000,947000000,34000000,213000000,213000000,None,310000000,None,277000000,None,None,20785000000,None,15785000000,913000000,None,None,None,0.145,3380000000,1062000000,1094000000,767000000,None,13925000000,None,1.904,1.857,4.218,0.158,36452000000,2025-11-05,quarterly,1.11,USD,pre-market,None,11130000000,0.0185,0.0677,0.135,21.15,None,25816000000,5109000000,None,81.2,91.17,20.6522,65665000000,3339000000,9150000000,43860000000,62326000000,34710000000,11512000000,19949000000,27.26,None,95.03,60.49
2025-12-28,SRE,3.25,13711000000.0,27.26,-12619000000,0.733,47.74,None,106000000,106000000,6374000000,591578000,None,7070000000,7070000000,959000000,None,5211000000,1991000000,None,None,626000000,2.555,0.0288,-0.882,0.19,1202000000,1828000000,0.92,2019-09-30,17.33,1602000000,5667000000.0,4442000000,947000000,34000000,216000000,216000000,None,310000000,None,270000000,None,None,20995000000,None,15336000000,913000000,None,None,None,0.145,3380000000,1062000000,1299000000,3187000000,None,13541000000,None,1.904,1.857,4.218,0.158,35520000000,2025-11-05,quarterly,1.11,USD,pre-market,None,10966000000,0.0185,0.0677,0.135,21.15,None,26206000000,5282000000,None,81.2,91.17,20.6522,64585000000,3666000000,9498000000,44034000000,60919000000,34536000000,11512000000,18640000000,27.26,None,95.03,60.49
2025-12-28,SRE,3.25,13711000000.0,27.26,-12625000000,0.733,47.74,None,168000000,168000000,5605000000,559238000,None,7070000000,7070000000,1018000000,None,4551000000,1371000000,None,None,626000000,2.555,0.0288,-0.882,0.19,1202000000,1828000000,0.92,2019-06-30,17.33,1602000000,5667000000.0,4442000000,947000000,34000000,219000000,219000000,None,310000000,None,214000000,None,None,21199000000,None,15147000000,913000000,None,None,None,0.145,3380000000,1062000000,1030000000,2469000000,None,13917000000,None,1.904,1.857,4.218,0.158,35282000000,2025-11-05,quarterly,1.11,USD,pre-market,None,10425000000,0.0185,0.0677,0.135,21.15,None,25750000000,4623000000,None,81.2,91.17,20.6522,62727000000,2783000000,8177000000,43293000000,59944000000,35116000000,11512000000,17460000000,27.26,None,95.03,60.49
2025-12-28,SRE,3.25,13711000000.0,27.26,-12407000000,0.733,47.74,None,78000000,78000000,5568000000,554456000,None,7070000000,7070000000,989000000,None,4675000000,1713000000,None,None,626000000,2.555,0.0288,-0.882,0.19,1202000000,1828000000,0.92,2019-03-31,17.33,1602000000,5667000000.0,4442000000,947000000,34000000,222000000,222000000,None,310000000,None,189000000,None,None,18482000000,None,14220000000,913000000,None,None,None,0.145,3380000000,1062000000,1282000000,2877000000,None,13798000000,None,1.904,1.857,4.218,0.158,34698000000,2025-11-05,quarterly,1.11,USD,pre-market,None,10337000000,0.0185,0.0677,0.135,21.15,None,24413000000,4661000000,None,81.2,91.17,20.6522,61618000000,3262000000,8612000000,42148000000,58356000000,33536000000,11512000000,17366000000,27.26,None,95.03,60.49
2025-12-28,SRE,3.25,13711000000.0,27.26,-12519000000,0.733,47.74,None,102000000,102000000,5540000000,592858000,None,7070000000,7070000000,1160000000,None,1676000000,1632000000,None,None,626000000,2.555,0.0288,-0.882,0.19,1202000000,1828000000,0.92,2018-12-31,17.33,2373000000,5667000000.0,4442000000,947000000,34000000,272000000,272000000,None,310000000,None,296000000,None,None,20376000000,None,14112000000,913000000,None,None,None,0.145,3380000000,1062000000,1615000000,2695000000,None,12256000000,None,1.904,1.857,4.218,0.158,36796000000,2025-11-05,quarterly,1.11,USD,pre-market,None,10104000000,0.0185,0.0677,0.135,21.15,None,25363000000,3668000000,2000000,81.2,91.17,20.6522,60638000000,3645000000,7523000000,41390000000,56993000000,33867000000,11512000000,17158000000,27.26,None,95.03,60.49
2025-12-28,SRE,3.25,13711000000.0,27.26,-12236000000,0.733,47.74,None,212000000,212000000,5485000000,551814000,None,7070000000,7070000000,1199000000,None,1471000000,1805000000,None,None,626000000,2.555,0.0288,-0.882,0.19,1202000000,1828000000,0.92,2018-09-30,17.33,2363000000,5667000000.0,4442000000,947000000,34000000,229000000,229000000,None,310000000,None,345000000,None,None,21460000000,None,14312000000,913000000,None,None,None,0.145,3380000000,1062000000,2683000000,2759000000,None,11668000000,None,1.904,1.857,4.218,0.158,35498000000,2025-11-05,quarterly,1.11,USD,pre-market,None,9485000000,0.0185,0.0677,0.135,21.15,None,25696000000,4196000000,1000000,81.2,91.17,20.6522,60605000000,5045000000,8491000000,41494000000,55560000000,33003000000,11512000000,16637000000,27.26,None,95.03,60.49
2025-12-28,SRE,3.25,13711000000.0,27.26,-11986000000,0.733,47.74,None,252000000,252000000,5279000000,531674000,None,7070000000,7070000000,1064000000,None,1116000000,1577000000,None,None,626000000,2.555,0.0288,-0.882,0.19,1202000000,1828000000,0.92,2018-06-30,17.33,2371000000,5667000000.0,4442000000,947000000,34000000,221000000,221000000,None,310000000,None,288000000,None,None,21416000000,None,14141000000,913000000,None,None,None,0.145,3380000000,1062000000,2830000000,2547000000,None,11663000000,None,1.904,1.857,4.218,0.158,34916000000,2025-11-05,quarterly,1.11,USD,pre-market,None,9455000000,0.0185,0.0677,0.135,21.15,None,26094000000,4649000000,6000000,81.2,91.17,20.6522,59907000000,4947000000,8602000000,41543000000,54960000000,32941000000,11512000000,15846000000,27.26,None,95.03,60.49
2025-12-28,SRE,3.25,13711000000.0,27.26,-11832000000,0.733,47.74,None,239000000,239000000,4436000000,518980000,None,7070000000,7070000000,1057000000,None,1883000000,1862000000,None,None,626000000,2.555,0.0288,-0.882,0.19,1202000000,1828000000,0.92,2018-03-31,17.33,2406000000,5667000000.0,4442000000,947000000,34000000,596000000,596000000,None,310000000,None,285000000,None,None,20985000000,None,13896000000,913000000,None,None,None,0.145,3380000000,1062000000,1008000000,2352000000,None,12208000000,None,1.904,1.857,4.218,0.158,37025000000,2025-11-05,quarterly,1.11,USD,pre-market,None,10260000000,0.0185,0.0677,0.135,21.15,None,26399000000,5384000000,1000000,81.2,91.17,20.6522,60485000000,3394000000,9109000000,42180000000,57091000000,33071000000,11512000000,15864000000,27.26,None,95.03,60.49
2025-12-28,SRE,3.25,13711000000.0,27.26,-11605000000,0.733,47.74,None,288000000,288000000,3149000000,503804000,None,7070000000,7070000000,1350000000,None,1478000000,1731000000,None,None,626000000,2.555,0.0288,-0.882,0.19,1202000000,1828000000,0.92,2017-12-31,17.33,2397000000,5667000000.0,4442000000,947000000,34000000,596000000,596000000,None,310000000,None,307000000,None,None,16445000000,None,4576000000,913000000,None,None,None,0.145,3380000000,1062000000,1015000000,2156000000,None,12234000000,None,1.904,1.857,4.218,0.158,36503000000,2025-11-05,quarterly,1.11,USD,pre-market,None,10147000000,0.0185,0.0677,0.135,21.15,None,19412000000,2805000000,5000000,81.2,91.17,20.6522,50454000000,3341000000,6635000000,35314000000,47113000000,28679000000,11512000000,12690000000,27.26,0,95.03,60.49
2025-12-28,SRE,3.25,13711000000.0,27.26,-11341000000,0.733,47.74,None,189000000,189000000,3088000000,506728000,None,7070000000,7070000000,1190000000,None,1474000000,1536000000,None,None,626000000,2.555,0.0288,-0.882,0.19,1202000000,1828000000,0.92,2017-09-30,17.33,2393000000,5667000000.0,4442000000,947000000,34000000,537000000,537000000,None,310000000,None,296000000,None,None,14803000000,None,4217000000,913000000,None,None,None,0.145,3380000000,1062000000,857000000,1934000000,None,12630000000,None,1.904,1.857,4.218,0.158,35384000000,2025-11-05,quarterly,1.11,USD,pre-market,None,10855000000,0.0185,0.0677,0.135,21.15,None,18724000000,3823000000,59000000,81.2,91.17,20.6522,50129000000,2878000000,7194000000,34627000000,47251000000,27433000000,11512000000,13285000000,27.26,None,95.03,60.49
2025-12-28,SRE,3.25,13711000000.0,27.26,-11143000000,0.733,47.74,None,223000000,223000000,3046000000,505644000,None,7070000000,7070000000,1054000000,None,18322000000,1440000000,None,None,626000000,2.555,0.0288,-0.882,0.19,1202000000,1828000000,0.92,2017-06-30,17.33,2379000000,5667000000.0,4442000000,947000000,34000000,541000000,541000000,None,310000000,None,239000000,None,None,15000000000,None,4090000000,913000000,None,None,None,0.145,3380000000,1062000000,865000000,1738000000,None,12708000000,None,1.904,1.857,4.218,0.158,34561000000,2025-11-05,quarterly,1.11,USD,pre-market,None,11004000000,0.0185,0.0677,0.135,21.15,None,18113000000,3011000000,1000000,81.2,91.17,20.6522,49376000000,2767000000,6063000000,33771000000,46609000000,27708000000,11512000000,13352000000,27.26,None,95.03,60.49
2025-12-28,SRE,3.25,13711000000.0,27.26,-10912000000,0.733,47.74,None,290000000,290000000,3008000000,504492000,None,7070000000,7070000000,969000000,None,3008000000,1557000000,None,None,626000000,2.555,0.0288,-0.882,0.19,1202000000,1828000000,0.92,2017-03-31,17.33,2380000000,5667000000.0,4442000000,947000000,34000000,544000000,544000000,None,310000000,None,210000000,None,None,14409000000,None,3990000000,913000000,None,None,None,0.145,3380000000,1062000000,896000000,1934000000,None,12494000000,None,1.904,1.857,4.218,0.158,33492000000,2025-11-05,quarterly,1.11,USD,pre-market,None,10952000000,0.0185,0.0677,0.135,21.15,None,17302000000,2893000000,72000000,81.2,91.17,20.6522,48284000000,2953000000,5812000000,32715000000,45331000000,26903000000,11512000000,13284000000,27.26,None,95.03,60.49
2025-12-28,SRE,3.25,13711000000.0,27.26,-10693000000,0.733,47.74,None,349000000,349000000,2982000000,503222000,None,7070000000,7070000000,1346000000,None,937000000,1623000000,None,None,626000000,2.555,0.0288,-0.882,0.19,1202000000,1828000000,0.92,2016-12-31,17.33,2364000000,5667000000.0,4442000000,947000000,34000000,548000000,548000000,None,310000000,None,258000000,None,None,14429000000,None,3930000000,913000000,None,None,None,0.145,3380000000,1062000000,880000000,1578000000,None,12189000000,None,1.904,1.857,4.218,0.158,32931000000,2025-11-05,quarterly,1.11,USD,pre-market,None,10717000000,0.0185,0.0677,0.135,21.15,None,17121000000,2743000000,7000000,81.2,91.17,20.6522,47786000000,3110000000,5927000000,32545000000,44676000000,26618000000,11512000000,12971000000,27.26,0,95.03,60.49
2025-12-28,SRE,3.25,13711000000.0,27.26,-10451000000,0.733,47.74,None,518000000,518000000,2684000000,504810000,None,7070000000,7070000000,1173000000,None,3867000000,1269000000,None,None,626000000,2.555,0.0288,-0.882,0.19,1202000000,1828000000,0.92,2016-09-30,17.33,2150000000,5667000000.0,4442000000,947000000,34000000,397000000,397000000,None,310000000,None,302000000,None,None,13522000000,None,3767000000,913000000,None,None,None,0.145,3380000000,1062000000,835000000,1848000000,None,12019000000,None,1.904,1.857,4.218,0.158,31487000000,2025-11-05,quarterly,1.11,USD,pre-market,None,10527000000,0.0185,0.0677,0.135,21.15,None,17295000000,3773000000,3000000,81.2,91.17,20.6522,45526000000,2924000000,6794000000,32335000000,42602000000,25541000000,11512000000,12366000000,27.26,0,95.03,60.49
2025-12-28,SRE,3.25,13711000000.0,27.26,-10261000000,0.733,47.74,None,616000000,616000000,2681000000,504072000,None,7070000000,7070000000,1140000000,None,2738000000,1176000000,None,None,626000000,2.555,0.0288,-0.882,0.19,1202000000,1828000000,0.92,2016-06-30,17.33,786000000,5667000000.0,4442000000,947000000,34000000,399000000,399000000,None,310000000,None,270000000,None,None,13178000000,None,4241000000,913000000,None,None,None,0.145,3380000000,1062000000,1279000000,1856000000,None,11454000000,None,1.904,1.857,4.218,0.158,29495000000,2025-11-05,quarterly,1.11,USD,pre-market,None,9952000000,0.0185,0.0677,0.135,21.15,None,15862000000,2684000000,1000000,81.2,91.17,20.6522,42875000000,3341000000,5680000000,30312000000,39534000000,24632000000,11512000000,11781000000,27.26,0,95.03,60.49
2025-12-28,SRE,3.25,13711000000.0,27.26,-10108000000,0.733,47.74,None,376000000,376000000,2642000000,504285714,None,7070000000,7070000000,1028000000,None,2300000000,1277000000,None,None,626000000,2.555,0.0288,-0.882,0.19,1202000000,1828000000,0.92,2016-03-31,17.33,849000000,5667000000.0,4442000000,947000000,34000000,402000000,402000000,None,310000000,None,231000000,None,None,12975000000,None,3995000000,913000000,None,None,None,0.145,3380000000,1062000000,1169000000,1834000000,None,11004000000,None,1.904,1.857,4.218,0.158,28433000000,2025-11-05,quarterly,1.11,USD,pre-market,None,10125000000,0.0185,0.0677,0.135,21.15,None,15218000000,2243000000,8000000,81.2,91.17,20.6522,41835000000,2883000000,5132000000,29111000000,38952000000,23979000000,11512000000,11966000000,27.26,0,95.03,60.49
2025-12-28,SRE,3.25,13711000000.0,27.26,-10161000000,0.733,47.74,None,403000000,403000000,2621000000,502900000,None,7070000000,7070000000,1133000000,None,907000000,1289000000,None,None,626000000,2.555,0.0288,-0.882,0.19,1202000000,1828000000,0.92,2015-12-31,17.33,819000000,5667000000.0,4442000000,947000000,34000000,404000000,404000000,None,310000000,None,298000000,None,None,149000000,None,4154000000,913000000,None,None,None,0.145,3380000000,1062000000,901000000,1755000000,None,4454000000,None,1.904,1.857,4.218,0.158,28039000000,2025-11-05,quarterly,1.11,USD,pre-market,None,9994000000,0.0185,0.0677,0.135,21.15,None,14663000000,1565000000,4000000,81.2,91.17,20.6522,41150000000,2891000000,4612000000,28571000000,38259000000,23959000000,11512000000,11809000000,27.26,0,95.03,60.49
2025-12-28,SRE,3.25,13711000000.0,27.26,-9966000000,0.733,47.74,None,697000000,697000000,2587000000,502048000,None,7070000000,7070000000,1091000000,None,None,1225000000,None,None,626000000,2.555,0.0288,-0.882,0.19,1202000000,1828000000,0.92,2015-09-30,17.33,847000000,5667000000.0,4442000000,947000000,34000000,407000000,407000000,None,310000000,None,416000000,None,None,12527000000,None,4080000000,913000000,None,None,None,0.145,3380000000,1062000000,1268000000,1762000000,None,10525000000,None,1.904,1.857,4.218,0.158,27314000000,2025-11-05,quarterly,1.11,USD,pre-market,None,9799000000,0.0185,0.0677,0.135,21.15,None,14792000000,2265000000,7000000,81.2,91.17,20.6522,40566000000,3606000000,5118000000,28170000000,36960000000,23052000000,11512000000,11645000000,27.26,0,95.03,60.49
2025-12-28,SRE,3.25,13711000000.0,27.26,-9830000000,0.733,47.74,None,636000000,636000000,2555000000,502982000,None,7070000000,7070000000,890000000,None,None,994000000,None,None,626000000,2.555,0.0288,-0.882,0.19,1202000000,1828000000,0.92,2015-06-30,17.33,885000000,5667000000.0,4442000000,947000000,34000000,410000000,410000000,None,310000000,None,266000000,None,None,12626000000,None,4243000000,913000000,None,None,None,0.145,3380000000,1062000000,1610000000,1348000000,None,10506000000,None,1.904,1.857,4.218,0.158,26693000000,2025-11-05,quarterly,1.11,USD,pre-market,None,9724000000,0.0185,0.0677,0.135,21.15,None,14637000000,1437000000,17000000,81.2,91.17,20.6522,40006000000,3506000000,4399000000,27531000000,36500000000,23132000000,11512000000,11703000000,27.26,0,95.03,60.49
2025-12-28,SRE,3.25,13711000000.0,27.26,-9665000000,0.733,47.74,None,377000000,377000000,2514000000,502412000,None,7070000000,7070000000,907000000,None,None,1086000000,None,None,626000000,2.555,0.0288,-0.882,0.19,1202000000,1828000000,0.92,2015-03-31,17.33,903000000,5667000000.0,4442000000,947000000,34000000,412000000,412000000,None,310000000,None,255000000,None,None,13012000000,None,4117000000,913000000,None,None,None,0.145,3380000000,1062000000,1938000000,1561000000,None,10488000000,None,1.904,1.857,4.218,0.158,26236000000,2025-11-05,quarterly,1.11,USD,pre-market,None,9603000000,0.0185,0.0677,0.135,21.15,None,14284000000,1272000000,21000000,81.2,91.17,20.6522,39551000000,3656000000,3770000000,27270000000,35895000000,23500000000,11512000000,11524000000,27.26,0,95.03,60.49
2025-12-28,SRE,3.25,13711000000.0,27.26,-9505000000,0.733,47.74,None,570000000,570000000,2484000000,502666000,None,7070000000,7070000000,1198000000,None,469000000,1394000000,None,None,626000000,2.555,0.0288,-0.882,0.19,1202000000,1828000000,0.92,2014-12-31,17.33,931000000,5667000000.0,4442000000,947000000,34000000,415000000,415000000,None,310000000,None,396000000,None,None,144000000,None,4167000000,913000000,None,None,None,0.145,3380000000,1062000000,1938000000,1178000000,None,4216000000,None,1.904,1.857,4.218,0.158,25902000000,2025-11-05,quarterly,1.11,USD,pre-market,None,9339000000,0.0185,0.0677,0.135,21.15,None,14288000000,2202000000,18000000,81.2,91.17,20.6522,39651000000,4184000000,5069000000,27551000000,35467000000,22482000000,11512000000,11346000000,27.26,0,95.03,60.49
2025-12-28,SRE,3.25,13711000000.0,27.26,-9420000000,0.733,47.74,None,667000000,667000000,2499000000,501542000,None,7070000000,7070000000,1153000000,None,None,1058000000,None,None,626000000,2.555,0.0288,-0.882,0.19,1202000000,1828000000,0.92,2014-09-30,17.33,951000000,5667000000.0,4442000000,947000000,34000000,418000000,418000000,None,310000000,None,472000000,None,None,12437000000,None,3017000000,913000000,None,None,None,0.145,3380000000,1062000000,2217000000,1485000000,None,10096000000,None,1.904,1.857,4.218,0.158,26409000000,2025-11-05,quarterly,1.11,USD,pre-market,None,9205000000,0.0185,0.0677,0.135,21.15,None,13934000000,892000000,20000000,81.2,91.17,20.6522,38982000000,4414000000,4292000000,26825000000,34568000000,22533000000,11512000000,11353000000,27.26,0,95.03,60.49
2025-12-28,SRE,3.25,13711000000.0,27.26,-9214000000,0.733,47.74,None,789000000,789000000,2448000000,500122000,None,7070000000,7070000000,1032000000,None,None,1055000000,None,None,626000000,2.555,0.0288,-0.882,0.19,1202000000,1828000000,0.92,2014-06-30,17.33,1000000000,5667000000.0,4442000000,947000000,34000000,421000000,421000000,None,310000000,None,267000000,None,None,12323000000,None,2903000000,913000000,None,None,None,0.145,3380000000,1062000000,2084000000,1268000000,None,10051000000,None,1.904,1.857,4.218,0.158,26012000000,2025-11-05,quarterly,1.11,USD,pre-market,None,9019000000,0.0185,0.0677,0.135,21.15,None,13756000000,885000000,29000000,81.2,91.17,20.6522,38307000000,4195000000,3882000000,26256000000,34112000000,22374000000,11512000000,11214000000,27.26,0,95.03,60.49
2025-12-28,SRE,3.25,13711000000.0,27.26,-9011000000,0.733,47.74,None,844000000,844000000,2401000000,499338000,None,7070000000,7070000000,1062000000,None,None,1232000000,None,None,626000000,2.555,0.0288,-0.882,0.19,1202000000,1828000000,0.92,2014-03-31,17.33,999000000,5667000000.0,4442000000,947000000,34000000,423000000,423000000,None,310000000,None,197000000,None,None,158000000,None,2720000000,913000000,None,None,None,0.145,3380000000,1062000000,1951000000,1632000000,None,4001000000,None,1.904,1.857,4.218,0.158,25452000000,2025-11-05,quarterly,1.11,USD,pre-market,None,8912000000,0.0185,0.0677,0.135,21.15,None,12881000000,1181000000,29000000,81.2,91.17,20.6522,37484000000,4224000000,3875000000,25595000000,33260000000,21720000000,11512000000,11060000000,27.26,0,95.03,60.49
2025-12-28,SRE,3.25,13711000000.0,27.26,-8947000000,0.733,47.74,None,904000000,904000000,2409000000,499892000,None,7070000000,7070000000,1088000000,None,None,1312000000,None,None,626000000,2.555,0.0288,-0.882,0.19,1202000000,1828000000,0.92,2013-12-31,17.33,1024000000,5667000000.0,4442000000,947000000,34000000,426000000,426000000,None,310000000,None,287000000,None,None,155000000,None,2623000000,913000000,None,None,None,0.145,3380000000,1062000000,1494000000,1371000000,None,3920000000,None,1.904,1.857,4.218,0.158,25460000000,2025-11-05,quarterly,1.11,USD,pre-market,None,8827000000,0.0185,0.0677,0.135,21.15,None,12945000000,2090000000,22000000,81.2,91.17,20.6522,37244000000,3997000000,4369000000,25394000000,33247000000,21025000000,11512000000,11008000000,27.26,0,95.03,60.49
2025-12-28,SRE,3.25,13711000000.0,27.26,-8810000000,0.733,47.74,None,1061000000,1061000000,2424000000,498518000,None,7070000000,7070000000,859000000,None,None,1176000000,None,None,626000000,2.555,0.0288,-0.882,0.19,1202000000,1828000000,0.92,2013-09-30,17.33,1045000000,5667000000.0,4442000000,947000000,34000000,428000000,428000000,None,310000000,None,463000000,None,None,145000000,None,2545000000,913000000,None,None,None,0.145,3380000000,1062000000,1206000000,1553000000,None,4628000000,None,1.904,1.857,4.218,0.158,24763000000,2025-11-05,quarterly,1.11,USD,pre-market,None,8700000000,0.0185,0.0677,0.135,21.15,None,12441000000,1963000000,24000000,81.2,91.17,20.6522,36901000000,3712000000,4530000000,25147000000,33189000000,20617000000,11512000000,10929000000,27.26,0,95.03,60.49
2025-12-28,SRE,3.25,13711000000.0,27.26,None,0.733,47.74,None,954000000,954000000,2366000000,500000000,None,7070000000,7070000000,959000000,None,None,1454000000,None,None,626000000,2.555,0.0288,-0.882,0.19,1202000000,1828000000,0.92,2013-06-30,17.33,1042000000,5667000000.0,4442000000,947000000,34000000,431000000,431000000,None,310000000,None,357000000,None,None,10530000000,None,None,913000000,None,None,None,0.145,3380000000,1062000000,896000000,1574000000,None,None,None,1.904,1.857,4.218,0.158,25171000000,2025-11-05,quarterly,1.11,USD,pre-market,None,8557000000,0.0185,0.0677,0.135,21.15,None,12580000000,2050000000,26000000,81.2,91.17,20.6522,37020000000,3661000000,4725000000,25393000000,33359000000,20668000000,11512000000,10803000000,27.26,0,95.03,60.49
2025-12-28,SRE,3.25,13711000000.0,27.26,None,0.733,47.74,None,1471000000,1471000000,2334000000,495068000,None,7070000000,7070000000,874000000,None,None,1638000000,None,None,626000000,2.555,0.0288,-0.882,0.19,1202000000,1828000000,0.92,2013-03-31,17.33,1113000000,5667000000.0,4442000000,947000000,34000000,434000000,434000000,None,310000000,None,270000000,None,None,10680000000,None,None,913000000,None,None,None,0.145,3380000000,1062000000,744000000,2030000000,None,None,None,1.904,1.857,4.218,0.158,25458000000,2025-11-05,quarterly,1.11,USD,pre-market,None,8466000000,0.0185,0.0677,0.135,21.15,None,12823000000,2143000000,15000000,81.2,91.17,20.6522,37273000000,4123000000,5189000000,25933000000,33150000000,20744000000,11512000000,10522000000,27.26,0,95.03,60.49
2025-12-28,SRE,3.25,13711000000.0,27.26,None,0.733,47.74,None,475000000,475000000,2217000000,495140000,None,7070000000,7070000000,976000000,None,None,1613000000,None,None,626000000,2.555,0.0288,-0.882,0.19,1202000000,1828000000,0.92,2012-12-31,17.33,1111000000,5667000000.0,4442000000,947000000,34000000,436000000,436000000,None,310000000,None,408000000,None,None,11621000000,None,None,913000000,None,None,None,0.145,3380000000,1062000000,1199000000,1842000000,None,None,None,1.904,1.857,4.218,0.158,25191000000,2025-11-05,quarterly,1.11,USD,pre-market,None,8441000000,0.0185,0.0677,0.135,21.15,None,12892000000,1271000000,15000000,81.2,91.17,20.6522,36499000000,3695000000,4258000000,25737000000,32804000000,21479000000,11512000000,10282000000,27.26,0,95.03,60.49
2025-12-28,SRE,3.25,13711000000.0,27.26,None,0.733,47.74,None,530000000,530000000,2178000000,491604000,None,7070000000,7070000000,1096000000,None,None,1453000000,None,None,626000000,2.555,0.0288,-0.882,0.19,1202000000,1828000000,0.92,2012-09-30,17.33,1109000000,5667000000.0,4442000000,947000000,34000000,441000000,441000000,None,310000000,None,398000000,None,None,11193000000,None,None,913000000,None,None,None,0.145,3380000000,1062000000,697000000,1810000000,None,None,None,1.904,1.857,4.218,0.158,24990000000,2025-11-05,quarterly,1.11,USD,pre-market,None,8293000000,0.0185,0.0677,0.135,21.15,None,12486000000,1293000000,14000000,81.2,91.17,20.6522,35390000000,3078000000,4349000000,24815000000,32312000000,20545000000,11512000000,10471000000,27.26,0,95.03,60.49
2025-12-28,SRE,3.25,13711000000.0,27.26,None,0.733,47.74,None,221000000,221000000,-79000000,246260000,None,7070000000,7070000000,1012000000,None,None,1022000000,None,None,626000000,2.555,0.0288,-0.882,0.19,1202000000,1828000000,0.92,2012-06-30,17.33,1067000000,5667000000.0,4442000000,947000000,34000000,441000000,441000000,None,310000000,None,249000000,None,None,10315000000,None,None,913000000,None,None,None,0.145,3380000000,1062000000,548000000,1866000000,None,None,None,1.904,1.857,4.218,0.158,24597000000,2025-11-05,quarterly,1.11,USD,pre-market,None,2611000000,0.0185,0.0677,0.135,21.15,None,11726000000,1411000000,21000000,81.2,91.17,20.6522,34202000000,2040000000,4434000000,23909000000,32162000000,19475000000,11512000000,9879000000,27.26,0,95.03,60.49
2025-12-28,SRE,3.25,13711000000.0,27.26,None,0.733,47.74,None,404000000,404000000,-59000000,243761000,None,7070000000,7070000000,1013000000,None,None,1244000000,None,None,626000000,2.555,0.0288,-0.882,0.19,1202000000,1828000000,0.92,2012-03-31,17.33,1071000000,5667000000.0,4442000000,947000000,34000000,443000000,443000000,None,310000000,None,222000000,None,None,10180000000,None,None,913000000,None,None,None,0.145,3380000000,1062000000,428000000,2127000000,None,None,None,1.904,1.857,4.218,0.158,24076000000,2025-11-05,quarterly,1.11,USD,pre-market,None,8254000000,0.0185,0.0677,0.135,21.15,None,11319000000,1139000000,23000000,81.2,91.17,20.6522,34045000000,2298000000,4480000000,23675000000,31747000000,19195000000,11512000000,9972000000,27.26,0,95.03,60.49
2025-12-28,SRE,3.25,13711000000.0,27.26,None,0.733,47.74,None,252000000,252000000,2104000000,240566000,None,7070000000,7070000000,983000000,None,None,1355000000,None,None,626000000,2.555,0.0288,-0.882,0.19,1202000000,1828000000,0.92,2011-12-31,17.33,1036000000,5667000000.0,4442000000,947000000,34000000,448000000,448000000,None,310000000,None,346000000,None,None,10078000000,None,None,913000000,None,None,None,0.145,3380000000,1062000000,379000000,2237000000,None,None,None,1.904,1.857,4.218,0.158,23572000000,2025-11-05,quarterly,1.11,USD,pre-market,None,8225000000,0.0185,0.0677,0.135,21.15,None,10863000000,785000000,-691000000,81.2,91.17,20.6522,33249000000,2332000000,4152000000,22992000000,30917000000,18840000000,11512000000,9838000000,27.26,None,95.03,60.49
2025-12-28,SRE,3.25,13711000000.0,27.26,None,0.733,47.74,None,657000000,657000000,-79000000,241880000,None,7070000000,7070000000,1008000000,None,None,1398000000,None,None,626000000,2.555,0.0288,-0.882,0.19,1202000000,1828000000,0.92,2011-09-30,17.33,1013000000,5667000000.0,4442000000,947000000,34000000,448000000,448000000,None,310000000,None,369000000,None,None,10033000000,None,None,913000000,None,None,None,0.145,3380000000,1062000000,514000000,2072000000,None,None,None,1.904,1.857,4.218,0.158,22703000000,2025-11-05,quarterly,1.11,USD,pre-market,None,8048000000,0.0185,0.0677,0.135,21.15,None,10811000000,778000000,133000000,81.2,91.17,20.6522,32616000000,2938000000,3995000000,22632000000,29678000000,18637000000,11512000000,9630000000,27.26,0,95.03,60.49
2025-12-28,SRE,3.25,13711000000.0,27.26,None,0.733,47.74,None,392000000,392000000,-79000000,240761000,None,7070000000,7070000000,915000000,None,None,1419000000,None,None,626000000,2.555,0.0288,-0.882,0.19,1202000000,1828000000,0.92,2011-06-30,17.33,1059000000,5667000000.0,4442000000,947000000,34000000,450000000,450000000,None,310000000,None,211000000,None,None,9648000000,None,None,913000000,None,None,None,0.145,3380000000,1062000000,529000000,1928000000,None,None,None,1.904,1.857,4.218,0.158,22156000000,2025-11-05,quarterly,1.11,USD,pre-market,None,7868000000,0.0185,0.0677,0.135,21.15,None,10245000000,597000000,188000000,81.2,91.17,20.6522,31836000000,2551000000,3575000000,21864000000,29285000000,18289000000,11512000000,9579000000,27.26,0,95.03,60.49
2025-12-28,SRE,3.25,13711000000.0,27.26,None,0.733,47.74,None,1219000000,1219000000,2052000000,241903000,None,7070000000,7070000000,709000000,None,None,1336000000,None,None,626000000,2.555,0.0288,-0.882,0.19,1202000000,1828000000,0.92,2011-03-31,17.33,0,5667000000.0,4442000000,947000000,34000000,1336000000,1336000000,None,310000000,None,176000000,None,None,9174000000,None,None,913000000,None,None,None,0.145,3380000000,1062000000,695000000,2159000000,None,None,None,1.904,1.857,4.218,0.158,20200000000,2025-11-05,quarterly,1.11,USD,pre-market,None,7472000000,0.0185,0.0677,0.135,21.15,None,9829000000,655000000,318000000,81.2,91.17,20.6522,30696000000,3426000000,3654000000,21293000000,27270000000,17639000000,11512000000,9186000000,27.26,0,95.03,60.49
2025-12-28,SRE,3.25,13711000000.0,27.26,None,0.733,47.74,None,912000000,912000000,2028000000,240128000,None,7070000000,7070000000,755000000,None,None,1614000000,None,None,626000000,2.555,0.0288,-0.882,0.19,1202000000,1828000000,0.92,2010-12-31,17.33,87000000,5667000000.0,4442000000,947000000,34000000,453000000,453000000,None,310000000,None,258000000,None,None,8980000000,None,None,913000000,None,None,None,0.145,3380000000,1062000000,569000000,2395000000,None,None,None,1.904,1.857,4.218,0.158,19876000000,2025-11-05,quarterly,1.11,USD,pre-market,None,7329000000,0.0185,0.0677,0.135,21.15,None,9487000000,507000000,131000000,81.2,91.17,20.6522,30283000000,3353000000,3786000000,21045000000,26930000000,17259000000,11512000000,9027000000,27.26,0,95.03,60.49
2025-12-28,SRE,3.25,13711000000.0,27.26,None,0.733,47.74,None,547000000,547000000,-79000000,249811000,None,7070000000,7070000000,702000000,None,None,1268000000,None,None,626000000,2.555,0.0288,-0.882,0.19,1202000000,1828000000,0.92,2010-09-30,17.33,0,5667000000.0,4442000000,947000000,34000000,1268000000,1268000000,None,310000000,None,296000000,None,None,8032000000,None,None,913000000,None,None,None,0.145,3380000000,1062000000,384000000,2055000000,None,None,None,1.904,1.857,4.218,0.158,19221000000,2025-11-05,quarterly,1.11,USD,pre-market,None,7143000000,0.0185,0.0677,0.135,21.15,None,8919000000,887000000,4000000,81.2,91.17,20.6522,28949000000,2495000000,3777000000,19942000000,26454000000,16165000000,11512000000,8802000000,27.26,0,95.03,60.49
2025-12-28,SRE,3.25,13711000000.0,27.26,None,0.733,47.74,None,188000000,188000000,-79000000,249727000,None,7070000000,7070000000,649000000,None,None,1196000000,None,None,626000000,2.555,0.0288,-0.882,0.19,1202000000,1828000000,0.92,2010-06-30,17.33,0,5667000000.0,4442000000,947000000,34000000,1196000000,1196000000,None,310000000,None,151000000,None,None,7562000000,None,None,913000000,None,None,None,0.145,3380000000,1062000000,338000000,2034000000,None,None,None,1.904,1.857,4.218,0.158,18924000000,2025-11-05,quarterly,1.11,USD,pre-market,None,7106000000,0.0185,0.0677,0.135,21.15,None,8792000000,1230000000,3000000,81.2,91.17,20.6522,29086000000,1873000000,4051000000,19676000000,27213000000,15625000000,11512000000,9190000000,27.26,0,95.03,60.49
2025-12-28,SRE,3.25,13711000000.0,27.26,None,0.733,47.74,None,222000000,222000000,21000000,500746000,None,7070000000,7070000000,669000000,None,None,1357000000,None,None,626000000,2.555,0.0288,-0.882,0.19,1202000000,1828000000,0.92,2010-03-31,17.33,0,5667000000.0,4442000000,947000000,34000000,1357000000,1357000000,None,310000000,None,160000000,None,None,7198000000,None,None,913000000,None,None,None,0.145,3380000000,1062000000,368000000,2186000000,None,None,None,1.904,1.857,4.218,0.158,18490000000,2025-11-05,quarterly,1.11,USD,pre-market,None,6981000000,0.0185,0.0677,0.135,21.15,None,8437000000,1239000000,85000000,81.2,91.17,20.6522,28772000000,2107000000,4238000000,19477000000,26665000000,15239000000,11512000000,9160000000,27.26,0,95.03,60.49
2025-12-28,SRE,3.25,13711000000.0,27.26,None,0.733,47.74,None,110000000,110000000,2405000000,246083000,None,7070000000,7070000000,522000000,None,None,1665000000,None,None,626000000,2.555,0.0288,-0.882,0.19,1202000000,1828000000,0.92,2009-12-31,17.33,68000000,5667000000.0,4442000000,947000000,34000000,1665000000,1665000000,None,310000000,None,197000000,None,None,7462000000,None,None,913000000,None,None,None,0.145,3380000000,1062000000,323000000,2030000000,None,None,None,1.904,1.857,4.218,0.158,18281000000,2025-11-05,quarterly,1.11,USD,pre-market,None,6971000000,0.0185,0.0677,0.135,21.15,None,8651000000,1191000000,35000000,81.2,91.17,20.6522,28512000000,2295000000,3888000000,19261000000,26217000000,15373000000,11512000000,9007000000,27.26,0,95.03,60.49
2025-12-28,SRE,3.25,13711000000.0,27.26,None,0.733,47.74,None,756000000,756000000,-79000000,496922000,None,7070000000,7070000000,581000000,None,None,1168000000,None,None,626000000,2.555,0.0288,-0.882,0.19,1202000000,1828000000,0.92,2009-09-30,17.33,0,5667000000.0,4442000000,947000000,34000000,527000000,527000000,None,310000000,None,296000000,None,None,6947000000,None,None,913000000,None,None,None,0.145,3380000000,1062000000,476000000,2111000000,None,None,None,1.904,1.857,4.218,0.158,17772000000,2025-11-05,quarterly,1.11,USD,pre-market,None,6779000000,0.0185,0.0677,0.135,21.15,None,8318000000,1473000000,27000000,81.2,91.17,20.6522,28395000000,2696000000,4310000000,19412000000,25699000000,15102000000,11512000000,8745000000,27.26,0,95.03,60.49
2025-12-28,SRE,3.25,13711000000.0,27.26,None,0.733,47.74,None,818000000,818000000,2328000000,494180000,None,7070000000,7070000000,616000000,None,None,1790000000,None,None,626000000,2.555,0.0288,-0.882,0.19,1202000000,1828000000,0.92,2009-06-30,17.33,0,5667000000.0,4442000000,947000000,34000000,1790000000,1790000000,None,310000000,None,169000000,None,None,6825000000,None,None,913000000,None,None,None,0.145,3380000000,1062000000,547000000,2673000000,None,None,None,1.904,1.857,4.218,0.158,17413000000,2025-11-05,quarterly,1.11,USD,pre-market,None,6559000000,0.0185,0.0677,0.135,21.15,None,7638000000,915000000,27000000,81.2,91.17,20.6522,27922000000,3324000000,4353000000,19190000000,24598000000,14837000000,11512000000,8477000000,27.26,0,95.03,60.49
2025-12-28,SRE,3.25,13711000000.0,27.26,None,0.733,47.74,None,720000000,720000000,-79000000,245017000,None,7070000000,7070000000,622000000,None,None,1784000000,None,None,626000000,2.555,0.0288,-0.882,0.19,1202000000,1828000000,0.92,2009-03-31,17.33,None,5667000000.0,4442000000,947000000,34000000,1784000000,1784000000,None,310000000,None,150000000,None,None,6146000000,None,None,913000000,None,None,None,0.145,3380000000,1062000000,497000000,2772000000,None,None,None,1.904,1.857,4.218,0.158,17208000000,2025-11-05,quarterly,1.11,USD,pre-market,None,6456000000,0.0185,0.0677,0.135,21.15,None,7391000000,1347000000,176000000,81.2,91.17,20.6522,27334000000,3327000000,4900000000,18821000000,24007000000,13921000000,11512000000,8247000000,27.26,None,95.03,60.49
2025-12-28,SRE,3.25,13711000000.0,27.26,None,0.733,47.74,None,331000000,331000000,2247000000,241766000,None,7070000000,7070000000,856000000,None,None,1180000000,None,None,626000000,2.555,0.0288,-0.882,0.19,1202000000,1828000000,0.92,2008-12-31,17.33,73000000,5667000000.0,4442000000,947000000,34000000,466000000,466000000,None,310000000,None,320000000,None,None,6646000000,None,None,913000000,None,None,None,0.145,3380000000,1062000000,469000000,1673000000,None,None,None,1.904,1.857,4.218,0.158,16865000000,2025-11-05,quarterly,1.11,USD,pre-market,None,6235000000,0.0185,0.0677,0.135,21.15,None,7457000000,913000000,176000000,81.2,91.17,20.6522,26400000000,2476000000,3612000000,18012000000,23924000000,14400000000,11512000000,7969000000,27.26,None,95.03,60.49
2025-12-28,SRE,3.25,13711000000.0,27.26,None,0.733,47.74,None,198000000,198000000,2265000000,247904000,None,7070000000,7070000000,743000000,None,None,985000000,None,None,626000000,2.555,0.0288,-0.882,0.19,1202000000,1828000000,0.92,2008-09-30,17.33,None,5667000000.0,4442000000,947000000,34000000,None,None,None,310000000,None,461000000,None,None,5966000000,None,None,913000000,None,None,None,0.145,3380000000,1062000000,926000000,1771000000,None,None,None,1.904,1.857,4.218,0.158,15814000000,2025-11-05,quarterly,1.11,USD,pre-market,None,6001000000,0.0185,0.0677,0.135,21.15,None,6485000000,621000000,413000000,81.2,91.17,20.6522,23849000000,2570000000,3135000000,15747000000,21279000000,7632000000,11512000000,7898000000,27.26,None,95.03,60.49
2025-12-28,SRE,3.25,13711000000.0,27.26,None,0.733,47.74,None,230000000,230000000,2240000000,249677000,None,7070000000,7070000000,879000000,None,None,997000000,None,None,626000000,2.555,0.0288,-0.882,0.19,1202000000,1828000000,0.92,2008-06-30,17.33,None,5667000000.0,4442000000,947000000,34000000,None,None,None,310000000,None,125000000,None,None,4911000000,None,None,913000000,None,None,None,0.145,3380000000,1062000000,1158000000,2266000000,None,None,None,1.904,1.857,4.218,0.158,15571000000,2025-11-05,quarterly,1.11,USD,pre-market,None,5780000000,0.0185,0.0677,0.135,21.15,None,5940000000,1131000000,413000000,81.2,91.17,20.6522,23755000000,2510000000,4276000000,15863000000,21245000000,6494000000,11512000000,7683000000,27.26,None,95.03,60.49
2025-12-28,SRE,3.25,13711000000.0,27.26,None,0.733,47.74,None,806000000,806000000,3219000000,262671000,None,7070000000,7070000000,3218000000,None,None,3978000000,None,None,626000000,2.555,0.0288,-0.882,0.19,1202000000,1828000000,0.92,2008-03-31,17.33,None,5667000000.0,4442000000,947000000,34000000,None,None,None,310000000,None,103000000,None,None,4691000000,None,None,913000000,None,None,None,0.145,3380000000,1062000000,5583000000,4975000000,None,None,None,1.904,1.857,4.218,0.158,15288000000,2025-11-05,quarterly,1.11,USD,pre-market,None,5622000000,0.0185,0.0677,0.135,21.15,None,6242000000,1653000000,413000000,81.2,91.17,20.6522,29854000000,10470000000,9924000000,21126000000,19384000000,6069000000,11512000000,8577000000,27.26,None,95.03,60.49
2025-12-28,SRE,3.25,13711000000.0,27.26,None,0.733,47.74,None,668000000,668000000,3176000000,258624000,None,7070000000,7070000000,3828000000,None,None,3892000000,None,None,626000000,2.555,0.0288,-0.882,0.19,1202000000,1828000000,0.92,2007-12-31,17.33,170000000,5667000000.0,4442000000,947000000,34000000,9000000,9000000,None,310000000,None,224000000,None,None,4655000000,None,None,913000000,None,None,None,0.145,3380000000,1062000000,5249000000,4832000000,None,None,None,1.904,1.857,4.218,0.158,14884000000,2025-11-05,quarterly,1.11,USD,pre-market,None,5464000000,0.0185,0.0677,0.135,21.15,None,5624000000,1071000000,1000000,81.2,91.17,20.6522,28717000000,9964000000,10394000000,20051000000,18753000000,11031000000,11512000000,8339000000,27.26,None,95.03,60.49
2025-12-28,SRE,3.25,13711000000.0,27.26,None,0.733,47.74,None,1073000000,1073000000,-156000000,528558000,None,7070000000,7070000000,3947000000,None,None,3393000000,None,None,626000000,2.555,0.0288,-0.882,0.19,1202000000,1828000000,0.92,2007-09-30,17.33,None,5667000000.0,4442000000,947000000,34000000,None,None,None,310000000,None,325000000,None,None,4604000000,None,None,913000000,None,None,None,0.145,3380000000,1062000000,6339000000,4671000000,None,None,None,1.904,1.857,4.218,0.158,14329000000,2025-11-05,quarterly,1.11,USD,pre-market,None,5256000000,0.0185,0.0677,0.135,21.15,None,5715000000,1213000000,1000000,81.2,91.17,20.6522,29302000000,11130000000,9831000000,21057000000,18172000000,6047000000,11512000000,8080000000,27.26,None,95.03,60.49
2025-12-28,SRE,3.25,13711000000.0,27.26,None,0.733,47.74,None,1353000000,1353000000,-156000000,264963000,None,7070000000,7070000000,3849000000,None,None,3028000000,None,None,626000000,2.555,0.0288,-0.882,0.19,1202000000,1828000000,0.92,2007-06-30,17.33,None,5667000000.0,4442000000,947000000,34000000,None,None,None,310000000,None,167000000,None,None,4321000000,None,None,913000000,None,None,None,0.145,3380000000,1062000000,6040000000,4623000000,None,None,None,1.904,1.857,4.218,0.158,14050000000,2025-11-05,quarterly,1.11,USD,pre-market,None,5032000000,0.0185,0.0677,0.135,21.15,None,5186000000,967000000,1000000,81.2,91.17,20.6522,28477000000,10588000000,9467000000,20312000000,17889000000,5660000000,11512000000,7989000000,27.26,None,95.03,60.49
2025-12-28,SRE,3.25,13711000000.0,27.26,None,0.733,47.74,None,1659000000,1659000000,-155000000,527992000,None,7070000000,7070000000,3782000000,None,None,3369000000,None,None,626000000,2.555,0.0288,-0.882,0.19,1202000000,1828000000,0.92,2007-03-31,17.33,None,5667000000.0,4442000000,947000000,34000000,None,None,None,310000000,None,111000000,None,None,4682000000,None,None,913000000,None,None,None,0.145,3380000000,1062000000,5592000000,5203000000,None,None,None,1.904,1.857,4.218,0.158,13486000000,2025-11-05,quarterly,1.11,USD,pre-market,None,4837000000,0.0185,0.0677,0.135,21.15,None,4621000000,101000000,1000000,81.2,91.17,20.6522,28024000000,10731000000,9200000000,20315000000,17293000000,5474000000,11512000000,7709000000,27.26,None,95.03,60.49
2025-12-28,SRE,3.25,13711000000.0,27.26,None,0.733,47.74,None,924000000,924000000,3245000000,259459000,None,7070000000,7070000000,1587000000,None,None,4082000000,None,None,626000000,2.555,0.0288,-0.882,0.19,1202000000,1828000000,0.92,2006-12-31,17.33,170000000,5667000000.0,4442000000,947000000,34000000,170000000,170000000,None,310000000,None,215000000,None,None,4687000000,None,None,913000000,None,None,None,0.145,3380000000,1062000000,6795000000,7376000000,None,None,None,1.904,1.857,4.218,0.158,13175000000,2025-11-05,quarterly,1.11,USD,pre-market,None,4681000000,0.0185,0.0677,0.135,21.15,None,5458000000,933000000,4000000,81.2,91.17,20.6522,28949000000,12016000000,10349000000,21438000000,16933000000,600000000,11512000000,7511000000,27.26,None,95.03,60.49
2025-12-28,SRE,3.25,13711000000.0,27.26,None,0.733,47.74,None,1501000000,1501000000,-153000000,262102000,None,7070000000,7070000000,4448000000,None,None,3499000000,None,None,626000000,2.555,0.0288,-0.882,0.19,1202000000,1828000000,0.92,2006-09-30,17.33,None,5667000000.0,4442000000,947000000,34000000,None,None,None,310000000,None,300000000,None,None,4578000000,None,None,913000000,None,None,None,0.145,3380000000,1062000000,7435000000,4963000000,None,None,None,1.904,1.857,4.218,0.158,12680000000,2025-11-05,quarterly,1.11,USD,pre-market,None,4635000000,0.0185,0.0677,0.135,21.15,None,5669000000,1253000000,165000000,81.2,91.17,20.6522,29046000000,12735000000,10796000000,21570000000,16311000000,5793000000,11512000000,7476000000,27.26,None,95.03,60.49
2025-12-28,SRE,3.25,13711000000.0,27.26,None,0.733,47.74,None,721000000,721000000,3157000000,520640000,None,7070000000,7070000000,3871000000,None,None,3376000000,None,None,626000000,2.555,0.0288,-0.882,0.19,1202000000,1828000000,0.92,2006-06-30,17.33,None,5667000000.0,4442000000,947000000,34000000,None,None,None,310000000,None,136000000,None,None,4414000000,None,None,913000000,None,None,None,0.145,3380000000,1062000000,6999000000,4784000000,None,None,None,1.904,1.857,4.218,0.158,12385000000,2025-11-05,quarterly,1.11,USD,pre-market,None,4060000000,0.0185,0.0677,0.135,21.15,None,5470000000,1056000000,4000000,81.2,91.17,20.6522,27287000000,11232000000,9829000000,20460000000,16055000000,5827000000,11512000000,6827000000,27.26,None,95.03,60.49
2025-12-28,SRE,3.25,13711000000.0,27.26,None,0.733,47.74,None,650000000,650000000,3093000000,518502000,None,7070000000,7070000000,4286000000,None,None,3940000000,None,None,626000000,2.555,0.0288,-0.882,0.19,1202000000,1828000000,0.92,2006-03-31,17.33,None,5667000000.0,4442000000,947000000,34000000,None,None,None,310000000,None,98000000,None,None,4940000000,None,None,913000000,None,None,None,0.145,3380000000,1062000000,7400000000,5473000000,None,None,None,1.904,1.857,4.218,0.158,12169000000,2025-11-05,quarterly,1.11,USD,pre-market,None,3765000000,0.0185,0.0677,0.135,21.15,None,5540000000,762000000,4000000,81.2,91.17,20.6522,28050000000,12088000000,10716000000,21567000000,15962000000,6062000000,11512000000,6483000000,27.26,None,95.03,60.49
2025-12-28,SRE,3.25,13711000000.0,27.26,None,0.733,47.74,None,772000000,772000000,2958000000,254257000,None,7070000000,7070000000,1394000000,None,None,4515000000,None,None,626000000,2.555,0.0288,-0.882,0.19,1202000000,1828000000,0.92,2005-12-31,17.33,None,5667000000.0,4442000000,947000000,34000000,None,None,None,310000000,None,212000000,None,None,4985000000,None,None,913000000,None,None,None,0.145,3380000000,1062000000,8326000000,9194000000,None,None,None,1.904,1.857,4.218,0.158,12101000000,2025-11-05,quarterly,1.11,USD,pre-market,None,3588000000,0.0185,0.0677,0.135,21.15,None,5885000000,1141000000,9000000,81.2,91.17,20.6522,29213000000,13318000000,12253000000,23053000000,15419000000,5133000000,11512000000,6160000000,27.26,None,95.03,60.49
2025-12-28,SRE,3.25,13711000000.0,27.26,None,0.733,47.74,None,503000000,503000000,2952000000,257370000,None,7070000000,7070000000,1088000000,None,None,800000000,None,None,626000000,2.555,0.0288,-0.882,0.19,1202000000,1828000000,0.92,2005-09-30,17.33,None,5667000000.0,4442000000,947000000,34000000,None,None,None,310000000,None,240000000,None,None,4508000000,None,None,913000000,None,None,None,0.145,3380000000,1062000000,11925000000,11652000000,None,None,None,1.904,1.857,4.218,0.158,11780000000,2025-11-05,quarterly,1.11,USD,pre-market,None,3308000000,0.0185,0.0677,0.135,21.15,None,4651000000,305000000,12000000,81.2,91.17,20.6522,28979000000,13468000000,13120000000,23102000000,15511000000,5529000000,11512000000,5877000000,27.26,None,95.03,60.49
2025-12-28,SRE,3.25,13711000000.0,27.26,None,0.733,47.74,None,1565000000,1565000000,13520000000,637943000,None,7070000000,7070000000,2238000000,None,4290000000,2483000000,None,None,626000000,2.555,0.0288,-0.882,0.19,1202000000,1828000000,0.92,2024-12-31,17.33,1602000000,5667000000.0,4442000000,947000000,34000000,292000000,292000000,None,310000000,None,559000000,None,None,31558000000,None,19071000000,913000000,None,None,None,0.145,3380000000,1062000000,678000000,3148000000,None,3214000000,None,1.904,1.857,4.218,0.158,62614000000,2025-11-05,annual,1.11,USD,pre-market,None,16979000000,0.0185,0.0677,0.135,21.15,None,35848000000,4290000000,22882000000,81.2,91.17,20.6522,96155000000,5285000000,9676000000,58367000000,90870000000,48691000000,11512000000,31242000000,27.26,None,95.03,60.49
2025-12-28,SRE,3.25,13711000000.0,27.26,None,0.733,47.74,None,236000000,236000000,12204000000,632733000,None,7070000000,7070000000,2211000000,None,3317000000,2837000000,None,None,626000000,2.555,0.0288,-0.882,0.19,1202000000,1828000000,0.92,2023-12-31,17.33,1602000000,5667000000.0,4442000000,947000000,34000000,318000000,318000000,None,310000000,None,482000000,None,None,27759000000,None,17651000000,913000000,None,None,None,0.145,3380000000,1062000000,1915000000,4562000000,None,2329000000,None,1.904,1.857,4.218,0.158,55683000000,2025-11-05,annual,1.11,USD,pre-market,None,15732000000,0.0185,0.0677,0.135,21.15,None,31076000000,3317000000,-244000000,81.2,91.17,20.6522,87181000000,5470000000,10090000000,53527000000,81711000000,43437000000,11512000000,28695000000,27.26,None,95.03,60.49
2025-12-28,SRE,3.25,13711000000.0,27.26,None,0.733,47.74,None,370000000,370000000,12160000000,632756000,None,7070000000,7070000000,1994000000,None,4371000000,3487000000,None,None,626000000,2.555,0.0288,-0.882,0.19,1202000000,1828000000,0.92,2022-12-31,17.33,1602000000,5667000000.0,4442000000,947000000,34000000,344000000,344000000,None,310000000,None,403000000,None,None,23262000000,None,16821000000,913000000,None,None,None,0.145,3380000000,1062000000,1652000000,3486000000,None,565000000,None,1.904,1.857,4.218,0.158,48437000000,2025-11-05,annual,1.11,USD,pre-market,None,14201000000,0.0185,0.0677,0.135,21.15,None,28919000000,4371000000,251000000,81.2,91.17,20.6522,78574000000,5912000000,9899000000,49318000000,72662000000,39419000000,11512000000,27135000000,27.26,None,95.03,60.49
2025-12-28,SRE,3.25,13711000000.0,27.26,-15046000000,0.733,47.74,None,559000000,559000000,11862000000,626072000,None,7070000000,7070000000,1671000000,None,3577000000,2571000000,None,None,626000000,2.555,0.0288,-0.882,0.19,1202000000,1828000000,0.92,2021-12-31,17.33,1602000000,5667000000.0,4442000000,947000000,34000000,370000000,370000000,None,310000000,None,389000000,None,None,19776000000,None,16481000000,913000000,None,None,None,0.145,3380000000,1062000000,856000000,4787000000,None,13523000000,None,1.904,1.857,4.218,0.158,43894000000,2025-11-05,annual,1.11,USD,pre-market,None,13548000000,0.0185,0.0677,0.135,21.15,None,24645000000,3577000000,None,81.2,91.17,20.6522,72045000000,4375000000,10035000000,44626000000,67670000000,34591000000,11512000000,26001000000,27.26,None,95.03,60.49
2025-12-28,SRE,3.25,13711000000.0,27.26,-13925000000,0.733,47.74,None,960000000,960000000,7053000000,584504000,None,7070000000,7070000000,1359000000,None,2425000000,2114000000,None,None,626000000,2.555,0.0288,-0.882,0.19,1202000000,1828000000,0.92,2020-12-31,17.33,1602000000,5667000000.0,4442000000,947000000,34000000,202000000,202000000,None,310000000,None,308000000,None,None,21781000000,None,16072000000,913000000,None,None,None,0.145,3380000000,1062000000,1129000000,3055000000,None,13069000000,None,1.904,1.857,4.218,0.158,40003000000,2025-11-05,annual,1.11,USD,pre-market,None,13673000000,0.0185,0.0677,0.135,21.15,None,24206000000,2425000000,12440000000,81.2,91.17,20.6522,66623000000,4511000000,6839000000,41689000000,62112000000,34850000000,11512000000,23393000000,27.26,None,95.03,60.49
2025-12-28,SRE,3.25,13711000000.0,27.26,-12877000000,0.733,47.74,None,108000000,108000000,7480000000,564066000,None,7070000000,7070000000,1234000000,None,5031000000,1860000000,None,None,626000000,2.555,0.0288,-0.882,0.19,1202000000,1828000000,0.92,2019-12-31,17.33,1602000000,5667000000.0,4442000000,947000000,34000000,213000000,213000000,None,310000000,None,277000000,None,None,20785000000,None,15785000000,913000000,None,None,None,0.145,3380000000,1062000000,1094000000,2533000000,None,13925000000,None,1.904,1.857,4.218,0.158,36452000000,2025-11-05,annual,1.11,USD,pre-market,None,11130000000,0.0185,0.0677,0.135,21.15,None,25816000000,5109000000,None,81.2,91.17,20.6522,65665000000,3339000000,9150000000,43860000000,62326000000,34710000000,11512000000,19949000000,27.26,None,95.03,60.49
2025-12-28,SRE,3.25,13711000000.0,27.26,-12519000000,0.733,47.74,None,102000000,102000000,5540000000,539704000,None,7070000000,7070000000,1160000000,None,3752000000,1632000000,None,None,626000000,2.555,0.0288,-0.882,0.19,1202000000,1828000000,0.92,2018-12-31,17.33,1602000000,5667000000.0,4442000000,947000000,34000000,224000000,224000000,None,310000000,None,258000000,None,None,21611000000,None,14112000000,913000000,None,None,None,0.145,3380000000,1062000000,1653000000,2611000000,None,12256000000,None,1.904,1.857,4.218,0.158,36796000000,2025-11-05,annual,1.11,USD,pre-market,None,10104000000,0.0185,0.0677,0.135,21.15,None,24571000000,3752000000,2000000,81.2,91.17,20.6522,60638000000,3645000000,7523000000,41390000000,56993000000,33867000000,11512000000,17158000000,27.26,None,95.03,60.49
2025-12-28,SRE,3.25,13711000000.0,27.26,-11605000000,0.733,47.74,None,288000000,288000000,3149000000,504600000,None,7070000000,7070000000,1350000000,None,2967000000,1731000000,None,None,626000000,2.555,0.0288,-0.882,0.19,1202000000,1828000000,0.92,2017-12-31,17.33,2397000000,5667000000.0,4442000000,947000000,34000000,596000000,596000000,None,310000000,None,307000000,None,None,16445000000,None,4576000000,913000000,None,None,None,0.145,3380000000,1062000000,1015000000,2318000000,None,12234000000,None,1.904,1.857,4.218,0.158,36503000000,2025-11-05,annual,1.11,USD,pre-market,None,10147000000,0.0185,0.0677,0.135,21.15,None,19412000000,2967000000,66000000,81.2,91.17,20.6522,50454000000,3341000000,6635000000,35314000000,47113000000,28679000000,11512000000,12690000000,27.26,0,95.03,60.49
2025-12-28,SRE,3.25,13711000000.0,27.26,-10693000000,0.733,47.74,None,349000000,349000000,2982000000,502310000,None,7070000000,7070000000,1346000000,None,2692000000,1623000000,None,None,626000000,2.555,0.0288,-0.882,0.19,1202000000,1828000000,0.92,2016-12-31,17.33,2364000000,5667000000.0,4442000000,947000000,34000000,548000000,548000000,None,310000000,None,258000000,None,None,14429000000,None,3930000000,913000000,None,None,None,0.145,3380000000,1062000000,1029000000,1736000000,None,12189000000,None,1.904,1.857,4.218,0.158,32931000000,2025-11-05,annual,1.11,USD,pre-market,None,10717000000,0.0185,0.0677,0.135,21.15,None,17121000000,2692000000,83000000,81.2,91.17,20.6522,47786000000,3110000000,5927000000,32545000000,44676000000,26618000000,11512000000,12971000000,27.26,0,95.03,60.49
2025-12-28,SRE,3.25,13711000000.0,27.26,-10161000000,0.733,47.74,None,403000000,403000000,2621000000,501846000,None,7070000000,7070000000,1133000000,None,907000000,1509000000,None,None,626000000,2.555,0.0288,-0.882,0.19,1202000000,1828000000,0.92,2015-12-31,17.33,819000000,5667000000.0,4442000000,947000000,34000000,404000000,404000000,None,310000000,None,298000000,None,None,149000000,None,4154000000,913000000,None,None,None,0.145,3380000000,1062000000,681000000,1908000000,None,4454000000,None,1.904,1.857,4.218,0.158,28039000000,2025-11-05,annual,1.11,USD,pre-market,None,9994000000,0.0185,0.0677,0.135,21.15,None,14663000000,1529000000,80000000,81.2,91.17,20.6522,41150000000,2891000000,4612000000,28571000000,38259000000,23959000000,11512000000,11829000000,27.26,0,95.03,60.49
2025-12-28,SRE,3.25,13711000000.0,27.26,-9505000000,0.733,47.74,None,570000000,570000000,2484000000,501310000,None,7070000000,7070000000,1198000000,None,469000000,1477000000,None,None,626000000,2.555,0.0288,-0.882,0.19,1202000000,1828000000,0.92,2014-12-31,17.33,931000000,5667000000.0,4442000000,947000000,34000000,415000000,415000000,None,310000000,None,396000000,None,None,144000000,None,4167000000,913000000,None,None,None,0.145,3380000000,1062000000,1741000000,1576000000,None,4216000000,None,1.904,1.857,4.218,0.158,25902000000,2025-11-05,annual,1.11,USD,pre-market,None,9339000000,0.0185,0.0677,0.135,21.15,None,14288000000,2202000000,18000000,81.2,91.17,20.6522,39651000000,4184000000,5069000000,27551000000,35548000000,22563000000,11512000000,11346000000,27.26,0,95.03,60.49
2025-12-28,SRE,3.25,13711000000.0,27.26,-8947000000,0.733,47.74,None,904000000,904000000,2409000000,498664000,None,7070000000,7070000000,1088000000,None,None,1611000000,None,None,626000000,2.555,0.0288,-0.882,0.19,1202000000,1828000000,0.92,2013-12-31,17.33,1024000000,5667000000.0,4442000000,947000000,34000000,426000000,426000000,None,310000000,None,287000000,None,None,155000000,None,2623000000,913000000,None,None,None,0.145,3380000000,1062000000,1173000000,1525000000,None,3920000000,None,1.904,1.857,4.218,0.158,25460000000,2025-11-05,annual,1.11,USD,pre-market,None,8827000000,0.0185,0.0677,0.135,21.15,None,12945000000,1692000000,22000000,81.2,91.17,20.6522,37244000000,3997000000,4369000000,25394000000,33247000000,21025000000,11512000000,11028000000,27.26,0,95.03,60.49
2025-12-28,SRE,3.25,13711000000.0,27.26,None,0.733,47.74,None,475000000,475000000,2217000000,493386000,None,7070000000,7070000000,976000000,None,None,1618000000,None,None,626000000,2.555,0.0288,-0.882,0.19,1202000000,1828000000,0.92,2012-12-31,17.33,1111000000,5667000000.0,4442000000,947000000,34000000,436000000,436000000,None,310000000,None,408000000,None,None,11621000000,None,None,913000000,None,None,None,0.145,3380000000,1062000000,1194000000,2011000000,None,None,None,1.904,1.857,4.218,0.158,25191000000,2025-11-05,annual,1.11,USD,pre-market,None,8441000000,0.0185,0.0677,0.135,21.15,None,12892000000,1271000000,-22000000,81.2,91.17,20.6522,36499000000,3695000000,4258000000,25737000000,32804000000,21479000000,11512000000,10381000000,27.26,0,95.03,60.49
2025-12-28,SRE,3.25,13711000000.0,27.26,None,0.733,47.74,None,252000000,252000000,2104000000,483046000,None,7070000000,7070000000,983000000,None,None,1355000000,None,None,626000000,2.555,0.0288,-0.882,0.19,1202000000,1828000000,0.92,2011-12-31,17.33,1036000000,5667000000.0,4442000000,947000000,34000000,448000000,448000000,None,310000000,None,346000000,None,None,10078000000,None,None,913000000,None,None,None,0.145,3380000000,1062000000,379000000,2390000000,None,None,None,1.904,1.857,4.218,0.158,23572000000,2025-11-05,annual,1.11,USD,pre-market,None,8225000000,0.0185,0.0677,0.135,21.15,None,10863000000,785000000,-691000000,81.2,91.17,20.6522,33356000000,2332000000,4163000000,22992000000,30917000000,18873000000,11512000000,9838000000,27.26,None,95.03,60.49
2025-12-28,SRE,3.25,13711000000.0,27.26,None,0.733,47.74,None,912000000,912000000,2028000000,495884000,None,7070000000,7070000000,755000000,None,None,1614000000,None,None,626000000,2.555,0.0288,-0.882,0.19,1202000000,1828000000,0.92,2010-12-31,17.33,87000000,5667000000.0,4442000000,947000000,34000000,453000000,453000000,None,310000000,None,258000000,None,None,8980000000,None,None,913000000,None,None,None,0.145,3380000000,1062000000,569000000,2359000000,None,None,None,1.904,1.857,4.218,0.158,19876000000,2025-11-05,annual,1.11,USD,pre-market,None,7329000000,0.0185,0.0677,0.135,21.15,None,9487000000,196000000,131000000,81.2,91.17,20.6522,30283000000,3353000000,3786000000,20966000000,26930000000,17180000000,11512000000,9206000000,27.26,0,95.03,60.49
2025-12-28,SRE,3.25,13711000000.0,27.26,None,0.733,47.74,None,7000000,7000000,2405000000,494768000,None,7070000000,7070000000,522000000,None,None,1665000000,None,None,626000000,2.555,0.0288,-0.882,0.19,1202000000,1828000000,0.92,2009-12-31,17.33,0,5667000000.0,4442000000,947000000,34000000,1665000000,1665000000,None,310000000,None,197000000,None,None,7462000000,None,None,913000000,None,None,None,0.145,3380000000,1062000000,323000000,2175000000,None,None,None,1.904,1.857,4.218,0.158,18281000000,2025-11-05,annual,1.11,USD,pre-market,None,6971000000,0.0185,0.0677,0.135,21.15,None,8651000000,1191000000,103000000,81.2,91.17,20.6522,28512000000,2295000000,3888000000,19182000000,26217000000,15294000000,11512000000,9186000000,27.26,0,95.03,60.49
2025-12-28,SRE,3.25,13711000000.0,27.26,None,0.733,47.74,None,331000000,331000000,2247000000,502318000,None,7070000000,7070000000,412000000,None,None,1176000000,None,None,626000000,2.555,0.0288,-0.882,0.19,1202000000,1828000000,0.92,2008-12-31,17.33,73000000,5667000000.0,4442000000,947000000,34000000,466000000,466000000,None,310000000,None,320000000,None,None,6646000000,None,None,913000000,None,None,None,0.145,3380000000,1062000000,313000000,2249000000,None,None,None,1.904,1.857,4.218,0.158,16865000000,2025-11-05,annual,1.11,USD,pre-market,None,6235000000,0.0185,0.0677,0.135,21.15,None,7457000000,951000000,176000000,81.2,91.17,20.6522,26400000000,2476000000,3612000000,18012000000,23924000000,14400000000,11512000000,8148000000,27.26,None,95.03,60.49
2025-12-28,SRE,3.25,13711000000.0,27.26,None,0.733,47.74,None,668000000,668000000,3176000000,528008000,None,7070000000,7070000000,3828000000,None,None,3892000000,None,None,626000000,2.555,0.0288,-0.882,0.19,1202000000,1828000000,0.92,2007-12-31,17.33,170000000,5667000000.0,4442000000,947000000,34000000,9000000,9000000,None,310000000,None,224000000,None,None,4655000000,None,None,913000000,None,None,None,0.145,3380000000,1062000000,5179000000,4832000000,None,None,None,1.904,1.857,4.218,0.158,14884000000,2025-11-05,annual,1.11,USD,pre-market,None,5464000000,0.0185,0.0677,0.135,21.15,None,5624000000,1071000000,6784000000,81.2,91.17,20.6522,30091000000,9964000000,10394000000,21752000000,18753000000,11031000000,11512000000,8518000000,27.26,None,95.03,60.49
2025-12-28,SRE,3.25,13711000000.0,27.26,None,0.733,47.74,None,924000000,924000000,3245000000,522736000,None,7070000000,7070000000,1587000000,None,None,4082000000,None,None,626000000,2.555,0.0288,-0.882,0.19,1202000000,1828000000,0.92,2006-12-31,17.33,None,5667000000.0,4442000000,947000000,34000000,170000000,170000000,None,310000000,None,215000000,None,None,4687000000,None,None,913000000,None,None,None,0.145,3380000000,1062000000,6795000000,7376000000,None,None,None,1.904,1.857,4.218,0.158,13175000000,2025-11-05,annual,1.11,USD,pre-market,None,4681000000,0.0185,0.0677,0.135,21.15,None,5458000000,933000000,4000000,81.2,91.17,20.6522,28949000000,12016000000,10349000000,21259000000,16933000000,10910000000,11512000000,7690000000,27.26,None,95.03,60.49
2025-12-28,SRE,3.25,13711000000.0,27.26,None,0.733,47.74,None,772000000,772000000,2958000000,504176000,None,7070000000,7070000000,1394000000,None,None,4515000000,None,None,626000000,2.555,0.0288,-0.882,0.19,1202000000,1828000000,0.92,2005-12-31,17.33,None,5667000000.0,4442000000,947000000,34000000,None,None,None,310000000,None,212000000,None,None,4985000000,None,None,913000000,None,None,None,0.145,3380000000,1062000000,8326000000,9432000000,None,None,None,1.904,1.857,4.218,0.158,12101000000,2025-11-05,annual,1.11,USD,pre-market,None,3588000000,0.0185,0.0677,0.135,21.15,None,5885000000,1141000000,9000000,81.2,91.17,20.6522,29246000000,13827000000,12253000000,22907000000,15419000000,10654000000,11512000000,6160000000,27.26,None,95.03,60.49
