date,symbol,eps,revenue_ttm,pe_ratio,accumulateddepreciationamortizationppe,beta,book_value,capitalexpenditures,capitalleaseobligations,cashandcashequivalentsatcarryingvalue,cashandshortterminvestments,cashflowfromfinancing,cashflowfrominvestment,changeincashandcashequivalents,changeinexchangerate,changeininventory,changeinoperatingassets,changeinoperatingliabilities,changeinreceivables,commonstock,commonstocksharesoutstanding,comprehensiveincomenetoftax,costofgoodsandservicessold,costofrevenue,currentaccountspayable,currentdebt,currentlongtermdebt,currentnetreceivables,deferredrevenue,depreciation,depreciationandamortization,depreciationdepletionandamortization,dividend_per_share,dividend_yield,dividendpayout,dividendpayoutcommonstock,dividendpayoutpreferredstock,earnings_growth_yoy,earnings_surprise,ebit,ebitda,estimated_eps,fiscaldateending,forward_pe,goodwill,gross_profit_ttm,grossprofit,incomebeforetax,incometaxexpense,intangibleassets,intangibleassetsexcludinggoodwill,interestanddebtexpense,interestexpense,interestincome,inventory,investmentincomenet,investments,longtermdebt,longtermdebtnoncurrent,longterminvestments,netincome,netincomefromcontinuingoperations,netinterestincome,noninterestincome,operating_margin_ttm,operatingcashflow,operatingexpenses,operatingincome,othercurrentassets,othercurrentliabilities,othernoncurrentassets,othernoncurrentliabilities,othernonoperatingincome,paymentsforoperatingactivities,paymentsforrepurchaseofcommonstock,paymentsforrepurchaseofequity,paymentsforrepurchaseofpreferredstock,peg_ratio,price_to_book,price_to_sales_ttm,proceedsfromissuanceofcommonstock,proceedsfromissuanceoflongtermdebtandcapitalsecuritiesnet,proceedsfromissuanceofpreferredstock,proceedsfromoperatingactivities,proceedsfromrepaymentsofshorttermdebt,proceedsfromrepurchaseofequity,proceedsfromsaleoftreasurystock,profit_margin,profitloss,propertyplantequipment,report_date,report_type,reported_eps,reportedcurrency,reporttime,researchanddevelopment,retainedearnings,return_on_assets_ttm,return_on_equity_ttm,revenue_growth_yoy,revenue_per_share_ttm,sellinggeneralandadministrative,shortlongtermdebttotal,shorttermdebt,shortterminvestments,sma_200,sma_50,surprise_pct,totalassets,totalcurrentassets,totalcurrentliabilities,totalliabilities,totalnoncurrentassets,totalnoncurrentliabilities,totalrevenue,totalshareholderequity,trailing_pe,treasurystock,week_52_high,week_52_low
1998-03-31,SYBT,,,,,,,,,,,,,,,,,,,,,,,,,,,,,,,,,,,,,,0.0,,,,,,,,,,,,,,,,,,,,,,,,,,,,,,,,,,,,,,,,,,,,,,,,,,,,1998-03-31,,0.0884,,pre-market,,,,,,,,,,,,,,,,,,,,,,,,,
1998-06-30,SYBT,,,,,,,,,,,,,,,,,,,,,,,,,,,,,,,,,,,,,,0.0,,,,,,,,,,,,,,,,,,,,,,,,,,,,,,,,,,,,,,,,,,,,,,,,,,,,1998-06-30,,0.0955,,pre-market,,,,,,,,,,,,,,,,,,,,,,,,,
1998-09-30,SYBT,,,,,,,,,,,,,,,,,,,,,,,,,,,,,,,,,,,,,,0.0,,,,,,,,,,,,,,,,,,,,,,,,,,,,,,,,,,,,,,,,,,,,,,,,,,,,1998-09-30,,0.1011,,pre-market,,,,,,,,,,,,,,,,,,,,,,,,,
1999-03-31,SYBT,,,,,,,,,,,,,,,,,,,,,,,,,,,,,,,,,,,,,,0.0,,,,,,,,,,,,,,,,,,,,,,,,,,,,,,,,,,,,,,,,,,,,,,,,,,,,1999-03-31,,0.1036,,pre-market,,,,,,,,,,,,,,,,,,,,,,,,,
1999-06-30,SYBT,,,,,,,,,,,,,,,,,,,,,,,,,,,,,,,,,,,,,,0.0,,,0.11,,,,,,,,,,,,,,,,,,,,,,,,,,,,,,,,,,,,,,,,,,,,,,,,,1999-07-14,,0.11,,pre-market,,,,,,,,,,,,,0.0,,,,,,,,,,,,
1999-09-30,SYBT,,,,,,,,,,,,,,,,,,,,,,,,,,,,,,,,,,,,,,0.01,,,0.11,,,,,,,,,,,,,,,,,,,,,,,,,,,,,,,,,,,,,,,,,,,,,,,,,1999-10-13,,0.12,,pre-market,,,,,,,,,,,,,9.0909,,,,,,,,,,,,
1999-12-31,SYBT,,,,,,,,,,,,,,,,,,,,,,,,,,,,,,,,,,,,,,0.0,,,0.11,,,,,,,,,,,,,,,,,,,,,,,,,,,,,,,,,,,,,,,,,,,,,,,,,2000-01-19,,0.11,,pre-market,,,,,,,,,,,,,0.0,,,,,,,,,,,,
2000-03-31,SYBT,,,,,,,,,,,,,,,,,,,,,,,,,,,,,,,,,,,,,,0.0,,,0.12,,,,,,,,,,,,,,,,,,,,,,,,,,,,,,,,,,,,,,,,,,,,,,,,,2000-04-12,,0.12,,pre-market,,,,,,,,,,,,,0.0,,,,,,,,,,,,
2000-06-30,SYBT,,,,,,,,,,,,,,,,,,,,,,,,,,,,,,,,,,,,,,0.01,,,0.13,,,,,,,,,,,,,,,,,,,,,,,,,,,,,,,,,,,,,,,,,,,,,,,,,2000-07-12,,0.14,,pre-market,,,,,,,,,,,,,7.6923,,,,,,,,,,,,
2000-09-30,SYBT,,,,,,,,,,,,,,,,,,,,,,,,,,,,,,,,,,,,,,0.02,,,0.13,,,,,,,,,,,,,,,,,,,,,,,,,,,,,,,,,,,,,,,,,,,,,,,,,2000-10-12,,0.15,,post-market,,,,,,,,,,,,,15.3846,,,,,,,,,,,,
2000-12-31,SYBT,,,,,,,,,,,,,,,,,,,,,,,,,,,,,,,,,,,,,,0.0,,,0.14,,,,,,,,,,,,,,,,,,,,,,,,,,,,,,,,,,,,,,,,,,,,,,,,,2001-01-19,,0.14,,pre-market,,,,,,,,,,,,,0.0,,,,,,,,,,,,
2001-03-31,SYBT,,,,,,,,,,,,,,,,,,,,,,,,,,,,,,,,,,,,,,-0.01,,,0.15,,,,,,,,,,,,,,,,,,,,,,,,,,,,,,,,,,,,,,,,,,,,,,,,,2001-04-12,,0.14,,pre-market,,,,,,,,,,,,,-6.6667,,,,,,,,,,,,
2001-06-30,SYBT,,,,,,,,,,,,,,,,,,,,,,,,,,,,,,,,,,,,,,0.01,,,0.15,,,,,,,,,,,,,,,,,,,,,,,,,,,,,,,,,,,,,,,,,,,,,,,,,2001-07-11,,0.16,,post-market,,,,,,,,,,,,,6.6667,,,,,,,,,,,,
2001-09-30,SYBT,,,,,,,,,,,,,,,,,,,,,,,,,,,,,,,,,,,,,,0.0,,,0.16,,,,,,,,,,,,,,,,,,,,,,,,,,,,,,,,,,,,,,,,,,,,,,,,,2001-10-10,,0.16,,post-market,,,,,,,,,,,,,0.0,,,,,,,,,,,,
2001-12-31,SYBT,,,,,,,,,,,,,,,,,,,,,,,,,,,,,,,,,,,,,,0.01,,,0.16,,,,,,,,,,,,,,,,,,,,,,,,,,,,,,,,,,,,,,,,,,,,,,,,,2002-01-23,,0.17,,post-market,,,,,,,,,,,,,6.25,,,,,,,,,,,,
2002-03-31,SYBT,,,,,,,,,,,,,,,,,,,,,,,,,,,,,,,,,,,,,,0.0,,,0.17,,,,,,,,,,,,,,,,,,,,,,,,,,,,,,,,,,,,,,,,,,,,,,,,,2002-04-17,,0.17,,post-market,,,,,,,,,,,,,0.0,,,,,,,,,,,,
2002-06-30,SYBT,,,,,,,,,,,,,,,,,,,,,,,,,,,,,,,,,,,,,,0.0,,,0.17,,,,,,,,,,,,,,,,,,,,,,,,,,,,,,,,,,,,,,,,,,,,,,,,,2002-07-17,,0.17,,post-market,,,,,,,,,,,,,0.0,,,,,,,,,,,,
2002-09-30,SYBT,,,,,,,,,,,,,,,,,,,,,,,,,,,,,,,,,,,,,,0.02,,,0.17,,,,,,,,,,,,,,,,,,,,,,,,,,,,,,,,,,,,,,,,,,,,,,,,,2002-10-16,,0.19,,post-market,,,,,,,,,,,,,11.7647,,,,,,,,,,,,
2002-12-31,SYBT,,,,,,,,,,,,,,,,,,,,,,,,,,,,,,,,,,,,,,0.01,,,0.18,,,,,,,,,,,,,,,,,,,,,,,,,,,,,,,,,,,,,,,,,,,,,,,,,2003-01-23,,0.19,,post-market,,,,,,,,,,,,,5.5556,,,,,,,,,,,,
2003-03-31,SYBT,,,,,,,,,,,,,,,,,,,,,,,,,,,,,,,,,,,,,,0.0,,,0.19,,,,,,,,,,,,,,,,,,,,,,,,,,,,,,,,,,,,,,,,,,,,,,,,,2003-04-16,,0.19,,post-market,,,,,,,,,,,,,0.0,,,,,,,,,,,,
2003-06-30,SYBT,,,,,,,,,,,,,,,,,,,,,,,,,,,,,,,,,,,,,,0.0,,,0.19,,,,,,,,,,,,,,,,,,,,,,,,,,,,,,,,,,,,,,,,,,,,,,,,,2003-07-16,,0.19,,post-market,,,,,,,,,,,,,0.0,,,,,,,,,,,,
2003-09-30,SYBT,,,,,,,,,,,,,,,,,,,,,,,,,,,,,,,,,,,,,,0.04,,,0.19,,,,,,,,,,,,,,,,,,,,,,,,,,,,,,,,,,,,,,,,,,,,,,,,,2003-10-22,,0.23,,post-market,,,,,,,,,,,,,21.0526,,,,,,,,,,,,
2003-12-31,SYBT,,,,,,,,,,,,,,,,,,,,,,,,,,,,,,,,,,,,,,0.0,,,0.2,,,,,,,,,,,,,,,,,,,,,,,,,,,,,,,,,,,,,,,,,,,,,,,,,2004-01-22,,0.2,,post-market,,,,,,,,,,,,,0.0,,,,,,,,,,,,
2004-03-31,SYBT,,,,,,,,,,,,,,,,,,,,,,,,,,,,,,,,,,,,,,-0.01,,,0.21,,,,,,,,,,,,,,,,,,,,,,,,,,,,,,,,,,,,,,,,,,,,,,,,,2004-04-21,,0.2,,pre-market,,,,,,,,,,,,,-4.7619,,,,,,,,,,,,
2004-06-30,SYBT,,,,,,,,,,,,,,,,,,,,,,,,,,,,,,,,,,,,,,-0.01,,,0.21,,,,,,,,,,,,,,,,,,,,,,,,,,,,,,,,,,,,,,,,,,,,,,,,,2004-07-21,,0.2,,post-market,,,,,,,,,,,,,-4.7619,,,,,,,,,,,,
2004-09-30,SYBT,,,,,,,,,,,,,,,,,,,,,,,,,,,,,,,,,,,,,,0.0,,,0.22,,,,,,,,,,,,,,,,,,,,,,,,,,,,,,,,,,,,,,,,,,,,,,,,,2004-10-20,,0.22,,post-market,,,,,,,,,,,,,0.0,,,,,,,,,,,,
2004-12-31,SYBT,,,,,,,,,,,,,,,,,,,,,,,,,,,,,,,,,,,,,,-0.01,,,0.23,,,,,,,,,,,,,,,,,,,,,,,,,,,,,,,,,,,,,,,,,,,,,,,,,2005-01-21,,0.22,,pre-market,,,,,,,,,,,,,-4.3478,,,,,,,,,,,,
2005-03-31,SYBT,,,,,,,,,,,,,,,,,,,,,,,,,,,,,,,,,,,,,,0.0,,,0.22,,,,,,,,,,,,,,,,,,,,,,,,,,,,,,,,,,,,,,,,,,,,,,,,,2005-04-20,,0.22,,post-market,,,,,,,,,,,,,0.0,,,,,,,,,,,,
2005-06-30,SYBT,,,,,,,,,,,,,,,,,,,,,,,,,,,,,,,,,,,,,,0.02,,,0.23,,,,,,,,,,,,,,,,,,,,,,,,,,,,,,,,,,,,,,,,,,,,,,,,,2005-07-21,,0.25,,pre-market,,,,,,,,,,,,,8.6957,,,,,,,,,,,,
2005-09-30,SYBT,,,,,,,,,,,,,,,,,,,,,,,,,,,,,,,,,,,,,,0.01,,,0.25,,,,,,,,,,,,,,,,,,,,,,,,,,,,,,,,,,,,,,,,,,,,,,,,,2005-10-19,,0.26,,pre-market,,,,,,,,,,,,,4.0,,,,,,,,,,,,
2005-12-31,SYBT,,,,,,,,,,,,,,,,,,,,,,,,,,,,,,,,,,,,,,-0.01,,,0.26,,,,,,,,,,,,,,,,,,,,,,,,,,,,,,,,,,,,,,,,,,,,,,,,,2006-01-19,,0.25,,post-market,,,,,,,,,,,,,-3.8462,,,,,,,,,,,,
2006-03-31,SYBT,,,,,,,,,,,,,,,,,,,,,,,,,,,,,,,,,,,,,,-0.02,,,0.26,,,,,,,,,,,,,,,,,,,,,,,,,,,,,,,,,,,,,,,,,,,,,,,,,2006-04-19,,0.24,,pre-market,,,,,,,,,,,,,-7.6923,,,,,,,,,,,,
2006-06-30,SYBT,,,,,,,,,,,,,,,,,,,,,,,,,,,,,,,,,,,,,,0.01,,,0.26,,,,,,,,,,,,,,,,,,,,,,,,,,,,,,,,,,,,,,,,,,,,,,,,,2006-07-19,,0.27,,pre-market,,,,,,,,,,,,,3.8462,,,,,,,,,,,,
2006-09-30,SYBT,,,,,,,,,,,,,,,,,,,,,,,,,,,,,,,,,,,,,,0.03,,,0.26,,,,,,,,,,,,,,,,,,,,,,,,,,,,,,,,,,,,,,,,,,,,,,,,,2006-10-18,,0.29,,pre-market,,,,,,,,,,,,,11.5385,,,,,,,,,,,,
2006-12-31,SYBT,,,,,,,,,,,,,,,,,,,,,,,,,,,,,,,,,,,,,,0.01,,,0.28,,,,,,,,,,,,,,,,,,,,,,,,,,,,,,,,,,,,,,,,,,,,,,,,,2007-01-22,,0.29,,post-market,,,,,,,,,,,,,3.5714,,,,,,,,,,,,
2007-03-31,SYBT,,,,,,,,,,,,,,,,,,,,,,,,,,,,,,,,,,,,,,-0.01,,,0.27,,,,,,,,,,,,,,,,,,,,,,,,,,,,,,,,,,,,,,,,,,,,,,,,,2007-04-18,,0.26,,pre-market,,,,,,,,,,,,,-3.7037,,,,,,,,,,,,
2007-06-30,SYBT,,,,,,,,,,,,,,,,,,,,,,,,,,,,,,,,,,,,,,0.01,,,0.28,,,,,,,,,,,,,,,,,,,,,,,,,,,,,,,,,,,,,,,,,,,,,,,,,2007-07-18,,0.29,,pre-market,,,,,,,,,,,,,3.5714,,,,,,,,,,,,
2007-09-30,SYBT,,,,,,,,,,,,,,,,,,,,,,,,,,,,,,,,,,,,,,-0.02,,,0.29,,,,,,,,,,,,,,,,,,,,,,,,,,,,,,,,,,,,,,,,,,,,,,,,,2007-10-17,,0.27,,pre-market,,,,,,,,,,,,,-6.8966,,,,,,,,,,,,
2007-12-31,SYBT,,,,,,,,,,,,,,,,,,,,,,,,,,,,,,,,,,,,,,0.01,,,0.28,,,,,,,,,,,,,,,,,,,,,,,,,,,,,,,,,,,,,,,,,,,,,,,,,2008-01-22,,0.29,,pre-market,,,,,,,,,,,,,3.5714,,,,,,,,,,,,
2008-03-31,SYBT,,,,,,,,,,,,,,,,,,,,,,,,,,,,,,,,,,,,,,0.0,,,0.25,,,,,,,,,,,,,,,,,,,,,,,,,,,,,,,,,,,,,,,,,,,,,,,,,2008-04-16,,0.25,,pre-market,,,,,,,,,,,,,0.0,,,,,,,,,,,,
2008-06-30,SYBT,,,,,,,,,,,,,,,,,,,,,,,,,,,,,,,,,,,,,,0.04,,,0.26,,,,,,,,,,,,,,,,,,,,,,,,,,,,,,,,,,,,,,,,,,,,,,,,,2008-07-16,,0.3,,pre-market,,,,,,,,,,,,,15.3846,,,,,,,,,,,,
2008-09-30,SYBT,,,,,,,,,,,,,,,,,,,,,,,,,,,,,,,,,,,,,,-0.02,,,0.29,,,,,,,,,,,,,,,,,,,,,,,,,,,,,,,,,,,,,,,,,,,,,,,,,2008-10-22,,0.27,,pre-market,,,,,,,,,,,,,-6.8966,,,,,,,,,,,,
2008-12-31,SYBT,,,,,,,,,,,,,,,,,,,,,,,,,,,,,,,,,,,,,,-0.01,,,0.26,,,,,,,,,,,,,,,,,,,,,,,,,,,,,,,,,,,,,,,,,,,,,,,,,2009-01-23,,0.25,,pre-market,,,,,,,,,,,,,-3.8462,,,,,,,,,,,,
2009-03-31,SYBT,,,,,,,,,,,,,,,,,,,,,,,,,,,,,,,,,,,,,,0.02,,,0.21,,,,,,,,,,,,,,,,,,,,,,,,,,,,,,,,,,,,,,,,,,,,,,,,,2009-04-22,,0.23,,pre-market,,,,,,,,,,,,,9.5238,,,,,,,,,,,,
2009-06-30,SYBT,,,,,,,,,,,,,,,,,,,,,,,,,,,,,,,,,,,,,,0.02,,,0.19,,,,,,,,,,,,,,,,,,,,,,,,,,,,,,,,,,,,,,,,,,,,,,,,,2009-07-22,,0.21,,pre-market,,,,,,,,,,,,,10.5263,,,,,,,,,,,,
2009-09-30,SYBT,,,,,,,,,,,,,,,,,,,,,,,,,,,,,,,,,,,,,,0.0,,,0.21,,,,,,,,,,,,,,,,,,,,,,,,,,,,,,,,,,,,,,,,,,,,,,,,,2009-10-21,,0.21,,pre-market,,,,,,,,,,,,,0.0,,,,,,,,,,,,
2009-12-31,SYBT,,,,,,,,,,,,,,,,,,,,,,,,,,,,,,,,,,,,,,0.05,,,0.22,,,,,,,,,,,,,,,,,,,,,,,,,,,,,,,,,,,,,,,,,,,,,,,,,2010-01-26,,0.27,,pre-market,,,,,,,,,,,,,22.7273,,,,,,,,,,,,
2010-03-31,SYBT,,,,,,,,,,,,,,,,,,,,,,,,,,,,,,,,,,,,,,0.01,,,0.23,,,,,,,,,,,,,,,,,,,,,,,,,,,,,,,,,,,,,,,,,,,,,,,,,2010-04-21,,0.24,,pre-market,,,,,,,,,,,,,4.3478,,,,,,,,,,,,
2010-06-30,SYBT,,,,,,,,,,,,,,,,,,,,,,,,,,,,,,,,,,,,,,0.01,,,0.26,,,,,,,,,,,,,,,,,,,,,,,,,,,,,,,,,,,,,,,,,,,,,,,,,2010-07-21,,0.27,,pre-market,,,,,,,,,,,,,3.8462,,,,,,,,,,,,
2010-09-30,SYBT,,,,,,,,,,,,,,,,,,,,,,,,,,,,,,,,,,,,,,0.04,,,0.27,,,,,,,,,,,,,,,,,,,,,,,,,,,,,,,,,,,,,,,,,,,,,,,,,2010-10-20,,0.31,,pre-market,,,,,,,,,,,,,14.8148,,,,,,,,,,,,
2010-12-31,SYBT,,,,,,,,,,,,,,,,,,,,,,,,,,,,,,,,,,,,,,0.0,,,0.29,,,,,,,,,,,,,,,,,,,,,,,,,,,,,,,,,,,,,,,,,,,,,,,,,2011-01-25,,0.29,,pre-market,,,,,,,,,,,,,0.0,,,,,,,,,,,,
2011-03-31,SYBT,,,,,,,,,,,,,,,,,,,,,,,,,,,,,,,,,,,,,,-0.01,,,0.28,,,,,,,,,,,,,,,,,,,,,,,,,,,,,,,,,,,,,,,,,,,,,,,,,2011-04-20,,0.27,,pre-market,,,,,,,,,,,,,-3.5714,,,,,,,,,,,,
2011-06-30,SYBT,,,,,,,,,,,,,,,,,,,,,,,,,,,,,,,,,,,,,,-0.01,,,0.3,,,,,,,,,,,,,,,,,,,,,,,,,,,,,,,,,,,,,,,,,,,,,,,,,2011-07-20,,0.29,,pre-market,,,,,,,,,,,,,-3.3333,,,,,,,,,,,,
2011-09-30,SYBT,,,,,,,,,,,,,,,,,,,,,,,,,,,,,,,,,,,,,,-0.01,,,0.29,,,,,,,,,,,,,,,,,,,,,,,,,,,,,,,,,,,,,,,,,,,,,,,,,2011-10-19,,0.28,,pre-market,,,,,,,,,,,,,-3.4483,,,,,,,,,,,,
2011-12-31,SYBT,,,,,,,,,,,,,,,,,,,,,,,,,,,,,,,,,,,,,,0.01,,,0.3,,,,,,,,,,,,,,,,,,,,,,,,,,,,,,,,,,,,,,,,,,,,,,,,,2012-01-25,,0.31,,pre-market,,,,,,,,,,,,,3.3333,,,,,,,,,,,,
2012-03-31,SYBT,,,,,,,,,,,,,,,,,,,,,,,,,,,,,,,,,,,,,,0.01,,,0.28,,,,,,,,,,,,,,,,,,,,,,,,,,,,,,,,,,,,,,,,,,,,,,,,,2012-04-18,,0.29,,pre-market,,,,,,,,,,,,,3.5714,,,,,,,,,,,,
2012-06-30,SYBT,,,,,,,,,,,,,,,,,,,,,,,,,,,,,,,,,,,,,,0.0,,,0.29,,,,,,,,,,,,,,,,,,,,,,,,,,,,,,,,,,,,,,,,,,,,,,,,,2012-07-18,,0.29,,pre-market,,,,,,,,,,,,,0.0,,,,,,,,,,,,
2012-09-30,SYBT,,,,,,,,,,,,,,,,,,,,,,,,,,,,,,,,,,,,,,0.02,,,0.3,,,,,,,,,,,,,,,,,,,,,,,,,,,,,,,,,,,,,,,,,,,,,,,,,2012-10-24,,0.32,,pre-market,,,,,,,,,,,,,6.6667,,,,,,,,,,,,
2012-12-31,SYBT,,,,,,,,,,,,,,,,,,,,,,,,,,,,,,,,,,,,,,0.0,,,0.31,,,,,,,,,,,,,,,,,,,,,,,,,,,,,,,,,,,,,,,,,,,,,,,,,2013-01-23,,0.31,,pre-market,,,,,,,,,,,,,0.0,,,,,,,,,,,,
2013-03-31,SYBT,,,,,,,,,,,,,,,,,,,,,,,,,,,,,,,,,,,,,,0.03,,,0.3,,,,,,,,,,,,,,,,,,,,,,,,,,,,,,,,,,,,,,,,,,,,,,,,,2013-05-06,,0.33,,post-market,,,,,,,,,,,,,10.0,,,,,,,,,,,,
2013-06-30,SYBT,,,,,,,,,,,,,,,,,,,,,,,,,,,,,,,,,,,,,,0.02,,,0.31,,,,,,,,,,,,,,,,,,,,,,,,,,,,,,,,,,,,,,,,,,,,,,,,,2013-07-24,,0.33,,pre-market,,,,,,,,,,,,,6.4516,,,,,,,,,,,,
2013-09-30,SYBT,,,,,,,,,,,,,,,,,,,,,,,,,,,,,,,,,,,,,,0.01,,,0.33,,,,,,,,,,,,,,,,,,,,,,,,,,,,,,,,,,,,,,,,,,,,,,,,,2013-10-23,,0.34,,pre-market,,,,,,,,,,,,,3.0303,,,,,,,,,,,,
2013-12-31,SYBT,,,,,,,,,,,,,,,,,,,,,,,,,,,,,,,,,,,,,,0.0,,,0.33,,,,,,,,,,,,,,,,,,,,,,,,,,,,,,,,,,,,,,,,,,,,,,,,,2014-01-27,,0.33,,pre-market,,,,,,,,,,,,,0.0,,,,,,,,,,,,
2014-03-31,SYBT,,,,,,,,,,,,,,,,,,,,,,,,,,,,,,,,,,,,,,0.03,,,0.34,,,,,,,,,,,,,,,,,,,,,,,,,,,,,,,,,,,,,,,,,,,,,,,,,2014-04-23,,0.37,,pre-market,,,,,,,,,,,,,8.8235,,,,,,,,,,,,
2014-06-30,SYBT,,,,,,,,,,,,,,,,,,,,,,,,,,,,,,,,,,,,,,0.02,,,0.35,,,,,,,,,,,,,,,,,,,,,,,,,,,,,,,,,,,,,,,,,,,,,,,,,2014-07-23,,0.37,,pre-market,,,,,,,,,,,,,5.7143,,,,,,,,,,,,
2014-09-30,SYBT,,,,,,,,,,,,,,,,,,,,,,,,,,,,,,,,,,,,,,0.07,,,0.38,,,,,,,,,,,,,,,,,,,,,,,,,,,,,,,,,,,,,,,,,,,,,,,,,2014-10-23,,0.45,,pre-market,,,,,,,,,,,,,18.4211,,,,,,,,,,,,
2014-12-31,SYBT,,,,,,,,,,,,,,,,,,,,,,,,,,,,,,,,,,,,,,0.0,,,0.39,,,,,,,,,,,,,,,,,,,,,,,,,,,,,,,,,,,,,,,,,,,,,,,,,2015-01-28,,0.39,,pre-market,,,,,,,,,,,,,0.0,,,,,,,,,,,,
2015-03-31,SYBT,,,,,,,,,,,,,,,,,,,,,,,,,,,,,,,,,,,,,,0.04,,,0.37,,,,,,,,,,,,,,,,,,,,,,,,,,,,,,,,,,,,,,,,,,,,,,,,,2015-04-22,,0.41,,pre-market,,,,,,,,,,,,,10.8108,,,,,,,,,,,,
2015-06-30,SYBT,,,,,,,,,,,,,,,,,,,,,,,,,,,,,,,,,,,,,,0.0,,,0.4,,,,,,,,,,,,,,,,,,,,,,,,,,,,,,,,,,,,,,,,,,,,,,,,,2015-07-22,,0.4,,pre-market,,,,,,,,,,,,,0.0,,,,,,,,,,,,
2015-09-30,SYBT,,,,,,,,,,,,,,,,,,,,,,,,,,,,,,,,,,,,,,0.0,,,0.41,,,,,,,,,,,,,,,,,,,,,,,,,,,,,,,,,,,,,,,,,,,,,,,,,2015-10-26,,0.41,,pre-market,,,,,,,,,,,,,0.0,,,,,,,,,,,,
2015-12-31,SYBT,,,,,,,,,,,,,,,,,,,,,,,,,,,,,,,,,,,,,,0.02,,,0.41,,,,,,,,,,,,,,,,,,,,,,,,,,,,,,,,,,,,,,,,,,,,,,,,,2016-01-27,,0.43,,pre-market,,,,,,,,,,,,,4.878,,,,,,,,,,,,
2016-03-31,SYBT,,,,,,,,,,,,,,,,,,,,,,,,,,,,,,,,,,,,,,0.02,,,0.41,,,,,,,,,,,,,,,,,,,,,,,,,,,,,,,,,,,,,,,,,,,,,,,,,2016-04-27,,0.43,,pre-market,,,,,,,,,,,,,4.878,,,,,,,,,,,,
2016-06-30,SYBT,,,,,,,,,,,,,,,,,,,,,,,,,,,,,,,,,,,,,,0.03,,,0.42,,,,,,,,,,,,,,,,,,,,,,,,,,,,,,,,,,,,,,,,,,,,,,,,,2016-07-27,,0.45,,pre-market,,,,,,,,,,,,,7.1429,,,,,,,,,,,,
2016-09-30,SYBT,,,,,,,,,,,,,,,,,,,,,,,,,,,,,,,,,,,,,,0.01,,,0.45,,,,,,,,,,,,,,,,,,,,,,,,,,,,,,,,,,,,,,,,,,,,,,,,,2016-10-26,,0.46,,pre-market,,,,,,,,,,,,,2.2222,,,,,,,,,,,,
2016-12-31,SYBT,,,,,,,,,,,,,,,,,,,,,,,,,,,,,,,,,,,,,,0.01,,,0.45,,,,,,,,,,,,,,,,,,,,,,,,,,,,,,,,,,,,,,,,,,,,,,,,,2017-01-26,,0.46,,pre-market,,,,,,,,,,,,,2.2222,,,,,,,,,,,,
2017-03-31,SYBT,,,,,,,,,,,,,,,,,,,,,,,,,,,,,,,,,,,,,,0.02,,,0.45,,,,,,,,,,,,,,,,,,,,,,,,,,,,,,,,,,,,,,,,,,,,,,,,,2017-04-26,,0.47,,pre-market,,,,,,,,,,,,,4.4444,,,,,,,,,,,,
2017-06-30,SYBT,,,,,,,,,,,,,,,,,,,,,,,,,,,,,,,,,,,,,,-0.02,,,0.48,,,,,,,,,,,,,,,,,,,,,,,,,,,,,,,,,,,,,,,,,,,,,,,,,2017-07-26,,0.46,,pre-market,,,,,,,,,,,,,-4.1667,,,,,,,,,,,,
2017-09-30,SYBT,,,,,,,,,,,,,,,,,,,,,,,,,,,,,,,,,,,,,,0.03,,,0.48,,,,,,,,,,,,,,,,,,,,,,,,,,,,,,,,,,,,,,,,,,,,,,,,,2017-10-25,,0.51,,pre-market,,,,,,,,,,,,,6.25,,,,,,,,,,,,
2017-12-31,SYBT,,,,,,,,,,,,,,,,,,,,,,,,,,,,,,,,,,,,,,-0.03,,,0.5,,,,,,,,,,,,,,,,,,,,,,,,,,,,,,,,,,,,,,,,,,,,,,,,,2018-01-25,,0.47,,pre-market,,,,,,,,,,,,,-6.0,,,,,,,,,,,,
2018-03-31,SYBT,,,,,,,,,,,,,,,,,,,,,,,,,,,,,,,,,,,,,,0.03,,,0.55,,,,,,,,,,,,,,,,,,,,,,,,,,,,,,,,,,,,,,,,,,,,,,,,,2018-04-25,,0.58,,pre-market,,,,,,,,,,,,,5.4545,,,,,,,,,,,,
2018-06-30,SYBT,,,,,,,,,,,,,,,,,,,,,,,,,,,,,,,,,,,,,,0.01,,,0.58,,,,,,,,,,,,,,,,,,,,,,,,,,,,,,,,,,,,,,,,,,,,,,,,,2018-07-25,,0.59,,pre-market,,,,,,,,,,,,,1.7241,,,,,,,,,,,,
2018-09-30,SYBT,,,,,,,,,,,,,,,,,,,,,,,,,,,,,,,,,,,,,,-0.01,,,0.61,,,,,,,,,,,,,,,,,,,,,,,,,,,,,,,,,,,,,,,,,,,,,,,,,2018-10-24,,0.6,,pre-market,,,,,,,,,,,,,-1.6393,,,,,,,,,,,,
2018-12-31,SYBT,,,,,,,,,,,,,,,,,,,,,,,,,,,,,,,,,,,,,,0.04,,,0.6,,,,,,,,,,,,,,,,,,,,,,,,,,,,,,,,,,,,,,,,,,,,,,,,,2019-01-24,,0.64,,pre-market,,,,,,,,,,,,,6.6667,,,,,,,,,,,,
2019-03-31,SYBT,,,,,,,,,,,,,,,,,,,,,,,,,,,,,,,,,,,,,,0.08,,,0.6,,,,,,,,,,,,,,,,,,,,,,,,,,,,,,,,,,,,,,,,,,,,,,,,,2019-04-24,,0.68,,pre-market,,,,,,,,,,,,,13.3333,,,,,,,,,,,,
2019-06-30,SYBT,,,,,,,,,,,,,,,,,,,,,,,,,,,,,,,,,,,,,,0.05,,,0.61,,,,,,,,,,,,,,,,,,,,,,,,,,,,,,,,,,,,,,,,,,,,,,,,,2019-07-24,,0.66,,pre-market,,,,,,,,,,,,,8.1967,,,,,,,,,,,,
2019-09-30,SYBT,,,,,,,,,,,,,,,,,,,,,,,,,,,,,,,,,,,,,,0.08,,,0.65,,,,,,,,,,,,,,,,,,,,,,,,,,,,,,,,,,,,,,,,,,,,,,,,,2019-10-23,,0.73,,pre-market,,,,,,,,,,,,,12.3077,,,,,,,,,,,,
2019-12-31,SYBT,,,,,,,,,,,,,,,,,,,,,,,,,,,,,,,,,,,,,,-0.02,,,0.68,,,,,,,,,,,,,,,,,,,,,,,,,,,,,,,,,,,,,,,,,,,,,,,,,2020-01-29,,0.66,,pre-market,,,,,,,,,,,,,-2.9412,,,,,,,,,,,,
2020-03-31,SYBT,,,,,,,,,,,,,,,,,,,,,,,,,,,,,,,,,,,,,,0.05,,,0.54,,,,,,,,,,,,,,,,,,,,,,,,,,,,,,,,,,,,,,,,,,,,,,,,,2020-04-22,,0.59,,pre-market,,,,,,,,,,,,,9.2593,,,,,,,,,,,,
2020-06-30,SYBT,,,,,,,,,,,,,,,,,,,,,,,,,,,,,,,,,,,,,,0.12,,,0.47,,,,,,,,,,,,,,,,,,,,,,,,,,,,,,,,,,,,,,,,,,,,,,,,,2020-07-22,,0.59,,pre-market,,,,,,,,,,,,,25.5319,,,,,,,,,,,,
2020-09-30,SYBT,,,,,,,,,,,,,,,,,,,,,,,,,,,,,,,,,,,,,,0.08,,,0.56,,,,,,,,,,,,,,,,,,,,,,,,,,,,,,,,,,,,,,,,,,,,,,,,,2020-10-28,,0.64,,pre-market,,,,,,,,,,,,,14.2857,,,,,,,,,,,,
2020-12-31,SYBT,,,,,,,,,,,,,,,,,,,,,,,,,,,,,,,,,,,,,,0.23,,,0.55,,,,,,,,,,,,,,,,,,,,,,,,,,,,,,,,,,,,,,,,,,,,,,,,,2021-01-27,,0.78,,pre-market,,,,,,,,,,,,,41.8182,,,,,,,,,,,,
2021-03-31,SYBT,,,,,,,,,,,,,,,,,,,,,,,,,,,,,,,,,,,,,,0.25,,,0.74,,,,,,,,,,,,,,,,,,,,,,,,,,,,,,,,,,,,,,,,,,,,,,,,,2021-04-21,,0.99,,pre-market,,,,,,,,,,,,,33.7838,,,,,,,,,,,,
2021-06-30,SYBT,,,,,,,,,,,,,,,,,,,,,,,,,,,,,,,,,,,,,,0.22,,,0.78,,,,,,,,,,,,,,,,,,,,,,,,,,,,,,,,,,,,,,,,,,,,,,,,,2021-07-28,,1.0,,pre-market,,,,,,,,,,,,,28.2051,,,,,,,,,,,,
2021-09-30,SYBT,,,,,,,,,,,,,,,,,,,,,,,,,,,,,,,,,,,,,,0.07,,,0.81,,,,,,,,,,,,,,,,,,,,,,,,,,,,,,,,,,,,,,,,,,,,,,,,,2021-10-27,,0.88,,pre-market,,,,,,,,,,,,,8.642,,,,,,,,,,,,
2021-12-31,SYBT,,,,,,,,,,,,,,,,,,,,,,,,,,,,,,,,,,,,,,0.11,,,0.81,,,,,,,,,,,,,,,,,,,,,,,,,,,,,,,,,,,,,,,,,,,,,,,,,2022-01-26,,0.92,,pre-market,,,,,,,,,,,,,13.5802,,,,,,,,,,,,
2022-03-31,SYBT,,,,,,,,,,,,,,,,,,,,,,,,,,,,,,,,,,,,,,0.23,,,0.79,,,,,,,,,,,,,,,,,,,,,,,,,,,,,,,,,,,,,,,,,,,,,,,,,2022-04-27,,1.02,,pre-market,,,,,,,,,,,,,29.1139,,,,,,,,,,,,
2022-06-30,SYBT,,,,,,,,,,,,,,,,,,,,,,,,,,,,,,,,,,,,,,0.04,,,0.87,,,,,,,,,,,,,,,,,,,,,,,,,,,,,,,,,,,,,,,,,,,,,,,,,2022-07-27,,0.91,,pre-market,,,,,,,,,,,,,4.5977,,,,,,,,,,,,
2022-09-30,SYBT,,,,,,,,,,,,,,,,,,,,,,,,,,,,,,,,,,,,,,-0.03,,,0.92,,,,,,,,,,,,,,,,,,,,,,,,,,,,,,,,,,,,,,,,,,,,,,,,,2022-10-26,,0.89,,pre-market,,,,,,,,,,,,,-3.2609,,,,,,,,,,,,
2022-12-31,SYBT,,,,,,,,,,,,,,,,,,,,,,,,,,,,,,,,,,,,,,0.03,,,0.97,,,,,,,,,,,,,,,,,,,,,,,,,,,,,,,,,,,,,,,,,,,,,,,,,2023-01-25,,1.0,,pre-market,,,,,,,,,,,,,3.0928,,,,,,,,,,,,
2023-03-31,SYBT,,,,,,,,,,,,,,,,,,,,,,,,,,,,,,,,,,,,,,0.07,,,0.92,,,,,,,,,,,,,,,,,,,,,,,,,,,,,,,,,,,,,,,,,,,,,,,,,2023-04-26,,0.99,,pre-market,,,,,,,,,,,,,7.6087,,,,,,,,,,,,
2023-06-30,SYBT,,,,,,,,,,,,,,,,,,,,,,,,,,,,,,,,,,,,,,0.01,,,0.93,,,,,,,,,,,,,,,,,,,,,,,,,,,,,,,,,,,,,,,,,,,,,,,,,2023-07-26,,0.94,,pre-market,,,,,,,,,,,,,1.0753,,,,,,,,,,,,
2023-09-30,SYBT,,,,,,,,,,,,,,,,,,,,,,,,,,,,,,,,,,,,,,0.01,,,0.91,,,,,,,,,,,,,,,,,,,,,,,,,,,,,,,,,,,,,,,,,,,,,,,,,2023-10-25,,0.92,,pre-market,,,,,,,,,,,,,1.0989,,,,,,,,,,,,
2023-12-31,SYBT,,,,,,,,,,,,,,,,,,,,,,,,,,,,,,,,,,,,,,-0.04,,,0.86,,,,,,,,,,,,,,,,,,,,,,,,,,,,,,,,,,,,,,,,,,,,,,,,,2024-01-24,,0.82,,pre-market,,,,,,,,,,,,,-4.6512,,,,,,,,,,,,
2024-03-31,SYBT,,,,,,,,,,,,,,,,,,,,,,,,,,,,,,,,,,,,,,0.07,,,0.81,,,,,,,,,,,,,,,,,,,,,,,,,,,,,,,,,,,,,,,,,,,,,,,,,2024-04-24,,0.88,,pre-market,,,,,,,,,,,,,8.642,,,,,,,,,,,,
2024-06-30,SYBT,,,,,,,,,,,,,,,,,,,,,,,,,,,,,,,,,,,,,,0.1,,,0.84,,,,,,,,,,,,,,,,,,,,,,,,,,,,,,,,,,,,,,,,,,,,,,,,,2024-07-24,,0.94,,pre-market,,,,,,,,,,,,,11.9048,,,,,,,,,,,,
2024-09-30,SYBT,,,,,,,,,,,,,,,,,,,,,,,,,,,,,,,,,,,,,,0.06,,,0.94,,,,,,,,,,,,,,,,,,,,,,,,,,,,,,,,,,,,,,,,,,,,,,,,,2024-10-23,,1.0,,pre-market,,,,,,,,,,,,,6.383,,,,,,,,,,,,
2024-12-31,SYBT,,,,,,,,,,,,,,,,,,,,,,,,,,,,,,,,,,,,,,0.08,,,0.99,,,,,,,,,,,,,,,,,,,,,,,,,,,,,,,,,,,,,,,,,,,,,,,,,2025-01-22,,1.07,,pre-market,,,,,,,,,,,,,8.0808,,,,,,,,,,,,
2025-03-31,SYBT,,,,,,,,,,,,,,,,,,,,,,,,,,,,,,,,,,,,,,0.14,,,0.99,,,,,,,,,,,,,,,,,,,,,,,,,,,,,,,,,,,,,,,,,,,,,,,,,2025-04-23,,1.13,,pre-market,,,,,,,,,,,,,14.1414,,,,,,,,,,,,
2025-06-30,SYBT,,,,,,,,,,,,,,,,,,,,,,,,,,,,,,,,,,,,,,0.1,,,1.05,,,,,,,,,,,,,,,,,,,,,,,,,,,,,,,,,,,,,,,,,,,,,,,,,2025-07-23,,1.15,,pre-market,,,,,,,,,,,,,9.5238,,,,,,,,,,,,
2025-09-30,SYBT,,,,,,,,,,,,,,,,,,,,,,,,,,,,,,,,,,,,,,0.07,,,1.16,,,,,,,,,,,,,,,,,,,,,,,,,,,,,,,,,,,,,,,,,,,,,,,,,2025-10-29,,1.23,,pre-market,,,,,,,,,,,,,6.0345,,,,,,,,,,,,
2025-12-28,SYBT,4.58,378633000.0,14.56,,0.692,35.32,,,,,,,,,,,,,,,,,,,,,,,,,,1.25,0.0186,,,,0.23,0.07,,,1.16,,17.67,,378633000.0,,,,,,,,,,,,,,,,,,,0.48,,,,,,,,,,,,,2.0,1.888,5.19,,,,,,,,0.357,,,2025-10-29,,1.23,,pre-market,,,0.0152,0.137,0.165,12.9,,,,,72.36,66.83,6.0345,,,,,,,,,14.56,,83.09,59.97
2025-12-28,SYBT,4.58,378633000.0,14.56,,0.692,35.32,,,,,,,,,,,,,,,None,45210000,45210000,,,,,,None,1914000,,1.25,0.0186,,,,0.23,0.07,45707000,47621000,1.16,2025-09-30,17.67,,378633000.0,97554000,45707000,9466000,,,None,43235000,120272000,,None,,,,,36241000,36241000,77037000,None,0.48,,51847000,45707000,,,,,None,,,,,2.0,1.888,5.19,,,,,,,,0.357,,,2025-10-29,quarterly,1.23,USD,pre-market,None,,0.0152,0.137,0.165,12.9,34912000,,,,72.36,66.83,6.0345,,,,,,,142764000,,14.56,,83.09,59.97
2025-12-28,SYBT,4.58,378633000.0,14.56,,0.692,35.32,,,,,,,,,,,,,,,None,43702000,43702000,,,,,,None,767000,,1.25,0.0186,,,,0.23,0.07,42946000,43713000,1.16,2025-06-30,17.67,,378633000.0,95646000,42946000,8922000,,,None,41527000,115000000,,None,,,,,34024000,34024000,73473000,None,0.48,,52700000,42946000,,,,,None,,,,,2.0,1.888,5.19,,,,,,,,0.357,,,2025-10-29,quarterly,1.23,USD,pre-market,None,,0.0152,0.137,0.165,12.9,27279000,,,,72.36,66.83,6.0345,,,,,,,139348000,,14.56,,83.09,59.97
2025-12-28,SYBT,4.58,378633000.0,14.56,,0.692,35.32,,,,,,,,,,,,,,,None,41514000,41514000,,,,,,None,1254000,,1.25,0.0186,,,,0.23,0.07,41621000,42875000,1.16,2025-03-31,17.67,,378633000.0,90829000,41621000,8350000,,,None,40614000,111166000,,None,,,,,33271000,33271000,70552000,None,0.48,,49208000,41621000,,,,,None,,,,,2.0,1.888,5.19,,,,,,,,0.357,,,2025-10-29,quarterly,1.23,USD,pre-market,None,,0.0152,0.137,0.165,12.9,32940000,,,,72.36,66.83,6.0345,,,,,,,132343000,,14.56,,83.09,59.97
2025-12-28,SYBT,4.58,378633000.0,14.56,,0.692,35.32,,,,,,,,,,,,,,,None,43014000,43014000,,,,,,None,2944000,,1.25,0.0186,,,,0.23,0.07,39205000,42149000,1.16,2024-12-31,17.67,,378633000.0,89002000,39144000,7450000,,,None,40339000,110308000,,None,,,,,31694000,31694000,69969000,None,0.48,,49858000,39144000,,,,,None,,,,,2.0,1.888,5.19,,,,,,,,0.357,,,2025-10-29,quarterly,1.23,USD,pre-market,None,,0.0152,0.137,0.165,12.9,32301000,,,,72.36,66.83,6.0345,,,,,,,132016000,,14.56,,83.09,59.97
2025-12-28,SYBT,4.58,378633000.0,14.56,,0.692,35.32,,,,,,,,,,,,,,,None,45068000,45068000,,,,,,None,3447000,,1.25,0.0186,,,,0.23,0.07,36999000,40446000,1.16,2024-09-30,17.67,,378633000.0,83665000,36999000,7639000,,,None,40743000,105722000,,None,,,,,29360000,29360000,64979000,None,0.48,,46666000,37058000,,,,,None,,,,,2.0,1.888,5.19,,,,,,,,0.357,,,2025-10-29,quarterly,1.23,USD,pre-market,None,,0.0152,0.137,0.165,12.9,31258000,,,,72.36,66.83,6.0345,,,,,,,128733000,,14.56,,83.09,59.97
2025-12-28,SYBT,4.58,378633000.0,14.56,,0.692,35.32,,,,,,,,,,,,,,,None,39582000,39582000,,,,,,None,3525000,,1.25,0.0186,,,,0.23,0.07,35268000,38793000,1.16,2024-06-30,17.67,,378633000.0,82546000,35268000,7670000,,,None,38282000,100304000,,None,,,,,27598000,27598000,62022000,None,0.48,,47278000,35268000,,,,,None,,,,,2.0,1.888,5.19,,,,,,,,0.357,,,2025-10-29,quarterly,1.23,USD,pre-market,None,,0.0152,0.137,0.165,12.9,30881000,,,,72.36,66.83,6.0345,,,,,,,122128000,,14.56,,83.09,59.97
2025-12-28,SYBT,4.58,378633000.0,14.56,,0.692,35.32,,,,,,,,,,,,,,,None,37900000,37900000,,,,,,None,3438000,,1.25,0.0186,,,,0.23,0.07,32955000,36393000,1.16,2024-03-31,17.67,,378633000.0,80170000,32955000,7068000,,,None,36475000,96545000,,None,,,,,25887000,25887000,60070000,None,0.48,,47215000,32955000,,,,,None,,,,,2.0,1.888,5.19,,,,,,,,0.357,,,2025-10-29,quarterly,1.23,USD,pre-market,None,,0.0152,0.137,0.165,12.9,31209000,,,,72.36,66.83,6.0345,,,,,,,118070000,,14.56,,83.09,59.97
2025-12-28,SYBT,4.58,378633000.0,14.56,,0.692,35.32,,,,,,,,,,,,,,,None,39271000,39271000,,,,,,None,6583000,,1.25,0.0186,,,,0.23,0.07,30374000,36957000,1.16,2023-12-31,17.67,,378633000.0,78773000,30374000,6430000,,,None,33225000,95241000,,None,,,,,23944000,23944000,62016000,None,0.48,,48399000,30374000,,,,,None,,,,,2.0,1.888,5.19,,,,,,,,0.357,,,2025-10-29,quarterly,1.23,USD,pre-market,None,,0.0152,0.137,0.165,12.9,29383000,,,,72.36,66.83,6.0345,,,,,,,118044000,,14.56,,83.09,59.97
2025-12-28,SYBT,4.58,378633000.0,14.56,,0.692,35.32,,,,,,,,,,,,,,,None,30385000,30385000,,,,,,None,4638000,,1.25,0.0186,,,,0.23,0.07,34734000,39372000,1.16,2023-09-30,17.67,,378633000.0,79497000,34734000,7642000,,,None,27610000,88925000,,None,,,,,27092000,27092000,61315000,None,0.48,,44763000,34734000,,,,,None,,,,,2.0,1.888,5.19,,,,,,,,0.357,,,2025-10-29,quarterly,1.23,USD,pre-market,None,,0.0152,0.137,0.165,12.9,28824000,,,,72.36,66.83,6.0345,,,,,,,109882000,,14.56,,83.09,59.97
2025-12-28,SYBT,4.58,378633000.0,14.56,,0.692,35.32,,,,,,,,,,,,,,,None,24484000,24484000,,,,,,None,4839000,,1.25,0.0186,,,,0.23,0.07,35639000,40478000,1.16,2023-06-30,17.67,,378633000.0,79958000,35639000,7975000,,,None,22134000,83063000,,None,,,,,27664000,27664000,60929000,None,0.48,,44319000,35639000,,,,,None,,,,,2.0,1.888,5.19,,,,,,,,0.357,,,2025-10-29,quarterly,1.23,USD,pre-market,None,,0.0152,0.137,0.165,12.9,27947000,,,,72.36,66.83,6.0345,,,,,,,104442000,,14.56,,83.09,59.97
2025-12-28,SYBT,4.58,378633000.0,14.56,,0.692,35.32,,,,,,,,,,,,,,,None,19020000,19020000,,,,,,None,5879000,,1.25,0.0186,,,,0.23,0.07,37180000,43059000,1.16,2023-03-31,17.67,,378633000.0,81077000,37180000,8132000,,,None,16395000,79467000,,None,,,,,29048000,29048000,63072000,None,0.48,,43897000,37180000,,,,,None,,,,,2.0,1.888,5.19,,,,,,,,0.357,,,2025-10-29,quarterly,1.23,USD,pre-market,None,,0.0152,0.137,0.165,12.9,28084000,,,,72.36,66.83,6.0345,,,,,,,100097000,,14.56,,83.09,59.97
2025-12-28,SYBT,4.58,378633000.0,14.56,,0.692,35.32,,,,,,,,,,,,,,,None,13262000,13262000,,,,,,None,4929000,,1.25,0.0186,,,,0.23,0.07,39084000,44013000,1.16,2022-12-31,17.67,,378633000.0,82265000,39084000,9174000,,,None,9887000,75150000,,None,,,,,29817000,29910000,65263000,None,0.48,,43181000,39084000,,,,,None,,,,,2.0,1.888,5.19,,,,,,,,0.357,,,2025-10-29,quarterly,1.23,USD,pre-market,None,,0.0152,0.137,0.165,12.9,27549000,,,,72.36,66.83,6.0345,,,,,,,95527000,,14.56,,83.09,59.97
2025-12-28,SYBT,4.58,378633000.0,14.56,,0.692,35.32,,,,,,,,,,,,,,,None,9837000,9837000,,,,,,None,5698000,,1.25,0.0186,,,,0.23,0.07,37564000,43262000,1.16,2022-09-30,17.67,,378633000.0,77926000,37564000,9024000,,,None,5034000,67410000,,None,,,,,28455000,28540000,62376000,None,0.48,,40362000,37564000,,,,,None,,,,,2.0,1.888,5.19,,,,,,,,0.357,,,2025-10-29,quarterly,1.23,USD,pre-market,None,,0.0152,0.137,0.165,12.9,28095000,,,,72.36,66.83,6.0345,,,,,,,87763000,,14.56,,83.09,59.97
2025-12-28,SYBT,4.58,378633000.0,14.56,,0.692,35.32,,,,,,,,,,,,,,,None,1924000,1924000,,,,,,None,5993000,,1.25,0.0186,,,,0.23,0.07,34449000,40442000,1.16,2022-06-30,17.67,,378633000.0,77461000,34449000,7547000,,,None,2124000,59108000,,None,,,,,26794000,26902000,56984000,None,0.48,,43012000,34449000,,,,,None,,,,,2.0,1.888,5.19,,,,,,,,0.357,,,2025-10-29,quarterly,1.23,USD,pre-market,None,,0.0152,0.137,0.165,12.9,27169000,,,,72.36,66.83,6.0345,,,,,,,79385000,,14.56,,83.09,59.97
2025-12-28,SYBT,4.58,378633000.0,14.56,,0.692,35.32,,,,,,,,,,,,,,,None,3503000,3503000,,,,,,None,4038000,,1.25,0.0186,,,,0.23,0.07,9387000,13425000,1.16,2022-03-31,17.67,,378633000.0,64347000,9387000,1445000,,,None,1224000,49984000,,None,,,,,7906000,7942000,48760000,None,0.48,,54960000,9387000,,,,,None,,,,,2.0,1.888,5.19,,,,,,,,0.357,,,2025-10-29,quarterly,1.23,USD,pre-market,None,,0.0152,0.137,0.165,12.9,23153000,,,,72.36,66.83,6.0345,,,,,,,67850000,,14.56,,83.09,59.97
2025-12-28,SYBT,4.58,378633000.0,14.56,,0.692,35.32,,,,,,,,,,,,,,,None,-574000,-574000,,,,,,None,3404000,,1.25,0.0186,,,,0.23,0.07,32207000,35611000,1.16,2021-12-31,17.67,,378633000.0,65352000,32114000,7525000,,,None,1326000,47508000,,None,,,,,24589000,24589000,46182000,None,0.48,,33238000,32114000,,,,,None,,,,,2.0,1.888,5.19,,,,,,,,0.357,,,2025-10-29,quarterly,1.23,USD,pre-market,None,,0.0152,0.137,0.165,12.9,21041000,,,,72.36,66.83,6.0345,,,,,,,64778000,,14.56,,83.09,59.97
2025-12-28,SYBT,4.58,378633000.0,14.56,,0.692,35.32,,,,,,,,,,,,,,,None,-60000,-60000,,,,,,None,3037000,,1.25,0.0186,,,,0.23,0.07,30064000,33101000,1.16,2021-09-30,17.67,,378633000.0,63143000,30064000,6902000,,,None,1465000,46948000,,None,,,,,23162000,23162000,45483000,None,0.48,,33079000,30064000,,,,,None,,,,,2.0,1.888,5.19,,,,,,,,0.357,,,2025-10-29,quarterly,1.23,USD,pre-market,None,,0.0152,0.137,0.165,12.9,21430000,,,,72.36,66.83,6.0345,,,,,,,63083000,,14.56,,83.09,59.97
2025-12-28,SYBT,4.58,378633000.0,14.56,,0.692,35.32,,,,,,,,,,,,,,,None,5665000,5665000,,,,,,None,2627000,,1.25,0.0186,,,,0.23,0.07,5048000,7675000,1.16,2021-06-30,17.67,,378633000.0,52249000,5048000,864000,,,None,1518000,43102000,,None,,,,,4184000,4184000,41584000,None,0.48,,47201000,5048000,,,,,None,,,,,2.0,1.888,5.19,,,,,,,,0.357,,,2025-10-29,quarterly,1.23,USD,pre-market,None,,0.0152,0.137,0.165,12.9,19396000,,,,72.36,66.83,6.0345,,,,,,,57914000,,14.56,,83.09,59.97
2025-12-28,SYBT,4.58,378633000.0,14.56,,0.692,35.32,,,,,,,,,,,,,,,None,218000,218000,,,,,,None,2261000,,1.25,0.0186,,,,0.23,0.07,28171000,30432000,1.16,2021-03-31,17.67,,378633000.0,52439000,28171000,5461000,,,None,1693000,39518000,,None,,,,,22710000,22710000,37825000,None,0.48,,24268000,28171000,,,,,None,,,,,2.0,1.888,5.19,,,,,,,,0.357,,,2025-10-29,quarterly,1.23,USD,pre-market,None,,0.0152,0.137,0.165,12.9,16493000,,,,72.36,66.83,6.0345,,,,,,,52657000,,14.56,,83.09,59.97
2025-12-28,SYBT,4.58,378633000.0,14.56,,0.692,35.32,,,,,,,,,,,,,,,None,2587000,2587000,,,,,,None,5056000,,1.25,0.0186,,,,0.23,0.07,20458000,25514000,1.16,2020-12-31,17.67,,378633000.0,48752000,20421000,2685000,,,None,2087000,38339000,,None,,,,,17736000,17736000,36252000,None,0.48,,28331000,20421000,,,,,None,,,,,2.0,1.888,5.19,,,,,,,,0.357,,,2025-10-29,quarterly,1.23,USD,pre-market,None,,0.0152,0.137,0.165,12.9,16568000,,,,72.36,66.83,6.0345,,,,,,,51339000,,14.56,,83.09,59.97
2025-12-28,SYBT,4.58,378633000.0,14.56,,0.692,35.32,,,,,,,,,,,,,,,None,7417000,7417000,,,,,,None,1872000,,1.25,0.0186,,,,0.23,0.07,16117000,17989000,1.16,2020-09-30,17.67,,378633000.0,41121000,16124000,1591000,,,None,2449000,36144000,,None,,,,,14533000,14533000,33695000,None,0.48,,24997000,16124000,,,,,None,,,,,2.0,1.888,5.19,,,,,,,,0.357,,,2025-10-29,quarterly,1.23,USD,pre-market,None,,0.0152,0.137,0.165,12.9,16588000,,,,72.36,66.83,6.0345,,,,,,,48538000,,14.56,,83.09,59.97
2025-12-28,SYBT,4.58,378633000.0,14.56,,0.692,35.32,,,,,,,,,,,,,,,None,10003000,10003000,,,,,,None,1604000,,1.25,0.0186,,,,0.23,0.07,15715000,17319000,1.16,2020-06-30,17.67,,378633000.0,38522000,15716000,2348000,,,None,2978000,36506000,,None,,,,,13368000,13368000,33528000,None,0.48,,22806000,15716000,,,,,None,,,,,2.0,1.888,5.19,,,,,,,,0.357,,,2025-10-29,quarterly,1.23,USD,pre-market,None,,0.0152,0.137,0.165,12.9,14964000,,,,72.36,66.83,6.0345,,,,,,,48525000,,14.56,,83.09,59.97
2025-12-28,SYBT,4.58,378633000.0,14.56,,0.692,35.32,,,,,,,,,,,,,,,None,10361000,10361000,,,,,,None,1211000,,1.25,0.0186,,,,0.23,0.07,15481000,16692000,1.16,2020-03-31,17.67,,378633000.0,38401000,15482000,2250000,,,None,4436000,36882000,,None,,,,,13232000,13232000,32446000,None,0.48,,22919000,15482000,,,,,None,,,,,2.0,1.888,5.19,,,,,,,,0.357,,,2025-10-29,quarterly,1.23,USD,pre-market,None,,0.0152,0.137,0.165,12.9,15529000,,,,72.36,66.83,6.0345,,,,,,,48762000,,14.56,,83.09,59.97
2025-12-28,SYBT,4.58,378633000.0,14.56,,0.692,35.32,,,,,,,,,,,,,,,None,5075000,5075000,,,,,,None,1911000,,1.25,0.0186,,,,0.23,0.07,19590000,21501000,1.16,2019-12-31,17.67,,378633000.0,47761000,19590000,2941000,,,None,5075000,37795000,,None,,,,,16649000,16649000,32720000,None,0.48,,28171000,19590000,,,,,None,,,,,2.0,1.888,5.19,,,,,,,,0.357,,,2025-10-29,quarterly,1.23,USD,pre-market,None,,0.0152,0.137,0.165,12.9,15812000,,,,72.36,66.83,6.0345,,,,,,,52836000,,14.56,,83.09,59.97
2025-12-28,SYBT,4.58,378633000.0,14.56,,0.692,35.32,,,,,,,,,,,,,,,None,6303000,6303000,,,,,,None,1290000,,1.25,0.0186,,,,0.23,0.07,21013000,22303000,1.16,2019-09-30,17.67,,378633000.0,44262000,21017000,3783000,,,None,5903000,37973000,,None,,,,,17234000,17234000,32070000,None,0.48,,23236000,21017000,,,,,None,,,,,2.0,1.888,5.19,,,,,,,,0.357,,,2025-10-29,quarterly,1.23,USD,pre-market,None,,0.0152,0.137,0.165,12.9,15238000,,,,72.36,66.83,6.0345,,,,,,,50556000,,14.56,,83.09,59.97
2025-12-28,SYBT,4.58,378633000.0,14.56,,0.692,35.32,,,,,,,,,,,,,,,None,6194000,6194000,,,,,,None,896000,,1.25,0.0186,,,,0.23,0.07,17573000,18469000,1.16,2019-06-30,17.67,,378633000.0,42395000,17573000,1030000,,,None,6194000,36968000,,None,,,,,16543000,16543000,30774000,None,0.48,,24822000,17573000,,,,,None,,,,,2.0,1.888,5.19,,,,,,,,0.357,,,2025-10-29,quarterly,1.23,USD,pre-market,None,,0.0152,0.137,0.165,12.9,15871000,,,,72.36,66.83,6.0345,,,,,,,48589000,,14.56,,83.09,59.97
2025-12-28,SYBT,4.58,378633000.0,14.56,,0.692,35.32,,,,,,,,,,,,,,,None,5972000,5972000,,,,,,None,783000,,1.25,0.0186,,,,0.23,0.07,17460000,18243000,1.16,2019-03-31,17.67,,378633000.0,39505000,17480000,1839000,,,None,5372000,35029000,,None,,,,,15641000,15641000,29657000,None,0.48,,22025000,17480000,,,,,None,,,,,2.0,1.888,5.19,,,,,,,,0.357,,,2025-10-29,quarterly,1.23,USD,pre-market,None,,0.0152,0.137,0.165,12.9,14681000,,,,72.36,66.83,6.0345,,,,,,,45477000,,14.56,,83.09,59.97
2025-12-28,SYBT,4.58,378633000.0,14.56,,0.692,35.32,,,,,,,,,,,,,,,None,5092000,5092000,,,,,,None,1826000,,1.25,0.0186,,,,0.23,0.07,17095000,18921000,1.16,2018-12-31,17.67,,378633000.0,41488000,16923000,2265000,,,None,5092000,None,,None,,,,,14658000,14658000,None,None,0.48,,24565000,17061000,,,,,None,,,,,2.0,1.888,5.19,,,,,,,,0.357,,,2025-10-29,quarterly,1.23,USD,pre-market,0,,0.0152,0.137,0.165,12.9,14519000,,,,72.36,66.83,6.0345,,,,,,,46580000,,14.56,,83.09,59.97
2025-12-28,SYBT,4.58,378633000.0,14.56,,0.692,35.32,,,,,,,,,,,,,,,None,5235000,5235000,,,,,,None,1276000,,1.25,0.0186,,,,0.23,0.07,17431000,18707000,1.16,2018-09-30,17.67,,378633000.0,38624000,17431000,3555000,,,None,4500000,None,,None,,,,,13876000,13876000,None,None,0.48,,21193000,17431000,,,,,None,,,,,2.0,1.888,5.19,,,,,,,,0.357,,,2025-10-29,quarterly,1.23,USD,pre-market,0,,0.0152,0.137,0.165,12.9,14346000,,,,72.36,66.83,6.0345,,,,,,,43859000,,14.56,,83.09,59.97
2025-12-28,SYBT,4.58,378633000.0,14.56,,0.692,35.32,,,,,,,,,,,,,,,None,4565000,4565000,,,,,,None,1354000,,1.25,0.0186,,,,0.23,0.07,16738000,18092000,1.16,2018-06-30,17.67,,378633000.0,38295000,16738000,3159000,,,None,3330000,None,,None,,,,,13579000,13579000,None,None,0.48,,21557000,16738000,,,,,None,,,,,2.0,1.888,5.19,,,,,,,,0.357,,,2025-10-29,quarterly,1.23,USD,pre-market,0,,0.0152,0.137,0.165,12.9,14453000,,,,72.36,66.83,6.0345,,,,,,,42860000,,14.56,,83.09,59.97
2025-12-28,SYBT,4.58,378633000.0,14.56,,0.692,35.32,,,,,,,,,,,,,,,None,3170000,3170000,,,,,,None,1326000,,1.25,0.0186,,,,0.23,0.07,16456000,17782000,1.16,2018-03-31,17.67,,378633000.0,36917000,16456000,3052000,,,None,2435000,None,,None,,,,,13404000,13404000,None,None,0.48,,20461000,16456000,,,,,None,,,,,2.0,1.888,5.19,,,,,,,,0.357,,,2025-10-29,quarterly,1.23,USD,pre-market,0,,0.0152,0.137,0.165,12.9,13845000,,,,72.36,66.83,6.0345,,,,,,,40087000,,14.56,,83.09,59.97
2025-12-28,SYBT,4.58,378633000.0,14.56,,0.692,35.32,,,,,,,,,,,,,,,None,2969000,2969000,,,,,,None,6792000,,1.25,0.0186,,,,0.23,0.07,10488000,17280000,1.16,2017-12-31,17.67,,378633000.0,37668000,10488000,5542000,,,None,2069000,None,,None,,,,,4946000,4946000,None,None,0.48,,27180000,10488000,,,,,None,,,,,2.0,1.888,5.19,,,,,,,,0.357,,,2025-10-29,quarterly,1.23,USD,pre-market,0,,0.0152,0.137,0.165,12.9,7662000,,,,72.36,66.83,6.0345,,,,,,,40637000,,14.56,,83.09,59.97
2025-12-28,SYBT,4.58,378633000.0,14.56,,0.692,35.32,,,,,,,,,,,,,,,None,2097000,2097000,,,,,,None,2449000,,1.25,0.0186,,,,0.23,0.07,15800000,18249000,1.16,2017-09-30,17.67,,378633000.0,36968000,15800000,4096000,,,None,1947000,None,,None,,,,,11704000,11704000,None,None,0.48,,21168000,15800000,,,,,None,,,,,2.0,1.888,5.19,,,,,,,,0.357,,,2025-10-29,quarterly,1.23,USD,pre-market,0,,0.0152,0.137,0.165,12.9,13224000,,,,72.36,66.83,6.0345,,,,,,,39065000,,14.56,,83.09,59.97
2025-12-28,SYBT,4.58,378633000.0,14.56,,0.692,35.32,,,,,,,,,,,,,,,None,2381000,2381000,,,,,,None,2119000,,1.25,0.0186,,,,0.23,0.07,14848000,16967000,1.16,2017-06-30,17.67,,378633000.0,36170000,14961000,4359000,,,None,1781000,None,,None,,,,,10602000,10602000,None,None,0.48,,21209000,14961000,,,,,None,,,,,2.0,1.888,5.19,,,,,,,,0.357,,,2025-10-29,quarterly,1.23,USD,pre-market,0,,0.0152,0.137,0.165,12.9,13092000,,,,72.36,66.83,6.0345,,,,,,,38551000,,14.56,,83.09,59.97
2025-12-28,SYBT,4.58,378633000.0,14.56,,0.692,35.32,,,,,,,,,,,,,,,None,2349000,2349000,,,,,,None,2280000,,1.25,0.0186,,,,0.23,0.07,13920000,16200000,1.16,2017-03-31,17.67,,378633000.0,34928000,13933000,3142000,,,None,1449000,None,,None,,,,,10791000,10791000,None,None,0.48,,20995000,13933000,,,,,None,,,,,2.0,1.888,5.19,,,,,,,,0.357,,,2025-10-29,quarterly,1.23,USD,pre-market,0,,0.0152,0.137,0.165,12.9,13641000,,,,72.36,66.83,6.0345,,,,,,,37277000,,14.56,,83.09,59.97
2025-12-28,SYBT,4.58,378633000.0,14.56,,0.692,35.32,,,,,,,,,,,,,,,None,1793000,1793000,,,,,,None,3126000,,1.25,0.0186,,,,0.23,0.07,14577000,17703000,1.16,2016-12-31,17.67,,378633000.0,36303000,14625000,4009000,,,None,1293000,None,,None,,,,,10616000,10616000,None,None,0.48,,21678000,14625000,,,,,None,,,,,2.0,1.888,5.19,,,,,,,,0.357,,,2025-10-29,quarterly,1.23,USD,pre-market,0,,0.0152,0.137,0.165,12.9,15018000,,,,72.36,66.83,6.0345,,,,,,,38096000,,14.56,,83.09,59.97
2025-12-28,SYBT,4.58,378633000.0,14.56,,0.692,35.32,,,,,,,,,,,,,,,None,2432000,2432000,,,,,,None,2724000,,1.25,0.0186,,,,0.23,0.07,14350000,17074000,1.16,2016-09-30,17.67,,378633000.0,34868000,14350000,3883000,,,None,1182000,None,,None,,,,,10467000,10467000,None,None,0.48,,20518000,14350000,,,,,None,,,,,2.0,1.888,5.19,,,,,,,,0.357,,,2025-10-29,quarterly,1.23,USD,pre-market,0,,0.0152,0.137,0.165,12.9,14151000,,,,72.36,66.83,6.0345,,,,,,,37300000,,14.56,,83.09,59.97
2025-12-28,SYBT,4.58,378633000.0,14.56,,0.692,35.32,,,,,,,,,,,,,,,None,1962000,1962000,,,,,,None,2630000,,1.25,0.0186,,,,0.23,0.07,13785000,16415000,1.16,2016-06-30,17.67,,378633000.0,33978000,13785000,3676000,,,None,1212000,None,,None,,,,,10109000,10109000,None,None,0.48,,20193000,13785000,,,,,None,,,,,2.0,1.888,5.19,,,,,,,,0.357,,,2025-10-29,quarterly,1.23,USD,pre-market,0,,0.0152,0.137,0.165,12.9,14203000,,,,72.36,66.83,6.0345,,,,,,,35940000,,14.56,,83.09,59.97
2025-12-28,SYBT,4.58,378633000.0,14.56,,0.692,35.32,,,,,,,,,,,,,,,None,1731000,1731000,,,,,,None,2662000,,1.25,0.0186,,,,0.23,0.07,13511000,16173000,1.16,2016-03-31,17.67,,378633000.0,33051000,13511000,3676000,,,None,1231000,None,,None,,,,,9835000,9835000,None,None,0.48,,19540000,13511000,,,,,None,,,,,2.0,1.888,5.19,,,,,,,,0.357,,,2025-10-29,quarterly,1.23,USD,pre-market,0,,0.0152,0.137,0.165,12.9,14067000,,,,72.36,66.83,6.0345,,,,,,,34782000,,14.56,,83.09,59.97
2025-12-28,SYBT,4.58,378633000.0,14.56,,0.692,35.32,,,,,,,,,,,,,,,None,1967000,1967000,,,,,,None,1814000,,1.25,0.0186,,,,0.23,0.07,13823000,15637000,1.16,2015-12-31,17.67,,378633000.0,32151000,13823000,4177000,,,None,1217000,None,,None,,,,,9646000,9646000,None,None,0.48,,18328000,13823000,,,,,None,,,,,2.0,1.888,5.19,,,,,,,,0.357,,,2025-10-29,quarterly,1.23,USD,pre-market,0,,0.0152,0.137,0.165,12.9,12785000,,,,72.36,66.83,6.0345,,,,,,,34118000,,14.56,,83.09,59.97
2025-12-28,SYBT,4.58,378633000.0,14.56,,0.692,35.32,,,,,,,,,,,,,,,None,1203000,1203000,,,,,,None,1714000,,1.25,0.0186,,,,0.23,0.07,13636000,15350000,1.16,2015-09-30,17.67,,378633000.0,31908000,13636000,4352000,,,None,1203000,None,,None,,,,,9284000,9284000,None,None,0.48,,18430000,13636000,,,,,None,,,,,2.0,1.888,5.19,,,,,,,,0.357,,,2025-10-29,quarterly,1.23,USD,pre-market,0,,0.0152,0.137,0.165,12.9,13223000,,,,72.36,66.83,6.0345,,,,,,,33269000,,14.56,,83.09,59.97
2025-12-28,SYBT,4.58,378633000.0,14.56,,0.692,35.32,,,,,,,,,,,,,,,None,1199000,1199000,,,,,,None,1702000,,1.25,0.0186,,,,0.23,0.07,13153000,14855000,1.16,2015-06-30,17.67,,378633000.0,31861000,13153000,4151000,,,None,1199000,None,,None,,,,,9002000,9002000,None,None,0.48,,18867000,13153000,,,,,None,,,,,2.0,1.888,5.19,,,,,,,,0.357,,,2025-10-29,quarterly,1.23,USD,pre-market,0,,0.0152,0.137,0.165,12.9,13456000,,,,72.36,66.83,6.0345,,,,,,,33219000,,14.56,,83.09,59.97
2025-12-28,SYBT,4.58,378633000.0,14.56,,0.692,35.32,,,,,,,,,,,,,,,None,1233000,1233000,,,,,,None,1672000,,1.25,0.0186,,,,0.23,0.07,13508000,15180000,1.16,2015-03-31,17.67,,378633000.0,31129000,13508000,4253000,,,None,1233000,None,,None,,,,,9255000,9255000,None,None,0.48,,17779000,13508000,,,,,None,,,,,2.0,1.888,5.19,,,,,,,,0.357,,,2025-10-29,quarterly,1.23,USD,pre-market,0,,0.0152,0.137,0.165,12.9,12851000,,,,72.36,66.83,6.0345,,,,,,,32520000,,14.56,,83.09,59.97
2025-12-28,SYBT,4.58,378633000.0,14.56,,0.692,35.32,,,,,,,,,,,,,,,None,1267000,1267000,,,,,,None,2644000,,1.25,0.0186,,,,0.23,0.07,12029000,14673000,1.16,2014-12-31,17.67,,378633000.0,31213000,12029000,3307000,,,None,1267000,None,,None,,,,,8722000,8722000,None,None,0.48,,19184000,12029000,,,,,None,,,,,2.0,1.888,5.19,,,,,,,,0.357,,,2025-10-29,quarterly,1.23,USD,pre-market,0,,0.0152,0.137,0.165,12.9,12796000,,,,72.36,66.83,6.0345,,,,,,,32480000,,14.56,,83.09,59.97
2025-12-28,SYBT,4.58,378633000.0,14.56,,0.692,35.32,,,,,,,,,,,,,,,None,-771000,-771000,,,,,,None,1543000,,1.25,0.0186,,,,0.23,0.07,15933000,14604000,1.16,2014-09-30,17.67,,378633000.0,33306000,14604000,4715000,,,None,1329000,None,,None,,,,,9889000,9889000,None,None,0.48,,18702000,14604000,,,,,None,,,,,2.0,1.888,5.19,,,,,,,,0.357,,,2025-10-29,quarterly,1.23,USD,pre-market,0,,0.0152,0.137,0.165,12.9,13786000,,,,72.36,66.83,6.0345,,,,,,,32535000,,14.56,,83.09,59.97
2025-12-28,SYBT,4.58,378633000.0,14.56,,0.692,35.32,,,,,,,,,,,,,,,None,2708000,2708000,,,,,,None,1538000,,1.25,0.0186,,,,0.23,0.07,11661000,13199000,1.16,2014-06-30,17.67,,378633000.0,29362000,11661000,3627000,,,None,1358000,None,,None,,,,,8034000,8034000,None,None,0.48,,17707000,11661000,,,,,None,,,,,2.0,1.888,5.19,,,,,,,,0.357,,,2025-10-29,quarterly,1.23,USD,pre-market,0,,0.0152,0.137,0.165,12.9,12792000,,,,72.36,66.83,6.0345,,,,,,,32076000,,14.56,,83.09,59.97
2025-12-28,SYBT,4.58,378633000.0,14.56,,0.692,35.32,,,,,,,,,,,,,,,None,1726000,1726000,,,,,,None,1688000,,1.25,0.0186,,,,0.23,0.07,11809000,13497000,1.16,2014-03-31,17.67,,378633000.0,29696000,11809000,3632000,,,None,1376000,None,,None,,,,,8177000,8177000,None,None,0.48,,17887000,11809000,,,,,None,,,,,2.0,1.888,5.19,,,,,,,,0.357,,,2025-10-29,quarterly,1.23,USD,pre-market,0,,0.0152,0.137,0.165,12.9,13020000,,,,72.36,66.83,6.0345,,,,,,,31422000,,14.56,,83.09,59.97
2025-12-28,SYBT,4.58,378633000.0,14.56,,0.692,35.32,,,,,,,,,,,,,,,None,3801000,3801000,,,,,,None,3029000,,1.25,0.0186,,,,0.23,0.07,8699000,11728000,1.16,2013-12-31,17.67,,378633000.0,27427000,8699000,2386000,,,None,2226000,None,,None,,,,,6313000,6313000,None,None,0.48,,18728000,8699000,,,,,None,,,,,2.0,1.888,5.19,,,,,,,,0.357,,,2025-10-29,quarterly,1.23,USD,pre-market,0,,0.0152,0.137,0.165,12.9,12959000,,,,72.36,66.83,6.0345,,,,,,,31228000,,14.56,,83.09,59.97
2025-12-28,SYBT,4.58,378633000.0,14.56,,0.692,35.32,,,,,,,,,,,,,,,None,3575000,3575000,,,,,,None,1792000,,1.25,0.0186,,,,0.23,0.07,10773000,12565000,1.16,2013-09-30,17.67,,378633000.0,27869000,10773000,3091000,,,None,2250000,None,,None,,,,,7682000,7682000,None,None,0.48,,17096000,10773000,,,,,None,,,,,2.0,1.888,5.19,,,,,,,,0.357,,,2025-10-29,quarterly,1.23,USD,pre-market,0,,0.0152,0.137,0.165,12.9,12376000,,,,72.36,66.83,6.0345,,,,,,,31444000,,14.56,,83.09,59.97
2025-12-28,SYBT,4.58,378633000.0,14.56,,0.692,35.32,,,,,,,,,,,,,,,None,3643000,3643000,,,,,,None,1683000,,1.25,0.0186,,,,0.23,0.07,9139000,10822000,1.16,2013-06-30,17.67,,378633000.0,27512000,9139000,2732000,,,None,2318000,None,,None,,,,,6407000,6407000,None,None,0.48,,18447000,9139000,,,,,None,,,,,2.0,1.888,5.19,,,,,,,,0.357,,,2025-10-29,quarterly,1.23,USD,pre-market,0,,0.0152,0.137,0.165,12.9,12197000,,,,72.36,66.83,6.0345,,,,,,,31229000,,14.56,,83.09,59.97
2025-12-28,SYBT,4.58,378633000.0,14.56,,0.692,35.32,,,,,,,,,,,,,,,None,4697000,4697000,,,,,,None,1465000,,1.25,0.0186,,,,0.23,0.07,9787000,11252000,1.16,2013-03-31,17.67,,378633000.0,25366000,9787000,3019000,,,None,2372000,None,,None,,,,,6768000,6768000,None,None,0.48,,15614000,9787000,,,,,None,,,,,2.0,1.888,5.19,,,,,,,,0.357,,,2025-10-29,quarterly,1.23,USD,pre-market,0,,0.0152,0.137,0.165,12.9,11363000,,,,72.36,66.83,6.0345,,,,,,,30098000,,14.56,,83.09,59.97
2025-12-28,SYBT,4.58,378633000.0,14.56,,0.692,35.32,,,,,,,,,,,,,,,None,6199000,6199000,,,,,,None,1279000,,1.25,0.0186,,,,0.23,0.07,8779000,10058000,1.16,2012-12-31,17.67,,378633000.0,24552000,8779000,2265000,,,None,3724000,None,,None,,,,,6514000,6514000,None,None,0.48,,15773000,8779000,,,,,None,,,,,2.0,1.888,5.19,,,,,,,,0.357,,,2025-10-29,quarterly,1.23,USD,pre-market,0,,0.0152,0.137,0.165,12.9,11317000,,,,72.36,66.83,6.0345,,,,,,,30751000,,14.56,,83.09,59.97
2025-12-28,SYBT,4.58,378633000.0,14.56,,0.692,35.32,,,,,,,,,,,,,,,None,5372000,5372000,,,,,,None,1842000,,1.25,0.0186,,,,0.23,0.07,9070000,10912000,1.16,2012-09-30,17.67,,378633000.0,26115000,9070000,2388000,,,None,2897000,None,,None,,,,,6682000,6682000,None,None,0.48,,17045000,9070000,,,,,None,,,,,2.0,1.888,5.19,,,,,,,,0.357,,,2025-10-29,quarterly,1.23,USD,pre-market,0,,0.0152,0.137,0.165,12.9,11405000,,,,72.36,66.83,6.0345,,,,,,,31487000,,14.56,,83.09,59.97
2025-12-28,SYBT,4.58,378633000.0,14.56,,0.692,35.32,,,,,,,,,,,,,,,None,5543000,5543000,,,,,,None,1232000,,1.25,0.0186,,,,0.23,0.07,8602000,9834000,1.16,2012-06-30,17.67,,378633000.0,25110000,8602000,2499000,,,None,3068000,None,,None,,,,,6103000,6103000,None,None,0.48,,16508000,8602000,,,,,None,,,,,2.0,1.888,5.19,,,,,,,,0.357,,,2025-10-29,quarterly,1.23,USD,pre-market,0,,0.0152,0.137,0.165,12.9,11294000,,,,72.36,66.83,6.0345,,,,,,,30653000,,14.56,,83.09,59.97
2025-12-28,SYBT,4.58,378633000.0,14.56,,0.692,35.32,,,,,,,,,,,,,,,None,7337000,7337000,,,,,,None,1185000,,1.25,0.0186,,,,0.23,0.07,8984000,10169000,1.16,2012-03-31,17.67,,378633000.0,23720000,8984000,2482000,,,None,3262000,None,,None,,,,,6502000,6502000,None,None,0.48,,14736000,8984000,,,,,None,,,,,2.0,1.888,5.19,,,,,,,,0.357,,,2025-10-29,quarterly,1.23,USD,pre-market,0,,0.0152,0.137,0.165,12.9,10716000,,,,72.36,66.83,6.0345,,,,,,,31057000,,14.56,,83.09,59.97
2025-12-28,SYBT,4.58,378633000.0,14.56,,0.692,35.32,,,,,,,,,,,,,,,None,6653000,6653000,,,,,,None,1076000,,1.25,0.0186,,,,0.23,0.07,7418000,8494000,1.16,2011-12-31,17.67,,378633000.0,24145000,7418000,1076000,,,None,3553000,None,,None,,,,,6342000,0,None,None,0.48,,16727000,7418000,,,,,None,,,,,2.0,1.888,5.19,,,,,,,,0.357,,,2025-10-29,quarterly,1.23,USD,pre-market,0,,0.0152,0.137,0.165,12.9,10153000,,,,72.36,66.83,6.0345,,,,,,,30798000,,14.56,,83.09,59.97
2025-12-28,SYBT,4.58,378633000.0,14.56,,0.692,35.32,,,,,,,,,,,,,,,None,7926000,7926000,,,,,,None,1026000,,1.25,0.0186,,,,0.23,0.07,8246000,9272000,1.16,2011-09-30,17.67,,378633000.0,21548000,8246000,2472000,,,None,3826000,None,,None,,,,,5774000,5774000,None,None,0.48,,13302000,8246000,,,,,None,,,,,2.0,1.888,5.19,,,,,,,,0.357,,,2025-10-29,quarterly,1.23,USD,pre-market,0,,0.0152,0.137,0.165,12.9,9150000,,,,72.36,66.83,6.0345,,,,,,,29474000,,14.56,,83.09,59.97
2025-12-28,SYBT,4.58,378633000.0,14.56,,0.692,35.32,,,,,,,,,,,,,,,None,6555000,6555000,,,,,,None,1451000,,1.25,0.0186,,,,0.23,0.07,8438000,9889000,1.16,2011-06-30,17.67,,378633000.0,23163000,8438000,2441000,,,None,3955000,None,,None,,,,,5997000,5997000,None,None,0.48,,14725000,8438000,,,,,None,,,,,2.0,1.888,5.19,,,,,,,,0.357,,,2025-10-29,quarterly,1.23,USD,pre-market,0,,0.0152,0.137,0.165,12.9,10333000,,,,72.36,66.83,6.0345,,,,,,,29718000,,14.56,,83.09,59.97
2025-12-28,SYBT,4.58,378633000.0,14.56,,0.692,35.32,,,,,,,,,,,,,,,None,6773000,6773000,,,,,,None,466000,,1.25,0.0186,,,,0.23,0.07,7693000,8159000,1.16,2011-03-31,17.67,,378633000.0,22520000,7693000,2202000,,,None,3973000,None,,None,,,,,5491000,0,None,None,0.48,,14827000,7693000,,,,,None,,,,,2.0,1.888,5.19,,,,,,,,0.357,,,2025-10-29,quarterly,1.23,USD,pre-market,0,,0.0152,0.137,0.165,12.9,10158000,,,,72.36,66.83,6.0345,,,,,,,29293000,,14.56,,83.09,59.97
2025-12-28,SYBT,4.58,378633000.0,14.56,,0.692,35.32,,,,,,,,,,,,,,,None,8094000,8094000,,,,,,None,891000,,1.25,0.0186,,,,0.23,0.07,8124000,9015000,1.16,2010-12-31,17.67,,378633000.0,23010000,8124000,2073000,,,None,4399000,None,,None,,,,,6051000,0,None,None,0.48,,14886000,8124000,,,,,None,,,,,2.0,1.888,5.19,,,,,,,,0.357,,,2025-10-29,quarterly,1.23,USD,pre-market,0,,0.0152,0.137,0.165,12.9,10674000,,,,72.36,66.83,6.0345,,,,,,,31104000,,14.56,,83.09,59.97
2025-12-28,SYBT,4.58,378633000.0,14.56,,0.692,35.32,,,,,,,,,,,,,,,None,7499000,7499000,,,,,,None,730000,,1.25,0.0186,,,,0.23,0.07,8872000,9602000,1.16,2010-09-30,17.67,,378633000.0,22781000,8872000,2507000,,,None,4804000,None,,None,,,,,6365000,0,None,None,0.48,,13909000,8872000,,,,,None,,,,,2.0,1.888,5.19,,,,,,,,0.357,,,2025-10-29,quarterly,1.23,USD,pre-market,0,,0.0152,0.137,0.165,12.9,9814000,,,,72.36,66.83,6.0345,,,,,,,30280000,,14.56,,83.09,59.97
2025-12-28,SYBT,4.58,378633000.0,14.56,,0.692,35.32,,,,,,,,,,,,,,,None,7285000,7285000,,,,,,None,853000,,1.25,0.0186,,,,0.23,0.07,7705000,8558000,1.16,2010-06-30,17.67,,378633000.0,22086000,7705000,2149000,,,None,4901000,None,,None,,,,,5556000,0,None,None,0.48,,14381000,7705000,,,,,None,,,,,2.0,1.888,5.19,,,,,,,,0.357,,,2025-10-29,quarterly,1.23,USD,pre-market,0,,0.0152,0.137,0.165,12.9,10172000,,,,72.36,66.83,6.0345,,,,,,,29371000,,14.56,,83.09,59.97
2025-12-28,SYBT,4.58,378633000.0,14.56,,0.692,35.32,,,,,,,,,,,,,,,None,7858000,7858000,,,,,,None,800000,,1.25,0.0186,,,,0.23,0.07,7317000,8117000,1.16,2010-03-31,17.67,,378633000.0,21075000,7317000,2336000,,,None,5163000,None,,None,,,,,4981000,0,None,None,0.48,,13758000,7317000,,,,,None,,,,,2.0,1.888,5.19,,,,,,,,0.357,,,2025-10-29,quarterly,1.23,USD,pre-market,0,,0.0152,0.137,0.165,12.9,9697000,,,,72.36,66.83,6.0345,,,,,,,28933000,,14.56,,83.09,59.97
2025-12-28,SYBT,4.58,378633000.0,14.56,,0.692,35.32,,,,,,,,,,,,,,,None,11259000,11259000,,,,,,None,755000,,1.25,0.0186,,,,0.23,0.07,3900000,4655000,1.16,2009-12-31,17.67,,378633000.0,17474000,3900000,1016000,,,None,5784000,None,,None,,,,,2884000,0,None,None,0.48,,13574000,3900000,,,,,None,,,,,2.0,1.888,5.19,,,,,,,,0.357,,,2025-10-29,quarterly,1.23,USD,pre-market,0,,0.0152,0.137,0.165,12.9,11305000,,,,72.36,66.83,6.0345,,,,,,,28733000,,14.56,,83.09,59.97
2025-12-28,SYBT,4.58,378633000.0,14.56,,0.692,35.32,,,,,,,,,,,,,,,None,9983000,9983000,,,,,,None,790000,,1.25,0.0186,,,,0.23,0.07,6415000,7205000,1.16,2009-09-30,17.67,,378633000.0,19443000,6415000,2016000,,,None,6508000,None,,None,,,,,4399000,0,None,None,0.48,,13028000,6415000,,,,,None,,,,,2.0,1.888,5.19,,,,,,,,0.357,,,2025-10-29,quarterly,1.23,USD,pre-market,0,,0.0152,0.137,0.165,12.9,9131000,,,,72.36,66.83,6.0345,,,,,,,29426000,,14.56,,83.09,59.97
2025-12-28,SYBT,4.58,378633000.0,14.56,,0.692,35.32,,,,,,,,,,,,,,,None,8680000,8680000,,,,,,None,626000,,1.25,0.0186,,,,0.23,0.07,6151000,6777000,1.16,2009-06-30,17.67,,378633000.0,20181000,6151000,1863000,,,None,6480000,None,,None,,,,,4288000,0,None,None,0.48,,14030000,6151000,,,,,None,,,,,2.0,1.888,5.19,,,,,,,,0.357,,,2025-10-29,quarterly,1.23,USD,pre-market,0,,0.0152,0.137,0.165,12.9,10162000,,,,72.36,66.83,6.0345,,,,,,,28861000,,14.56,,83.09,59.97
2025-12-28,SYBT,4.58,378633000.0,14.56,,0.692,35.32,,,,,,,,,,,,,,,None,8034000,8034000,,,,,,None,383000,,1.25,0.0186,,,,0.23,0.07,6775000,7158000,1.16,2009-03-31,17.67,,378633000.0,19044000,6775000,2038000,,,None,6409000,None,,None,,,,,4737000,0,None,None,0.48,,12269000,6775000,,,,,None,,,,,2.0,1.888,5.19,,,,,,,,0.357,,,2025-10-29,quarterly,1.23,USD,pre-market,0,,0.0152,0.137,0.165,12.9,8853000,,,,72.36,66.83,6.0345,,,,,,,27078000,,14.56,,83.09,59.97
2025-12-28,SYBT,4.58,378633000.0,14.56,,0.692,35.32,,,,,,,,,,,,,,,None,7711000,7711000,,,,,,None,648000,,1.25,0.0186,,,,0.23,0.07,7305000,7953000,1.16,2008-12-31,17.67,,378633000.0,20087000,7305000,2239000,,,None,6761000,None,,None,,,,,5066000,0,None,None,0.48,,12782000,7305000,,,,,None,,,,,2.0,1.888,5.19,,,,,,,,0.357,,,2025-10-29,quarterly,1.23,USD,pre-market,0,,0.0152,0.137,0.165,12.9,6368000,,,,72.36,66.83,6.0345,,,,,,,27798000,,14.56,,83.09,59.97
2025-12-28,SYBT,4.58,378633000.0,14.56,,0.692,35.32,,,,,,,,,,,,,,,None,8723000,8723000,,,,,,None,636000,,1.25,0.0186,,,,0.23,0.07,8219000,8855000,1.16,2008-09-30,17.67,,378633000.0,20139000,8219000,2776000,,,None,7823000,None,,None,,,,,5443000,0,None,None,0.48,,11920000,8219000,,,,,None,,,,,2.0,1.888,5.19,,,,,,,,0.357,,,2025-10-29,quarterly,1.23,USD,pre-market,0,,0.0152,0.137,0.165,12.9,6824000,,,,72.36,66.83,6.0345,,,,,,,28862000,,14.56,,83.09,59.97
2025-12-28,SYBT,4.58,378633000.0,14.56,,0.692,35.32,,,,,,,,,,,,,,,None,8037000,8037000,,,,,,None,648000,,1.25,0.0186,,,,0.23,0.07,8765000,9413000,1.16,2008-06-30,17.67,,378633000.0,21066000,8765000,2636000,,,None,7062000,None,,None,,,,,6129000,0,None,None,0.48,,12301000,8765000,,,,,None,,,,,2.0,1.888,5.19,,,,,,,,0.357,,,2025-10-29,quarterly,1.23,USD,pre-market,0,,0.0152,0.137,0.165,12.9,7367000,,,,72.36,66.83,6.0345,,,,,,,29103000,,14.56,,83.09,59.97
2025-12-28,SYBT,4.58,378633000.0,14.56,,0.692,35.32,,,,,,,,,,,,,,,None,9842000,9842000,,,,,,None,600000,,1.25,0.0186,,,,0.23,0.07,7443000,8043000,1.16,2008-03-31,17.67,,378633000.0,19386000,7443000,2405000,,,None,8617000,None,,None,,,,,5038000,0,None,None,0.48,,11943000,7443000,,,,,None,,,,,2.0,1.888,5.19,,,,,,,,0.357,,,2025-10-29,quarterly,1.23,USD,pre-market,0,,0.0152,0.137,0.165,12.9,7188000,,,,72.36,66.83,6.0345,,,,,,,29228000,,14.56,,83.09,59.97
2025-12-28,SYBT,4.58,378633000.0,14.56,,0.692,35.32,,,,,,,,,,,,,,,None,11025000,11025000,,,,,,None,566000,,1.25,0.0186,,,,0.23,0.07,7462000,8028000,1.16,2007-12-31,17.67,,378633000.0,19608000,7462000,1298000,,,None,9590000,None,,None,,,,,6164000,0,None,None,0.48,,12146000,7462000,,,,,None,,,,,2.0,1.888,5.19,,,,,,,,0.357,,,2025-10-29,quarterly,1.23,USD,pre-market,0,,0.0152,0.137,0.165,12.9,6898000,,,,72.36,66.83,6.0345,,,,,,,30633000,,14.56,,83.09,59.97
2025-12-28,SYBT,4.58,378633000.0,14.56,,0.692,35.32,,,,,,,,,,,,,,,None,10371000,10371000,,,,,,None,585000,,1.25,0.0186,,,,0.23,0.07,8730000,9315000,1.16,2007-09-30,17.67,,378633000.0,20257000,8730000,2843000,,,None,9521000,None,,None,,,,,5887000,0,None,None,0.48,,11527000,8730000,,,,,None,,,,,2.0,1.888,5.19,,,,,,,,0.357,,,2025-10-29,quarterly,1.23,USD,pre-market,0,,0.0152,0.137,0.165,12.9,6865000,,,,72.36,66.83,6.0345,,,,,,,30628000,,14.56,,83.09,59.97
2025-12-28,SYBT,4.58,378633000.0,14.56,,0.692,35.32,,,,,,,,,,,,,,,None,9696000,9696000,,,,,,None,636000,,1.25,0.0186,,,,0.23,0.07,9359000,9995000,1.16,2007-06-30,17.67,,378633000.0,20843000,9359000,3062000,,,None,9236000,None,,None,,,,,6297000,0,None,None,0.48,,11484000,9359000,,,,,None,,,,,2.0,1.888,5.19,,,,,,,,0.357,,,2025-10-29,quarterly,1.23,USD,pre-market,0,,0.0152,0.137,0.165,12.9,6632000,,,,72.36,66.83,6.0345,,,,,,,30539000,,14.56,,83.09,59.97
2025-12-28,SYBT,4.58,378633000.0,14.56,,0.692,35.32,,,,,,,,,,,,,,,None,9972000,9972000,,,,,,None,709000,,1.25,0.0186,,,,0.23,0.07,8416000,9125000,1.16,2007-03-31,17.67,,378633000.0,19790000,8416000,2712000,,,None,9192000,None,,None,,,,,5704000,0,None,None,0.48,,11374000,8416000,,,,,None,,,,,2.0,1.888,5.19,,,,,,,,0.357,,,2025-10-29,quarterly,1.23,USD,pre-market,0,,0.0152,0.137,0.165,12.9,6607000,,,,72.36,66.83,6.0345,,,,,,,29762000,,14.56,,83.09,59.97
2025-12-28,SYBT,4.58,378633000.0,14.56,,0.692,35.32,,,,,,,,,,,,,,,None,9571000,9571000,,,,,,None,717000,,1.25,0.0186,,,,0.23,0.07,9046000,9763000,1.16,2006-12-31,17.67,,378633000.0,20842000,9046000,2759000,,,None,8871000,None,,None,,,,,6287000,0,None,None,0.48,,11796000,9046000,,,,,None,,,,,2.0,1.888,5.19,,,,,,,,0.357,,,2025-10-29,quarterly,1.23,USD,pre-market,0,,0.0152,0.137,0.165,12.9,6714000,,,,72.36,66.83,6.0345,,,,,,,30413000,,14.56,,83.09,59.97
2025-12-28,SYBT,4.58,378633000.0,14.56,,0.692,35.32,,,,,,,,,,,,,,,None,8872000,8872000,,,,,,None,1627000,,1.25,0.0186,,,,0.23,0.07,8253000,9880000,1.16,2006-09-30,17.67,,378633000.0,20099000,8253000,2832000,,,None,8422000,None,,None,,,,,5421000,0,None,None,0.48,,11846000,8253000,,,,,None,,,,,2.0,1.888,5.19,,,,,,,,0.357,,,2025-10-29,quarterly,1.23,USD,pre-market,0,,0.0152,0.137,0.165,12.9,6314000,,,,72.36,66.83,6.0345,,,,,,,28971000,,14.56,,83.09,59.97
2025-12-28,SYBT,4.58,378633000.0,14.56,,0.692,35.32,,,,,,,,,,,,,,,None,8394000,8394000,,,,,,None,741000,,1.25,0.0186,,,,0.23,0.07,8801000,9542000,1.16,2006-06-30,17.67,,378633000.0,20079000,8801000,2933000,,,None,7794000,None,,None,,,,,5868000,0,None,None,0.48,,11278000,8801000,,,,,None,,,,,2.0,1.888,5.19,,,,,,,,0.357,,,2025-10-29,quarterly,1.23,USD,pre-market,0,,0.0152,0.137,0.165,12.9,6485000,,,,72.36,66.83,6.0345,,,,,,,28473000,,14.56,,83.09,59.97
2025-12-28,SYBT,4.58,378633000.0,14.56,,0.692,35.32,,,,,,,,,,,,,,,None,7704000,7704000,,,,,,None,793000,,1.25,0.0186,,,,0.23,0.07,7758000,8551000,1.16,2006-03-31,17.67,,378633000.0,19536000,7758000,2438000,,,None,7354000,None,,None,,,,,5320000,0,None,None,0.48,,11778000,7758000,,,,,None,,,,,2.0,1.888,5.19,,,,,,,,0.357,,,2025-10-29,quarterly,1.23,USD,pre-market,0,,0.0152,0.137,0.165,12.9,6893000,,,,72.36,66.83,6.0345,,,,,,,27240000,,14.56,,83.09,59.97
2025-12-28,SYBT,4.58,378633000.0,14.56,,0.692,35.32,,,,,,,,,,,,,,,None,6595000,6595000,,,,,,None,798000,,1.25,0.0186,,,,0.23,0.07,8067000,8865000,1.16,2005-12-31,17.67,,378633000.0,20045000,8067000,2543000,,,None,6595000,None,,None,,,,,5524000,0,None,None,0.48,,11978000,8067000,,,,,None,,,,,2.0,1.888,5.19,,,,,,,,0.357,,,2025-10-29,quarterly,1.23,USD,pre-market,0,,0.0152,0.137,0.165,12.9,5993000,,,,72.36,66.83,6.0345,,,,,,,26640000,,14.56,,83.09,59.97
2025-12-28,SYBT,4.58,378633000.0,14.56,,0.692,35.32,,,,,,,,,,,,,,,None,5833000,5833000,,,,,,None,813000,,1.25,0.0186,,,,0.23,0.07,8607000,9420000,1.16,2005-09-30,17.67,,378633000.0,19546000,8607000,2756000,,,None,5833000,None,,None,,,,,5851000,0,None,None,0.48,,10939000,8607000,,,,,None,,,,,2.0,1.888,5.19,,,,,,,,0.357,,,2025-10-29,quarterly,1.23,USD,pre-market,0,,0.0152,0.137,0.165,12.9,6063000,,,,72.36,66.83,6.0345,,,,,,,25379000,,14.56,,83.09,59.97
2025-12-28,SYBT,4.58,378633000.0,14.56,,0.692,35.32,,,,,,,,,,,,,,,None,165564000,165564000,,,,,,None,13354000,,1.25,0.0186,,,,0.23,0.07,144366000,157720000,1.16,2024-12-31,17.67,,378633000.0,335383000,144366000,29827000,,,None,155839000,412879000,,None,,,,,114539000,114539000,257040000,None,0.48,,191017000,144366000,,,,,None,,,,,2.0,1.888,5.19,,,,,,,,0.357,,,2025-10-29,annual,1.23,USD,pre-market,None,,0.0152,0.137,0.165,12.9,125649000,,,,72.36,66.83,6.0345,,,,,,,500947000,,14.56,,83.09,59.97
2025-12-28,SYBT,4.58,378633000.0,14.56,,0.692,35.32,,,,,,,,,,,,,,,None,6900676000,6900676000,,,,,,None,4686000,,1.25,0.0186,,,,0.23,0.07,-6651846000,-6651846000,1.16,2023-12-31,17.67,,378633000.0,-6553980000,137927000,30179000,,,None,99364000,346696000,,None,,,,,107748000,107748000,247332000,None,0.48,,97866000,-6651846000,,,,,None,,,,,2.0,1.888,5.19,,,,,,,,0.357,,,2025-10-29,annual,1.23,USD,pre-market,None,,0.0152,0.137,0.165,12.9,91876000,,,,72.36,66.83,6.0345,,,,,,,346696000,,14.56,,83.09,59.97
2025-12-28,SYBT,4.58,378633000.0,14.56,,0.692,35.32,,,,,,,,,,,,,,,None,28526000,28526000,,,,,,None,20658000,,1.25,0.0186,,,,0.23,0.07,120484000,141142000,1.16,2022-12-31,17.67,,378633000.0,302025000,120484000,27190000,,,None,18269000,251652000,,None,,,,,92972000,93294000,233383000,None,0.48,,181541000,120484000,,,,,None,,,,,2.0,1.888,5.19,,,,,,,,0.357,,,2025-10-29,annual,1.23,USD,pre-market,None,,0.0152,0.137,0.165,12.9,105966000,,,,72.36,66.83,6.0345,,,,,,,330551000,,14.56,,83.09,59.97
2025-12-28,SYBT,4.58,378633000.0,14.56,,0.692,35.32,,,,,,,,,,,,,,,None,5249000,5249000,,,,,,None,11329000,,1.25,0.0186,,,,0.23,0.07,95397000,106726000,1.16,2021-12-31,17.67,,378633000.0,233261000,95397000,20752000,,,None,6002000,177076000,,None,,,,,74645000,74645000,171074000,None,0.48,,137864000,95397000,,,,,None,,,,,2.0,1.888,5.19,,,,,,,,0.357,,,2025-10-29,annual,1.23,USD,pre-market,None,,0.0152,0.137,0.165,12.9,78360000,,,,72.36,66.83,6.0345,,,,,,,238510000,,14.56,,83.09,59.97
2025-12-28,SYBT,4.58,378633000.0,14.56,,0.692,35.32,,,,,,,,,,,,,,,None,30368000,30368000,,,,,,None,9743000,,1.25,0.0186,,,,0.23,0.07,67743000,77486000,1.16,2020-12-31,17.67,,378633000.0,166796000,67743000,8874000,,,None,11950000,147871000,,None,,,,,58869000,58869000,135921000,None,0.48,,99053000,67743000,,,,,None,,,,,2.0,1.888,5.19,,,,,,,,0.357,,,2025-10-29,annual,1.23,USD,pre-market,None,,0.0152,0.137,0.165,12.9,63649000,,,,72.36,66.83,6.0345,,,,,,,197164000,,14.56,,83.09,59.97
2025-12-28,SYBT,4.58,378633000.0,14.56,,0.692,35.32,,,,,,,,,,,,,,,None,23544000,23544000,,,,,,None,4880000,,1.25,0.0186,,,,0.23,0.07,75660000,80540000,1.16,2019-12-31,17.67,,378633000.0,172518000,75660000,9593000,,,None,22544000,147765000,,None,,,,,66067000,66067000,125221000,None,0.48,,95623000,75660000,,,,,None,,,,,2.0,1.888,5.19,,,,,,,,0.357,,,2025-10-29,annual,1.23,USD,pre-market,None,,0.0152,0.137,0.165,12.9,61357000,,,,72.36,66.83,6.0345,,,,,,,194827000,,14.56,,83.09,59.97
2025-12-28,SYBT,4.58,378633000.0,14.56,,0.692,35.32,,,,,,,,,,,,,,,None,18062000,18062000,,,,,,None,5782000,,1.25,0.0186,,,,0.23,0.07,67720000,73502000,1.16,2018-12-31,17.67,,378633000.0,155699000,67548000,12031000,,,None,15357000,129773000,,None,,,,,55517000,55517000,114416000,None,0.48,,87060000,67548000,,,,,None,,,,,2.0,1.888,5.19,,,,,,,,0.357,,,2025-10-29,annual,1.23,USD,pre-market,0,,0.0152,0.137,0.165,12.9,57163000,,,,72.36,66.83,6.0345,,,,,,,172670000,,14.56,,83.09,59.97
2025-12-28,SYBT,4.58,378633000.0,14.56,,0.692,35.32,,,,,,,,,,,,,,,None,9796000,9796000,,,,,,None,13640000,,1.25,0.0186,,,,0.23,0.07,54990000,68630000,1.16,2017-12-31,17.67,,378633000.0,145602000,55182000,17139000,,,None,7246000,110849000,,None,,,,,38043000,38043000,103603000,None,0.48,,90420000,55182000,,,,,None,,,,,2.0,1.888,5.19,,,,,,,,0.357,,,2025-10-29,annual,1.23,USD,pre-market,0,,0.0152,0.137,0.165,12.9,53528000,,,,72.36,66.83,6.0345,,,,,,,155398000,,14.56,,83.09,59.97
2025-12-28,SYBT,4.58,378633000.0,14.56,,0.692,35.32,,,,,,,,,,,,,,,None,7918000,7918000,,,,,,None,11142000,,1.25,0.0186,,,,0.23,0.07,56223000,67365000,1.16,2016-12-31,17.67,,378633000.0,137209000,56271000,15244000,,,None,4918000,102172000,,None,,,,,41027000,41027000,97254000,None,0.48,,80938000,56271000,,,,,None,,,,,2.0,1.888,5.19,,,,,,,,0.357,,,2025-10-29,annual,1.23,USD,pre-market,0,,0.0152,0.137,0.165,12.9,50363000,,,,72.36,66.83,6.0345,,,,,,,145127000,,14.56,,83.09,59.97
2025-12-28,SYBT,4.58,378633000.0,14.56,,0.692,35.32,,,,,,,,,,,,,,,None,5602000,5602000,,,,,,None,6902000,,1.25,0.0186,,,,0.23,0.07,54075000,60977000,1.16,2015-12-31,17.67,,378633000.0,127518000,54120000,16933000,,,None,4852000,93170000,,None,,,,,37187000,37187000,88318000,None,0.48,,73398000,54120000,,,,,None,,,,,2.0,1.888,5.19,,,,,,,,0.357,,,2025-10-29,annual,1.23,USD,pre-market,0,,0.0152,0.137,0.165,12.9,45967000,,,,72.36,66.83,6.0345,,,,,,,133120000,,14.56,,83.09,59.97
2025-12-28,SYBT,4.58,378633000.0,14.56,,0.692,35.32,,,,,,,,,,,,,,,None,4930000,4930000,,,,,,None,7413000,,1.25,0.0186,,,,0.23,0.07,50062000,57475000,1.16,2014-12-31,17.67,,378633000.0,123583000,50103000,15281000,,,None,5330000,None,,None,,,,,34822000,34822000,None,None,0.48,,73480000,50103000,,,,,None,,,,,2.0,1.888,5.19,,,,,,,,0.357,,,2025-10-29,annual,1.23,USD,pre-market,0,,0.0152,0.137,0.165,12.9,52394000,,,,72.36,66.83,6.0345,,,,,,,128513000,,14.56,,83.09,59.97
2025-12-28,SYBT,4.58,378633000.0,14.56,,0.692,35.32,,,,,,,,,,,,,,,None,15716000,15716000,,,,,,None,7969000,,1.25,0.0186,,,,0.23,0.07,38398000,46367000,1.16,2013-12-31,17.67,,378633000.0,108649000,38398000,11228000,,,None,9166000,None,,None,,,,,27170000,27170000,None,None,0.48,,70251000,38398000,,,,,None,,,,,2.0,1.888,5.19,,,,,,,,0.357,,,2025-10-29,annual,1.23,USD,pre-market,0,,0.0152,0.137,0.165,12.9,48895000,,,,72.36,66.83,6.0345,,,,,,,124365000,,14.56,,83.09,59.97
2025-12-28,SYBT,4.58,378633000.0,14.56,,0.692,35.32,,,,,,,,,,,,,,,None,24451000,24451000,,,,,,None,4964000,,1.25,0.0186,,,,0.23,0.07,35435000,40399000,1.16,2012-12-31,17.67,,378633000.0,99497000,35435000,9634000,,,None,12951000,None,,None,,,,,25801000,25801000,None,None,0.48,,64062000,35435000,,,,,None,,,,,2.0,1.888,5.19,,,,,,,,0.357,,,2025-10-29,annual,1.23,USD,pre-market,0,,0.0152,0.137,0.165,12.9,44732000,,,,72.36,66.83,6.0345,,,,,,,123948000,,14.56,,83.09,59.97
2025-12-28,SYBT,4.58,378633000.0,14.56,,0.692,35.32,,,,,,,,,,,,,,,None,27907000,27907000,,,,,,None,4019000,,1.25,0.0186,,,,0.23,0.07,31795000,35814000,1.16,2011-12-31,17.67,,378633000.0,89660000,31795000,8191000,,,None,15307000,None,,None,,,,,23604000,23604000,None,None,0.48,,57865000,31795000,,,,,None,,,,,2.0,1.888,5.19,,,,,,,,0.357,,,2025-10-29,annual,1.23,USD,pre-market,0,,0.0152,0.137,0.165,12.9,39794000,,,,72.36,66.83,6.0345,,,,,,,117567000,,14.56,,83.09,59.97
2025-12-28,SYBT,4.58,378633000.0,14.56,,0.692,35.32,,,,,,,,,,,,,,,None,30736000,30736000,,,,,,None,3274000,,1.25,0.0186,,,,0.23,0.07,32018000,35292000,1.16,2010-12-31,17.67,,378633000.0,89160000,32018000,9065000,,,None,19267000,None,,None,,,,,22953000,None,None,None,0.48,,57142000,32018000,,,,,None,,,,,2.0,1.888,5.19,,,,,,,,0.357,,,2025-10-29,annual,1.23,USD,pre-market,None,,0.0152,0.137,0.165,12.9,40357000,,,,72.36,66.83,6.0345,,,,,,,119896000,,14.56,,83.09,59.97
2025-12-28,SYBT,4.58,378633000.0,14.56,,0.692,35.32,,,,,,,,,,,,,,,None,37956000,37956000,,,,,,None,2554000,,1.25,0.0186,,,,0.23,0.07,23241000,25795000,1.16,2009-12-31,17.67,,378633000.0,75936000,23241000,6933000,,,None,25181000,None,,None,,,,,16308000,None,None,None,0.48,,52695000,23241000,,,,,None,,,,,2.0,1.888,5.19,,,,,,,,0.357,,,2025-10-29,annual,1.23,USD,pre-market,None,,0.0152,0.137,0.165,12.9,37313000,,,,72.36,66.83,6.0345,,,,,,,113892000,,14.56,,83.09,59.97
2025-12-28,SYBT,4.58,378633000.0,14.56,,0.692,35.32,,,,,,,,,,,,,,,None,34313000,34313000,,,,,,None,2532000,,1.25,0.0186,,,,0.23,0.07,31732000,34264000,1.16,2008-12-31,17.67,,378633000.0,81207000,31732000,10056000,,,None,30263000,None,,None,,,,,21676000,None,None,None,0.48,,49475000,31732000,,,,,None,,,,,2.0,1.888,5.19,,,,,,,,0.357,,,2025-10-29,annual,1.23,USD,pre-market,None,,0.0152,0.137,0.165,12.9,32938000,,,,72.36,66.83,6.0345,,,,,,,115520000,,14.56,,83.09,59.97
2025-12-28,SYBT,4.58,378633000.0,14.56,,0.692,35.32,,,,,,,,,,,,,,,None,41064000,41064000,,,,,,None,2496000,,1.25,0.0186,,,,0.23,0.07,33967000,36463000,1.16,2007-12-31,17.67,,378633000.0,80498000,33967000,9915000,,,None,37539000,None,,None,,,,,24052000,None,None,None,0.48,,46531000,33967000,,,,,None,,,,,2.0,1.888,5.19,,,,,,,,0.357,,,2025-10-29,annual,1.23,USD,pre-market,None,,0.0152,0.137,0.165,12.9,27002000,,,,72.36,66.83,6.0345,,,,,,,121562000,,14.56,,83.09,59.97
2025-12-28,SYBT,4.58,378633000.0,14.56,,0.692,35.32,,,,,,,,,,,,,,,None,34541000,34541000,,,,,,None,3878000,,1.25,0.0186,,,,0.23,0.07,33858000,37736000,1.16,2006-12-31,17.67,,378633000.0,80468000,33858000,10962000,,,None,32441000,None,,None,,,,,22896000,None,None,None,0.48,,46610000,33858000,,,,,None,,,,,2.0,1.888,5.19,,,,,,,,0.357,,,2025-10-29,annual,1.23,USD,pre-market,None,,0.0152,0.137,0.165,12.9,26406000,,,,72.36,66.83,6.0345,,,,,,,115009000,,14.56,,83.09,59.97
2025-12-28,SYBT,4.58,378633000.0,14.56,,0.692,35.32,,,,,,,,,,,,,,,None,23333000,23333000,,,,,,None,3257000,,1.25,0.0186,,,,0.23,0.07,31700000,34957000,1.16,2005-12-31,17.67,,378633000.0,76357000,31520000,10056000,,,None,23108000,None,,None,,,,,21644000,None,None,None,0.48,,44672000,31520000,,,,,None,,,,,2.0,1.888,5.19,,,,,,,,0.357,,,2025-10-29,annual,1.23,USD,pre-market,None,,0.0152,0.137,0.165,12.9,24358000,,,,72.36,66.83,6.0345,,,,,,,99705000,,14.56,,83.09,59.97
2025-12-28,SYBT,4.58,378633000.0,14.56,None,0.692,35.32,,None,84357000,84357000,,,,,,,,,59083000,29526000,None,23333000,23333000,1885000,None,None,51756000,None,None,3257000,,1.25,0.0186,,,,0.23,0.07,31700000,34957000,1.16,2025-09-30,17.67,194074000,378633000.0,76357000,31520000,10056000,23521000,23521000,None,23108000,None,None,None,None,326806000,None,1134432000,21644000,None,None,None,0.48,,44672000,31520000,6530000,7643947500,None,None,None,,,,,2.0,1.888,5.19,,,,,,,,0.357,,None,2025-10-29,quarterly,1.23,USD,pre-market,None,648012000,0.0152,0.137,0.165,12.9,24358000,406684000,79878000,737520000,72.36,66.83,6.0345,9307376000,880163000,7725735000,8266232000,8427213000,540497000,99705000,1041144000,14.56,None,83.09,59.97
2025-12-28,SYBT,4.58,378633000.0,14.56,None,0.692,35.32,,None,97606000,97606000,,,,,,,,,59081000,29503000,None,23333000,23333000,1835000,None,None,46263000,None,None,3257000,,1.25,0.0186,,,,0.23,0.07,31700000,34957000,1.16,2025-06-30,17.67,194074000,378633000.0,76357000,31520000,10056000,24695000,24695000,None,23108000,None,None,None,None,326806000,None,1419886000,21644000,None,None,None,0.48,,44672000,31520000,5306000,7506750000,None,None,None,,,,,2.0,1.888,5.19,,,,,,,,0.357,,None,2025-10-29,quarterly,1.23,USD,pre-market,None,621475000,0.0152,0.137,0.165,12.9,24358000,460091000,133285000,1013862000,72.36,66.83,6.0345,9208986000,1163037000,7641870000,8203282000,8045949000,561412000,99705000,1005704000,14.56,None,83.09,59.97
2025-12-28,SYBT,4.58,378633000.0,14.56,None,0.692,35.32,,None,110156000,110156000,,,,,,,,,59066000,29501000,None,23333000,23333000,1973000,None,None,46167000,None,None,3257000,,1.25,0.0186,,,,0.23,0.07,31700000,34957000,1.16,2025-03-31,17.67,194074000,378633000.0,76357000,31520000,10056000,25721000,25721000,None,23108000,None,None,None,None,326806000,None,1443701000,21644000,None,None,None,0.48,,44672000,31520000,6071000,7293966000,None,None,None,,,,,2.0,1.888,5.19,,,,,,,,0.357,,None,2025-10-29,quarterly,1.23,USD,pre-market,None,597243000,0.0152,0.137,0.165,12.9,24358000,484770000,157964000,843064000,72.36,66.83,6.0345,8997478000,1005458000,7453903000,8022005000,7992020000,568102000,99705000,975473000,14.56,None,83.09,59.97
2025-12-28,SYBT,4.58,378633000.0,14.56,None,0.692,35.32,,None,78925000,78925000,,,,,,,,,58939000,29493000,None,23333000,23333000,1912000,None,None,47364000,None,None,3257000,,1.25,0.0186,,,,0.23,0.07,31700000,34957000,1.16,2024-12-31,17.67,194074000,378633000.0,76357000,31520000,10056000,27151000,27151000,None,23108000,None,None,None,None,326806000,None,1545709000,21644000,None,None,None,0.48,,44672000,31520000,6369000,7166401000,None,None,None,,,,,2.0,1.888,5.19,,,,,,,,0.357,,None,2025-10-29,quarterly,1.23,USD,pre-market,None,577607000,0.0152,0.137,0.165,12.9,24358000,496298000,169492000,990114000,72.36,66.83,6.0345,8863419000,1122772000,7337805000,7922943000,7740647000,585138000,99705000,940476000,14.56,None,83.09,59.97
2025-12-28,SYBT,4.58,378633000.0,14.56,None,0.692,35.32,,None,108825000,108825000,,,,,,,,,58886000,29445000,None,23333000,23333000,2036000,None,None,47256000,None,None,3257000,,1.25,0.0186,,,,0.23,0.07,31700000,34957000,1.16,2024-09-30,17.67,194074000,378633000.0,76357000,31520000,10056000,29057000,29057000,None,23108000,None,-997096000,None,None,351806000,None,1413938000,21644000,None,None,None,0.48,,44672000,31520000,4242000,6726073000,None,None,None,,,,,2.0,1.888,5.19,,,,,,,,0.357,,None,2025-10-29,quarterly,1.23,USD,pre-market,None,557516000,0.0152,0.137,0.165,12.9,24358000,508100000,156294000,861832000,72.36,66.83,6.0345,8437280000,1022155000,6884403000,7503186000,7415125000,618783000,99705000,934094000,14.56,None,83.09,59.97
2025-12-28,SYBT,4.58,378633000.0,14.56,None,0.692,35.32,,None,85441000,85441000,,,,,,,,,58797000,29383000,None,23333000,23333000,2155000,None,None,50196000,None,None,3257000,,1.25,0.0186,,,,0.23,0.07,31700000,34957000,1.16,2024-06-30,17.67,194074000,378633000.0,76357000,31520000,10056000,30398000,30398000,None,23108000,None,56902000,None,None,426806000,None,1521586000,21644000,None,None,None,0.48,,44672000,31520000,5036000,6569238000,None,None,None,,,,,2.0,1.888,5.19,,,,,,,,0.357,,None,2025-10-29,quarterly,1.23,USD,pre-market,None,540264000,0.0152,0.137,0.165,12.9,24358000,589783000,162977000,961628000,72.36,66.83,6.0345,8315325000,1102301000,6734370000,7420790000,7213024000,686420000,99705000,894535000,14.56,None,83.09,59.97
2025-12-28,SYBT,4.58,378633000.0,14.56,None,0.692,35.32,,None,71676000,71676000,,,,,,,,,58812000,29361000,None,23333000,23333000,2194000,None,None,47012000,None,None,3257000,,1.25,0.0186,,,,0.23,0.07,31700000,34957000,1.16,2024-03-31,17.67,194074000,378633000.0,76357000,31520000,10056000,31796000,31796000,None,23108000,None,-186297000,None,None,226806000,None,1552267000,21644000,None,None,None,0.48,,44672000,31520000,6255000,6548913000,None,None,None,,,,,2.0,1.888,5.19,,,,,,,,0.357,,None,2025-10-29,quarterly,1.23,USD,pre-market,None,521268000,0.0152,0.137,0.165,12.9,24358000,399295000,172489000,993808000,72.36,66.83,6.0345,8123128000,1118751000,6783763000,7248417000,7004377000,464654000,99705000,874711000,14.56,None,83.09,59.97
2025-12-28,SYBT,4.58,378633000.0,14.56,None,0.692,35.32,,None,94466000,94466000,,,,,,,,,58602000,29331000,None,23333000,23333000,2094000,None,None,46318000,None,None,3257000,,1.25,0.0186,,,,0.23,0.07,31700000,34957000,1.16,2023-12-31,17.67,194074000,378633000.0,76357000,31520000,10056000,33386000,33386000,None,23108000,None,-82349180,None,None,226740000,None,1646072000,21644000,None,None,None,0.48,,44672000,31520000,5873000,6532821000,None,None,None,,,,,2.0,1.888,5.19,,,,,,,,0.357,,None,2025-10-29,quarterly,1.23,USD,pre-market,None,506344000,0.0152,0.137,0.165,12.9,24358000,392583000,165843000,1031179000,72.36,66.83,6.0345,8170102000,1177836000,6838685000,7311999000,6992266000,473314000,99705000,858103000,14.56,None,83.09,59.97
2025-12-28,SYBT,4.58,378633000.0,14.56,None,0.692,35.32,,None,79538000,79538000,,,,,,,,,58579000,29336000,None,23333000,23333000,1836000,None,None,42056000,None,None,3257000,,1.25,0.0186,,,,0.23,0.07,31700000,34957000,1.16,2023-09-30,17.67,194074000,378633000.0,76357000,31520000,10056000,35029000,35029000,None,23108000,None,-368615000,None,None,376641000,None,1582657000,21644000,None,None,None,0.48,,44672000,31520000,4224000,6217050000,None,None,None,,,,,2.0,1.888,5.19,,,,,,,,0.357,,None,2025-10-29,quarterly,1.23,USD,pre-market,None,491845000,0.0152,0.137,0.165,12.9,24358000,502053000,125412000,1020248000,72.36,66.83,6.0345,7903430000,1146066000,6530055000,7096512000,6757364000,566457000,99705000,806918000,14.56,None,83.09,59.97
2025-12-28,SYBT,4.58,378633000.0,14.56,None,0.692,35.32,,None,111126000,111126000,,,,,,,,,58580000,29340000,None,23333000,23333000,1064000,None,None,22547000,None,None,3257000,,1.25,0.0186,,,,0.23,0.07,31700000,34957000,1.16,2023-06-30,17.67,194074000,378633000.0,76357000,31520000,10056000,1172000,1172000,None,23108000,None,-326485000,None,None,26541000,None,1549822000,21644000,None,None,None,0.48,,44672000,31520000,303938000,61074000,None,676839000,None,,,,,2.0,1.888,5.19,,,,,,,,0.357,,98777000,2025-10-29,quarterly,1.23,USD,pre-market,None,473531000,0.0152,0.137,0.165,12.9,24358000,27087000,546000,1542753000,72.36,66.83,6.0345,7732552000,1542753290,61620000,6924470000,1914291000,4854492000,99705000,808082000,14.56,None,83.09,59.97
2025-12-28,SYBT,4.58,378633000.0,14.56,None,0.692,35.32,,None,87922000,87922000,,,,,,,,,58582000,29365000,None,23333000,23333000,1029000,None,None,37117000,None,None,3257000,,1.25,0.0186,,,,0.23,0.07,31700000,34957000,1.16,2023-03-31,17.67,194074000,378633000.0,76357000,31520000,10056000,38433000,38433000,None,23108000,None,-383369000,None,None,26442000,None,1607000000,21644000,None,None,None,0.48,,44672000,31520000,4528000,6293950000,None,473869000,None,,,,,2.0,1.888,5.19,,,,,,,,0.357,,104007000,2025-10-29,quarterly,1.23,USD,pre-market,None,454338000,0.0152,0.137,0.165,12.9,24358000,420765000,119323000,1131852000,72.36,66.83,6.0345,7667648000,1261419000,6477547000,6873280000,6406229000,395733000,99705000,794368000,14.56,None,83.09,59.97
2025-12-28,SYBT,4.58,378633000.0,14.56,None,0.692,35.32,,None,82515000,82515000,,,,,,,,,58367000,29428000,None,23333000,23333000,660000,None,None,38632000,None,None,3257000,,1.25,0.0186,,,,0.23,0.07,31700000,34957000,1.16,2022-12-31,17.67,194074000,378633000.0,76357000,31520000,10056000,40209000,40209000,None,23108000,None,-232364000,None,None,26343000,None,1620440000,21644000,None,None,None,0.48,,44672000,31520000,215889000,-660000,None,308785000,None,,,,,2.0,1.888,5.19,,,,,,,,0.357,,104256000,2025-10-29,quarterly,1.23,USD,pre-market,None,439898000,0.0152,0.137,0.165,12.9,24358000,171927000,145584000,1144617000,72.36,66.83,6.0345,7496261000,1249289000,660000,6735829000,310644000,660000,99705000,760432000,14.56,None,83.09,59.97
2025-12-28,SYBT,4.58,378633000.0,14.56,None,0.692,35.32,,None,93948000,93948000,,,,,,,,,58311000,29404000,None,23333000,23333000,401000,None,None,34488000,None,None,3257000,,1.25,0.0186,,,,0.23,0.07,31700000,34957000,1.16,2022-09-30,17.67,202524000,378633000.0,76357000,31520000,10056000,44651000,44651000,None,23108000,None,-381316000,None,None,26244000,None,1632528000,21644000,None,None,None,0.48,,44672000,31520000,381316000,-401000,None,287073000,None,,,,,2.0,1.888,5.19,,,,,,,,0.357,,98744000,2025-10-29,quarterly,1.23,USD,pre-market,None,421269000,0.0152,0.137,0.165,12.9,24358000,160624000,134380000,1149173000,72.36,66.83,6.0345,7557205000,1277609000,401000,6826456000,1987364000,401000,99705000,727754000,14.56,None,83.09,59.97
2025-12-28,SYBT,4.58,378633000.0,14.56,None,0.692,35.32,,None,88422000,88422000,,,,,,,,,58315000,29346000,None,23333000,23333000,277000,None,None,34744000,None,None,3257000,,1.25,0.0186,,,,0.23,0.07,31700000,34957000,1.16,2022-06-30,17.67,202524000,378633000.0,76357000,31520000,10056000,46861000,46861000,None,23108000,None,7601000,None,None,26144000,None,1635533000,21644000,None,None,None,0.48,,44672000,31520000,-17688000,-277000,None,248622000,None,,,,,2.0,1.888,5.19,,,,,,,,0.357,,119462000,2025-10-29,quarterly,1.23,USD,pre-market,None,401275000,0.0152,0.137,0.165,12.9,24358000,198102000,171958000,1140039000,72.36,66.83,6.0345,7583105000,573669000,277000,6835974000,7009436000,6832667000,99705000,747131000,14.56,None,83.09,59.97
2025-12-28,SYBT,4.58,378633000.0,14.56,None,0.692,35.32,,None,109799000,109799000,,,,,,,,,58238000,27485000,None,23333000,23333000,337000,None,None,33392000,None,None,3257000,,1.25,0.0186,,,,0.23,0.07,31700000,34957000,1.16,2022-03-31,17.67,199429000,378633000.0,76357000,31520000,10056000,48845000,48845000,None,23108000,None,-793802000,None,None,26045000,None,6488485000,21644000,None,None,None,0.48,,44672000,31520000,793802000,-153447000,None,235139000,None,,,,,2.0,1.888,5.19,,,,,,,,0.357,,108827000,2025-10-29,quarterly,1.23,USD,pre-market,None,384949000,0.0152,0.137,0.165,12.9,24358000,179492000,153447000,1150355000,72.36,66.83,6.0345,7777134000,1293546000,337000,7019009000,2069347000,26045000,99705000,755048000,14.56,None,83.09,59.97
2025-12-28,SYBT,4.58,378633000.0,14.56,None,0.692,35.32,,None,62304000,62304000,,,,,,,,,49501000,26800000,None,23333000,23333000,300000,None,None,30031000,None,None,3257000,,1.25,0.0186,,,,0.23,0.07,31700000,34957000,1.16,2021-12-31,17.67,135830000,378633000.0,76357000,31520000,10056000,10124000,10124000,None,23108000,None,-1030601000,None,None,None,None,5304317000,21644000,None,None,None,0.48,,44672000,31520000,4469000,5787514000,None,171968000,None,,,,,2.0,1.888,5.19,,,,,,,,0.357,,76894000,2025-10-29,quarterly,1.23,USD,pre-market,None,391201000,0.0152,0.137,0.165,12.9,24358000,85840000,85840000,1180298000,72.36,66.83,6.0345,6646025000,1277102000,5873654000,5970156000,5368923000,96502000,99705000,675869000,14.56,None,83.09,59.97
2025-12-28,SYBT,4.58,378633000.0,14.56,None,0.692,35.32,,None,84520000,84520000,,,,,,,,,49462000,26726000,None,23333000,23333000,398000,None,None,28460000,None,None,3257000,,1.25,0.0186,,,,0.23,0.07,31700000,34957000,1.16,2021-09-30,17.67,135830000,378633000.0,76357000,31520000,10056000,10471000,10471000,None,23108000,None,7229000,None,None,10000000,None,5212933000,21644000,None,None,None,0.48,,44672000,31520000,4082000,5342024000,None,164311000,None,,,,,2.0,1.888,5.19,,,,,,,,0.357,,77350000,2025-10-29,quarterly,1.23,USD,pre-market,None,375462000,0.0152,0.137,0.165,12.9,24358000,95314000,85314000,1070148000,72.36,66.83,6.0345,6181188000,1187210000,5427736000,5517641000,4993978000,89905000,99705000,663547000,14.56,None,83.09,59.97
2025-12-28,SYBT,4.58,378633000.0,14.56,None,0.692,35.32,,None,58477000,58477000,,,,,,,,,49471000,24379000,None,23333000,23333000,630000,None,None,31754000,None,None,3257000,,1.25,0.0186,,,,0.23,0.07,31700000,34957000,1.16,2021-06-30,17.67,136529000,378633000.0,76357000,31520000,10056000,9819000,9819000,None,23108000,None,648000,None,None,10000000,None,1018423000,21644000,None,None,None,0.48,,44672000,31520000,3515000,5260106000,None,165300000,None,,,,,2.0,1.888,5.19,,,,,,,,0.357,,77639000,2025-10-29,quarterly,1.23,USD,pre-market,None,359628000,0.0152,0.137,0.165,12.9,24358000,84889000,74889000,1006908000,72.36,66.83,6.0345,6088072000,1100654000,5335625000,5436983000,4987418000,101358000,99705000,651089000,14.56,None,83.09,59.97
2025-12-28,SYBT,4.58,378633000.0,14.56,None,0.692,35.32,,None,43061000,43061000,,,,,,,,,36796000,22865000,None,23333000,23333000,249000,None,None,29228000,None,None,3257000,,1.25,0.0186,,,,0.23,0.07,31700000,34957000,1.16,2021-03-31,17.67,12513000,378633000.0,76357000,31520000,10056000,4750000,4750000,None,23108000,None,15113000,None,None,24180000,None,4263188000,21644000,None,None,None,0.48,,44672000,31520000,2267000,4199962000,None,141990000,None,,,,,2.0,1.888,5.19,,,,,,,,0.357,,57073000,2025-10-29,quarterly,1.23,USD,pre-market,None,362607000,0.0152,0.137,0.165,12.9,24358000,84503000,60323000,672167000,72.36,66.83,6.0345,4794075000,746723000,4260534000,4350843000,4047352000,90309000,99705000,443232000,14.56,None,83.09,59.97
2025-12-28,SYBT,4.58,378633000.0,14.56,None,0.692,35.32,,None,43179000,43179000,,,,,,,,,36500000,22794000,None,23333000,23333000,391000,None,None,29811000,None,None,3257000,,1.25,0.0186,,,,0.23,0.07,31700000,34957000,1.16,2020-12-31,17.67,12513000,378633000.0,76357000,31520000,10056000,4672000,4672000,None,23108000,None,281000,None,None,31639000,None,4089201000,21644000,None,None,None,0.48,,44672000,31520000,2935000,3988634000,None,167439000,None,,,,,2.0,1.888,5.19,,,,,,,,0.357,,58015000,2025-10-29,quarterly,1.23,USD,pre-market,None,353574000,0.0152,0.137,0.165,12.9,24358000,91082000,59443000,586978000,72.36,66.83,6.0345,4608629000,662903000,4048468000,4167928000,3945726000,119460000,99705000,440701000,14.56,None,83.09,59.97
2025-12-28,SYBT,4.58,378633000.0,14.56,None,0.692,35.32,,None,49517000,49517000,,,,,,,,,36500000,22802000,None,23333000,23333000,325000,None,None,27763000,None,None,3257000,,1.25,0.0186,,,,0.23,0.07,31700000,34957000,1.16,2020-09-30,17.67,12513000,378633000.0,76357000,31520000,10056000,2042000,2042000,None,23108000,None,612000,None,None,56536000,None,3874775000,21644000,None,None,None,0.48,,44672000,31520000,3358015000,3754518000,None,172509000,None,,,,,2.0,1.888,5.19,,,,,,,,0.357,,56911000,2025-10-29,quarterly,1.23,USD,pre-market,None,341970000,0.0152,0.137,0.165,12.9,24358000,106145000,49609000,429184000,72.36,66.83,6.0345,4365129000,506464000,3804452000,3936531000,3858665000,132079000,99705000,428598000,14.56,None,83.09,59.97
2025-12-28,SYBT,4.58,378633000.0,14.56,None,0.692,35.32,,None,46362000,46362000,,,,,,,,,36415000,22739000,None,23333000,23333000,471000,None,None,28378000,None,None,3257000,,1.25,0.0186,,,,0.23,0.07,31700000,34957000,1.16,2020-06-30,17.67,12513000,378633000.0,76357000,31520000,10056000,2122000,2122000,None,23108000,None,493000,None,None,61432000,None,3918982000,21644000,None,None,None,0.48,,44672000,31520000,3217828000,3727156000,None,178274000,None,,,,,2.0,1.888,5.19,,,,,,,,0.357,,56832000,2025-10-29,quarterly,1.23,USD,pre-market,None,335575000,0.0152,0.137,0.165,12.9,24358000,112555000,51123000,485249000,72.36,66.83,6.0345,4334533000,559989000,3778750000,3914302000,3774544000,135552000,99705000,420231000,14.56,None,83.09,59.97
2025-12-28,SYBT,4.58,378633000.0,14.56,None,0.692,35.32,,None,47662000,47662000,,,,,,,,,36408000,22487000,None,23333000,23333000,419000,None,None,24039000,None,None,3257000,,1.25,0.0186,,,,0.23,0.07,31700000,34957000,1.16,2020-03-31,17.67,12513000,378633000.0,76357000,31520000,10056000,2203000,2203000,None,23108000,None,493000,None,None,69191000,None,3349177000,21644000,None,None,None,0.48,,44672000,31520000,2749265000,3198878000,None,165840000,None,,,,,2.0,1.888,5.19,,,,,,,,0.357,,57278000,2025-10-29,quarterly,1.23,USD,pre-market,None,328475000,0.0152,0.137,0.165,12.9,24358000,111304000,42113000,445813000,72.36,66.83,6.0345,3784586000,517514000,3241410000,3374884000,3267072000,133474000,99705000,409702000,14.56,None,83.09,59.97
2025-12-28,SYBT,4.58,378633000.0,14.56,None,0.692,35.32,,None,46863000,46863000,,,,,,,,,36207000,22760000,None,23333000,23333000,640000,None,55680000,26471000,None,None,3257000,,1.25,0.0186,,,,0.23,0.07,31700000,34957000,1.16,2019-12-31,17.67,12513000,378633000.0,76357000,31520000,10056000,3657000,3657000,None,23108000,None,493000,None,None,79953000,None,3297711000,21644000,None,None,None,0.48,,44672000,31520000,2812000,3133938000,None,172435000,None,,,,,2.0,1.888,5.19,,,,,,,,0.357,,58618000,2025-10-29,quarterly,1.23,USD,pre-market,None,333699000,0.0152,0.137,0.165,12.9,24358000,122735000,42782000,470738000,72.36,66.83,6.0345,3724197000,546884000,3177360000,3317900000,3177313000,140540000,99705000,406297000,14.56,None,83.09,59.97
2025-12-28,SYBT,4.58,378633000.0,14.56,None,0.692,35.32,,None,68107000,68107000,,,,,,,,,36184000,22810000,None,23333000,23333000,712000,None,29926000,8581000,None,None,3257000,,1.25,0.0186,,,,0.23,0.07,31700000,34957000,1.16,2019-09-30,17.67,12593000,378633000.0,76357000,31520000,10056000,2373000,2373000,None,23108000,None,563000,None,None,81985000,None,3211717000,21644000,None,None,None,0.48,,44672000,31520000,2628684000,2946313000,None,180833000,None,,,,,2.0,1.888,5.19,,,,,,,,0.357,,62386000,2025-10-29,quarterly,1.23,USD,pre-market,None,323592000,0.0152,0.137,0.165,12.9,24358000,125114000,43129000,375601000,72.36,66.83,6.0345,3533926000,452289000,2990154000,3137815000,3081637000,147661000,99705000,396111000,14.56,None,83.09,59.97
2025-12-28,SYBT,4.58,378633000.0,14.56,None,0.692,35.32,,None,51264000,51264000,,,,,,,,,36596000,22949000,None,23333000,23333000,1008000,None,30850000,9633000,None,None,3257000,,1.25,0.0186,,,,0.23,0.07,31700000,34957000,1.16,2019-06-30,17.67,12826000,378633000.0,76357000,31520000,10056000,2461000,2461000,None,23108000,None,563000,None,None,84279000,None,3164965000,21644000,None,None,None,0.48,,44672000,31520000,2475412000,2883453000,None,177985000,None,,,,,2.0,1.888,5.19,,,,,,,,0.357,,65069000,2025-10-29,quarterly,1.23,USD,pre-market,None,313927000,0.0152,0.137,0.165,12.9,24358000,130100000,45821000,423579000,72.36,66.83,6.0345,3463823000,484476000,2930282000,3074458000,2979347000,144176000,99705000,389365000,14.56,None,83.09,59.97
2025-12-28,SYBT,4.58,378633000.0,14.56,None,0.692,35.32,,None,44014000,44014000,,,,,,,,,36934000,22946000,None,23333000,23333000,709000,None,30000000,8710000,None,None,3257000,,1.25,0.0186,,,,0.23,0.07,31700000,34957000,1.16,2019-03-31,17.67,None,378633000.0,76357000,31520000,10056000,1070000,1070000,None,23108000,None,878000,None,None,47853000,None,3009357000,21644000,None,None,None,0.48,,44672000,31520000,11691000,2752540000,None,137555000,None,,,,,2.0,1.888,5.19,,,,,,,,0.357,,45718000,2025-10-29,quarterly,1.23,USD,pre-market,None,303659000,0.0152,0.137,0.165,12.9,24358000,94704000,46851000,507131000,72.36,66.83,6.0345,3281016000,559855000,2800100000,2903022000,2721161000,102922000,99705000,377994000,14.56,None,83.09,59.97
2025-12-28,SYBT,4.58,378633000.0,14.56,None,0.692,35.32,,None,51892000,51892000,,,,,,,,,36689000,22907000,None,23333000,23333000,762000,None,31420000,10299000,None,None,3257000,,1.25,0.0186,,,,0.23,0.07,31700000,34957000,1.16,2018-12-31,17.67,682000,378633000.0,76357000,31520000,10056000,2079000,2079000,None,23108000,None,1018000,None,None,27257000,None,2961307000,21644000,None,None,None,0.48,,44672000,31520000,3072000,2794356000,None,131059000,None,,,,,2.0,1.888,5.19,,,,,,,,0.357,,44764000,2025-10-29,quarterly,1.23,USD,pre-market,None,298156000,0.0152,0.137,0.165,12.9,24358000,94518000,46341000,436995000,72.36,66.83,6.0345,3302924000,502258000,2841459000,2936424000,2800666000,94965000,99705000,366500000,14.56,None,83.09,59.97
2025-12-28,SYBT,4.58,378633000.0,14.56,None,0.692,35.32,,None,66029000,66029000,,,,,,,,,36678000,22968000,None,23333000,23333000,681000,None,30000000,8943000,None,None,3257000,,1.25,0.0186,,,,0.23,0.07,31700000,34957000,1.16,2018-09-30,17.67,682000,378633000.0,76357000,31520000,10056000,2763000,2763000,None,23108000,None,1604000,None,None,29800000,None,3061885000,21644000,None,None,None,0.48,,44672000,31520000,11476000,2598038000,None,141754000,None,,,,,2.0,1.888,5.19,,,,,,,,0.357,,43621000,2025-10-29,quarterly,1.23,USD,pre-market,None,289340000,0.0152,0.137,0.165,12.9,24358000,333727000,285227000,550091000,72.36,66.83,6.0345,3324797000,625063000,2883946000,2971817000,2699734000,87871000,99705000,352980000,14.56,0,83.09,59.97
2025-12-28,SYBT,4.58,378633000.0,14.56,None,0.692,35.32,,None,44052000,44052000,,,,,,,,,36680000,22979000,None,23333000,23333000,500000,None,30000000,8743000,None,None,3257000,,1.25,0.0186,,,,0.23,0.07,31700000,34957000,1.16,2018-06-30,17.67,682000,378633000.0,76357000,31520000,10056000,2719000,2719000,None,23108000,None,360000,None,None,35421000,None,3129710000,21644000,None,None,None,0.48,,44672000,31520000,10796000,2540461000,None,150904000,None,,,,,2.0,1.888,5.19,,,,,,,,0.357,,42354000,2025-10-29,quarterly,1.23,USD,pre-market,None,281164000,0.0152,0.137,0.165,12.9,24358000,394089000,345268000,574570000,72.36,66.83,6.0345,3323840000,627365000,2886229000,2978325000,2696475000,92096000,99705000,345515000,14.56,0,83.09,59.97
2025-12-28,SYBT,4.58,378633000.0,14.56,None,0.692,35.32,,None,41622000,41622000,,,,,,,,,36627000,22942000,None,23333000,23333000,284000,None,30000000,8026000,None,None,3257000,,1.25,0.0186,,,,0.23,0.07,31700000,34957000,1.16,2018-03-31,17.67,682000,378633000.0,76357000,31520000,10056000,2100000,2100000,None,23108000,None,4599000,None,None,49140000,None,2492424000,21644000,None,None,None,0.48,,44672000,31520000,12265000,2573364000,None,158897000,None,,,,,2.0,1.888,5.19,,,,,,,,0.357,,41684000,2025-10-29,quarterly,1.23,USD,pre-market,None,274002000,0.0152,0.137,0.165,12.9,24358000,332265000,283125000,598081000,72.36,66.83,6.0345,3285480000,647729000,2856773000,2947778000,2637751000,91005000,99705000,337702000,14.56,0,83.09,59.97
2025-12-28,SYBT,4.58,378633000.0,14.56,None,0.692,35.32,,None,41982000,41982000,,,,,,,,,36457000,22993000,None,23333000,23333000,232000,None,30000000,10584000,None,None,3257000,,1.25,0.0186,,,,0.23,0.07,31700000,34957000,1.16,2017-12-31,17.67,682000,378633000.0,76357000,31520000,10056000,2100000,2100000,None,23108000,None,5604000,None,None,49458000,None,2387649000,21644000,None,None,None,0.48,,44672000,31520000,2856000,2578295000,None,166123000,None,,,,,2.0,1.888,5.19,,,,,,,,0.357,,41655000,2025-10-29,quarterly,1.23,USD,pre-market,None,267193000,0.0152,0.137,0.165,12.9,24358000,281283000,231825000,574524000,72.36,66.83,6.0345,3239646000,629946000,2810352000,2906002000,2609700000,95650000,99705000,333644000,14.56,0,83.09,59.97
2025-12-28,SYBT,4.58,378633000.0,14.56,None,0.692,35.32,,None,47700000,47700000,,,,,,,,,36424000,22964000,None,23333000,23333000,212000,None,30000000,8162000,None,None,3257000,,1.25,0.0186,,,,0.23,0.07,31700000,34957000,1.16,2017-09-30,17.67,682000,378633000.0,76357000,31520000,10056000,4024000,4024000,None,23108000,None,8099000,None,None,50110000,None,2315631000,21644000,None,None,None,0.48,,44672000,31520000,13621000,2481966000,None,177519000,None,,,,,2.0,1.888,5.19,,,,,,,,0.357,,41498000,2025-10-29,quarterly,1.23,USD,pre-market,None,267681000,0.0152,0.137,0.165,12.9,24358000,283934000,233824000,571522000,72.36,66.83,6.0345,3155913000,627384000,2716002000,2821658000,2528529000,105656000,99705000,334255000,14.56,0,83.09,59.97
2025-12-28,SYBT,4.58,378633000.0,14.56,None,0.692,35.32,,None,44902000,44902000,,,,,,,,,36400000,23241000,None,23333000,23333000,187000,None,276920000,6865000,None,None,3257000,,1.25,0.0186,,,,0.23,0.07,31700000,34957000,1.16,2017-06-30,17.67,682000,378633000.0,76357000,31520000,10056000,4051000,4051000,None,23108000,None,6240000,None,None,50433000,None,2287608000,21644000,None,None,None,0.48,,44672000,31520000,9920000,2478546000,None,160066000,None,,,,,2.0,1.888,5.19,,,,,,,,0.357,,41431000,2025-10-29,quarterly,1.23,USD,pre-market,None,260956000,0.0152,0.137,0.165,12.9,24358000,276920000,226487000,576291000,72.36,66.83,6.0345,3126762000,628058000,2705220000,2800262000,2498704000,95042000,99705000,326500000,14.56,0,83.09,59.97
2025-12-28,SYBT,4.58,378633000.0,14.56,None,0.692,35.32,,None,43583000,43583000,,,,,,,,,36395000,23002000,None,23333000,23333000,156000,None,127431000,7461000,None,None,3257000,,1.25,0.0186,,,,0.23,0.07,31700000,34957000,1.16,2017-03-31,17.67,682000,378633000.0,76357000,31520000,10056000,2326000,2326000,None,23108000,None,7873000,None,None,50755000,None,2252181000,21644000,None,None,None,0.48,,44672000,31520000,11345000,2544255000,None,158270000,None,,,,,2.0,1.888,5.19,,,,,,,,0.357,,41825000,2025-10-29,quarterly,1.23,USD,pre-market,None,255015000,0.0152,0.137,0.165,12.9,24358000,127431000,76676000,556144000,72.36,66.83,6.0345,3033343000,607188000,2621087000,2713656000,2426155000,92569000,99705000,319687000,14.56,0,83.09,59.97
2025-12-28,SYBT,4.58,378633000.0,14.56,None,0.692,35.32,,None,39709000,39709000,,,,,,,,,36250000,22952000,None,23333000,23333000,144000,None,181844000,8978000,None,None,3257000,,1.25,0.0186,,,,0.23,0.07,31700000,34957000,1.16,2016-12-31,17.67,682000,378633000.0,76357000,31520000,10056000,2326000,2326000,None,23108000,None,8246000,None,None,51075000,None,2284581000,21644000,None,None,None,0.48,,44672000,31520000,1800010000,2520548000,None,157543000,None,,,,,2.0,1.888,5.19,,,,,,,,0.357,,42384000,2025-10-29,quarterly,1.23,USD,pre-market,None,252439000,0.0152,0.137,0.165,12.9,24358000,166044000,114969000,570074000,72.36,66.83,6.0345,3039481000,618761000,2635661000,2725609000,2420720000,89948000,99705000,313872000,14.56,0,83.09,59.97
2025-12-28,SYBT,4.58,378633000.0,14.56,None,0.692,35.32,,None,41533000,41533000,,,,,,,,,36068000,22803000,None,23333000,23333000,116000,None,195068000,6952000,None,None,3257000,,1.25,0.0186,,,,0.23,0.07,31700000,34957000,1.16,2016-09-30,17.67,682000,378633000.0,76357000,31520000,10056000,4113000,4113000,None,23108000,None,11001000,None,None,51366000,None,2204296000,21644000,None,None,None,0.48,,44672000,31520000,16360000,2390597000,None,159995000,None,,,,,2.0,1.888,5.19,,,,,,,,0.357,,42903000,2025-10-29,quarterly,1.23,USD,pre-market,None,247011000,0.0152,0.137,0.165,12.9,24358000,195068000,143702000,541681000,72.36,66.83,6.0345,2938665000,590166000,2534415000,2627095000,2348499000,92680000,99705000,311570000,14.56,0,83.09,59.97
2025-12-28,SYBT,4.58,378633000.0,14.56,None,0.692,35.32,,None,40618000,40618000,,,,,,,,,35894000,22704000,None,23333000,23333000,132000,None,214593000,6799000,None,None,3257000,,1.25,0.0186,,,,0.23,0.07,31700000,34957000,1.16,2016-06-30,17.67,682000,378633000.0,76357000,31520000,10056000,3152000,3152000,None,23108000,None,11498000,None,None,43002000,None,2158815000,21644000,None,None,None,0.48,,44672000,31520000,None,2349948000,None,140234000,None,,,,,2.0,1.888,5.19,,,,,,,,0.357,,42718000,2025-10-29,quarterly,1.23,USD,pre-market,None,241745000,0.0152,0.137,0.165,12.9,24358000,214593000,171591000,567307000,72.36,66.83,6.0345,2909519000,614724000,2521671000,2604468000,2294795000,82797000,99705000,305051000,14.56,0,83.09,59.97
2025-12-28,SYBT,4.58,378633000.0,14.56,None,0.692,35.32,,None,35022000,35022000,,,,,,,,,10835000,22592000,None,23333000,23333000,119000,None,None,7146000,None,None,3257000,,1.25,0.0186,,,,0.23,0.07,31700000,34957000,1.16,2016-03-31,17.67,682000,378633000.0,76357000,31520000,10056000,2619000,2619000,None,23108000,None,9033000,None,None,43236000,None,2076021000,21644000,None,None,None,0.48,,44672000,31520000,None,2366100000,None,131482000,None,,,,,2.0,1.888,5.19,,,,,,,,0.357,,39975000,2025-10-29,quarterly,1.23,USD,pre-market,None,235809000,0.0152,0.137,0.165,12.9,24358000,128100000,84864000,569012000,72.36,66.83,6.0345,2824107000,611180000,2451083000,2527784000,2212927000,76701000,99705000,296323000,14.56,0,83.09,59.97
2025-12-28,SYBT,4.58,378633000.0,14.56,None,0.692,35.32,,None,35895000,35895000,,,,,,,,,10616000,22566000,None,23333000,23333000,127000,None,30000000,8531000,None,None,3257000,,1.25,0.0186,,,,0.23,0.07,31700000,34957000,1.16,2015-12-31,17.67,682000,378633000.0,76357000,31520000,10056000,2619000,2619000,None,23108000,None,11341000,None,None,43468000,None,2017366000,21644000,None,None,None,0.48,,44672000,31520000,1591956000,2371702000,None,135976000,None,,,,,2.0,1.888,5.19,,,,,,,,0.357,,39557000,2025-10-29,quarterly,1.23,USD,pre-market,None,231091000,0.0152,0.137,0.165,12.9,24358000,130471000,87003000,565876000,72.36,66.83,6.0345,2816801000,610302000,2458832000,2530282000,2206499000,71450000,99705000,286519000,14.56,0,83.09,59.97
2025-12-28,SYBT,4.58,378633000.0,14.56,None,0.692,35.32,,None,37335000,37335000,,,,,,,,,10448000,22479000,None,23333000,23333000,126000,None,None,6058000,None,None,3257000,,1.25,0.0186,,,,0.23,0.07,31700000,34957000,1.16,2015-09-30,17.67,682000,378633000.0,76357000,31520000,10056000,3204000,3204000,None,23108000,None,10146000,None,None,43699000,None,1938350000,21644000,None,None,None,0.48,,44672000,31520000,None,2141578000,None,139854000,None,,,,,2.0,1.888,5.19,,,,,,,,0.357,,39951000,2025-10-29,quarterly,1.23,USD,pre-market,None,225178000,0.0152,0.137,0.165,12.9,24358000,173357000,129658000,504366000,72.36,66.83,6.0345,2624607000,547759000,2271362000,2343659000,2076848000,72297000,99705000,280948000,14.56,0,83.09,59.97
2025-12-28,SYBT,4.58,378633000.0,14.56,None,0.692,35.32,,None,37775000,37775000,,,,,,,,,10390000,22404000,None,23333000,23333000,125000,None,None,5950000,None,None,3257000,,1.25,0.0186,,,,0.23,0.07,31700000,34957000,1.16,2015-06-30,17.67,682000,378633000.0,76357000,31520000,10056000,3365000,3365000,None,23108000,None,12533000,None,None,38855000,None,1875994000,21644000,None,None,None,0.48,,44672000,31520000,None,2071765000,None,125125000,None,,,,,2.0,1.888,5.19,,,,,,,,0.357,,40199000,2025-10-29,quarterly,1.23,USD,pre-market,None,219466000,0.0152,0.137,0.165,12.9,24358000,116563000,77708000,412866000,72.36,66.83,6.0345,2482687000,456591000,2149598000,2210305000,2026096000,60707000,99705000,272382000,14.56,0,83.09,59.97
2025-12-28,SYBT,4.58,378633000.0,14.56,None,0.692,35.32,,None,33889000,33889000,,,,,,,,,10203000,22278000,None,23333000,23333000,127000,None,None,6133000,None,None,3257000,,1.25,0.0186,,,,0.23,0.07,31700000,34957000,1.16,2015-03-31,17.67,682000,378633000.0,76357000,31520000,10056000,2951000,2951000,None,23108000,None,12372000,None,None,36744000,None,1849128000,21644000,None,None,None,0.48,,44672000,31520000,None,2110229000,None,119869000,None,,,,,2.0,1.888,5.19,,,,,,,,0.357,,40060000,2025-10-29,quarterly,1.23,USD,pre-market,None,214100000,0.0152,0.137,0.165,12.9,24358000,111058000,74314000,471702000,72.36,66.83,6.0345,2512263000,511724000,2184670000,2244662000,2000539000,59992000,99705000,267601000,14.56,0,83.09,59.97
2025-12-28,SYBT,4.58,378633000.0,14.56,None,0.692,35.32,,None,42216000,42216000,,,,,,,,,10035000,22234500,None,23333000,23333000,131000,None,30000000,8129000,None,None,3257000,,1.25,0.0186,,,,0.23,0.07,31700000,34957000,1.16,2014-12-31,17.67,682000,378633000.0,76357000,31520000,10056000,2951000,2951000,None,23108000,None,9724000,None,None,36832000,None,1843630000,21644000,None,None,None,0.48,,44672000,31520000,1439080000,2123627000,None,132825000,None,,,,,2.0,1.888,5.19,,,,,,,,0.357,,39088000,2025-10-29,quarterly,1.23,USD,pre-market,None,209584000,0.0152,0.137,0.165,12.9,24358000,153781000,116949000,513056000,72.36,66.83,6.0345,2563868000,563401000,2240707000,2303973000,2000467000,63266000,99705000,259895000,14.56,0,83.09,59.97
2025-12-28,SYBT,4.58,378633000.0,14.56,None,0.692,35.32,,None,38302000,38302000,,,,,,,,,9898000,22122000,None,23333000,23333000,128000,None,None,5629000,None,None,3257000,,1.25,0.0186,,,,0.23,0.07,31700000,34957000,1.16,2014-09-30,17.67,682000,378633000.0,76357000,31520000,10056000,3876000,3876000,None,23108000,None,6837000,None,None,36919000,None,1758196000,21644000,None,None,None,0.48,,44672000,31520000,None,2007821000,None,132180000,None,,,,,2.0,1.888,5.19,,,,,,,,0.357,,38821000,2025-10-29,quarterly,1.23,USD,pre-market,None,204215000,0.0152,0.137,0.165,12.9,24358000,120170000,83251000,449572000,72.36,66.83,6.0345,2407871000,493503000,2091200000,2156425000,1914368000,65225000,99705000,251446000,14.56,0,83.09,59.97
2025-12-28,SYBT,4.58,378633000.0,14.56,None,0.692,35.32,,None,57365000,57365000,,,,,,,,,9769000,22056000,None,23333000,23333000,133000,None,None,5527000,None,None,3257000,,1.25,0.0186,,,,0.23,0.07,31700000,34957000,1.16,2014-06-30,17.67,682000,378633000.0,76357000,31520000,10056000,4134000,4134000,None,23108000,None,7130000,None,None,36067000,None,1774192000,21644000,None,None,None,0.48,,44672000,31520000,None,1987395000,None,121219000,None,,,,,2.0,1.888,5.19,,,,,,,,0.357,,39248000,2025-10-29,quarterly,1.23,USD,pre-market,None,197569000,0.0152,0.137,0.165,12.9,24358000,151556000,115489000,414490000,72.36,66.83,6.0345,2411375000,477382000,2103017000,2167761000,1933993000,64744000,99705000,243614000,14.56,0,83.09,59.97
2025-12-28,SYBT,4.58,378633000.0,14.56,None,0.692,35.32,,None,42685000,42685000,,,,,,,,,9749000,22051500,None,23333000,23333000,125000,None,None,5658000,None,None,3257000,,1.25,0.0186,,,,0.23,0.07,31700000,34957000,1.16,2014-03-31,17.67,682000,378633000.0,76357000,31520000,10056000,3983000,3983000,None,23108000,None,6408000,None,None,34288000,None,1704514000,21644000,None,None,None,0.48,,44672000,31520000,40269000,1987387000,None,111019000,None,,,,,2.0,1.888,5.19,,,,,,,,0.357,,39258000,2025-10-29,quarterly,1.23,USD,pre-market,None,192783000,0.0152,0.137,0.165,12.9,24358000,105472000,71184000,440184000,72.36,66.83,6.0345,2354238000,488527000,2058696000,2117262000,1865711000,58566000,99705000,236976000,14.56,0,83.09,59.97
2025-12-28,SYBT,4.58,378633000.0,14.56,None,0.692,35.32,,None,34519000,34519000,,,,,,,,,9581000,22015500,None,23333000,23333000,128000,None,None,7336000,None,None,3257000,,1.25,0.0186,,,,0.23,0.07,31700000,34957000,1.16,2013-12-31,17.67,682000,378633000.0,76357000,31520000,10056000,3983000,3983000,None,23108000,None,7349000,None,None,34329000,None,1695598000,21644000,None,None,None,0.48,,44672000,31520000,1315828000,1980937000,None,123458000,None,,,,,2.0,1.888,5.19,,,,,,,,0.357,,39813000,2025-10-29,quarterly,1.23,USD,pre-market,None,188825000,0.0152,0.137,0.165,12.9,24358000,152239000,117910000,490031000,72.36,66.83,6.0345,2389262000,531886000,2098975000,2159818000,1857376000,60843000,99705000,229444000,14.56,0,83.09,59.97
2025-12-28,SYBT,4.58,378633000.0,14.56,None,0.692,35.32,,None,47048000,47048000,,,,,,,,,9398000,21834000,None,23333000,23333000,128000,None,None,5507000,None,None,3257000,,1.25,0.0186,,,,0.23,0.07,31700000,34957000,1.16,2013-09-30,17.67,682000,378633000.0,76357000,31520000,10056000,2697000,2697000,None,23108000,None,10394000,None,None,30900000,None,1685110000,21644000,None,None,None,0.48,,44672000,31520000,23472000,1882451000,None,117880000,None,,,,,2.0,1.888,5.19,,,,,,,,0.357,,39989000,2025-10-29,quarterly,1.23,USD,pre-market,None,185618000,0.0152,0.137,0.165,12.9,24358000,151408000,88086000,401063000,72.36,66.83,6.0345,2289755000,453618000,1970665000,2063220000,1836137000,92555000,99705000,226535000,14.56,0,83.09,59.97
2025-12-28,SYBT,4.58,378633000.0,14.56,None,0.692,35.32,,None,41480000,41480000,,,,,,,,,9249000,21364500,None,23333000,23333000,140000,None,None,5658000,None,None,3257000,,1.25,0.0186,,,,0.23,0.07,31700000,34957000,1.16,2013-06-30,17.67,682000,378633000.0,76357000,31520000,10056000,2762000,2762000,None,23108000,None,14699000,None,None,30900000,None,1643104000,21644000,None,None,None,0.48,,44672000,31520000,36177000,1864844000,None,113582000,None,,,,,2.0,1.888,5.19,,,,,,,,0.357,,39720000,2025-10-29,quarterly,1.23,USD,pre-market,None,180957000,0.0152,0.137,0.165,12.9,24358000,148095000,85336000,402807000,72.36,66.83,6.0345,2258600000,449945000,1950320000,2038248000,1808655000,87928000,99705000,220352000,14.56,0,83.09,59.97
2025-12-28,SYBT,4.58,378633000.0,14.56,None,0.692,35.32,,None,31686000,31686000,,,,,,,,,7416000,20776500,None,23333000,23333000,140000,None,None,5342000,None,None,3257000,,1.25,0.0186,,,,0.23,0.07,31700000,34957000,1.16,2013-03-31,17.67,682000,378633000.0,76357000,31520000,10056000,2088000,2088000,None,23108000,None,10296000,None,None,30900000,None,1574514000,21644000,None,None,None,0.48,,44672000,31520000,27745000,1736884000,None,107424000,None,,,,,2.0,1.888,5.19,,,,,,,,0.357,,36094000,2025-10-29,quarterly,1.23,USD,pre-market,None,177420000,0.0152,0.137,0.165,12.9,24358000,150472000,87700000,362904000,72.36,66.83,6.0345,2121066000,399961000,1824724000,1912169000,1721105000,87445000,99705000,208897000,14.56,0,83.09,59.97
2025-12-28,SYBT,4.58,378633000.0,14.56,None,0.692,35.32,,None,42610000,42610000,,,,,,,,,7273000,20932500,None,23333000,23333000,166000,None,None,6380000,None,None,3257000,,1.25,0.0186,,,,0.23,0.07,31700000,34957000,1.16,2012-12-31,17.67,682000,378633000.0,76357000,31520000,10056000,2088000,2088000,None,23108000,None,-1732000,None,None,30900000,None,1567760000,21644000,None,None,None,0.48,,44672000,31520000,1732000,1781693000,None,113876000,None,,,,,2.0,1.888,5.19,,,,,,,,0.357,,36532000,2025-10-29,quarterly,1.23,USD,pre-market,None,174650000,0.0152,0.137,0.165,12.9,24358000,138379000,75597000,386440000,72.36,66.83,6.0345,2148262000,437162000,1857456000,1943187000,1711100000,85731000,99705000,205075000,14.56,0,83.09,59.97
2025-12-28,SYBT,4.58,378633000.0,14.56,None,0.692,35.32,,None,35032000,35032000,,,,,,,,,7204000,20949000,None,23333000,23333000,202000,None,None,5954000,None,None,3257000,,1.25,0.0186,,,,0.23,0.07,31700000,34957000,1.16,2012-09-30,17.67,682000,378633000.0,76357000,31520000,10056000,2623000,2623000,None,23108000,None,20356000,None,None,30900000,None,1561462000,21644000,None,None,None,0.48,,44672000,31520000,17351000,1690030000,None,160727000,None,,,,,2.0,1.888,5.19,,,,,,,,0.357,,37436000,2025-10-29,quarterly,1.23,USD,pre-market,None,170908000,0.0152,0.137,0.165,12.9,24358000,164758000,73435000,-2753000,72.36,66.83,6.0345,2102589000,40986000,1763667000,1901167000,2061603000,137500000,99705000,201422000,14.56,0,83.09,59.97
2025-12-28,SYBT,4.58,378633000.0,14.56,None,0.692,35.32,,None,34789000,34789000,,,,,,,,,7149000,20911500,None,23333000,23333000,280000,None,None,5727000,None,None,3257000,,1.25,0.0186,,,,0.23,0.07,31700000,34957000,1.16,2012-06-30,17.67,682000,378633000.0,76357000,31520000,10056000,2450000,2450000,None,23108000,None,13649000,None,None,30900000,None,1553661000,21644000,None,None,None,0.48,,44672000,31520000,35533000,1664289000,None,155121000,None,,,,,2.0,1.888,5.19,,,,,,,,0.357,,37891000,2025-10-29,quarterly,1.23,USD,pre-market,None,166812000,0.0152,0.137,0.165,12.9,24358000,178762000,87436000,-3733000,72.36,66.83,6.0345,2083628000,40516000,1752005000,1887326000,2043112000,135321000,99705000,196302000,14.56,0,83.09,59.97
2025-12-28,SYBT,4.58,378633000.0,14.56,None,0.692,35.32,,None,30919000,30919000,,,,,,,,,7130000,20835000,None,23333000,23333000,234000,None,None,5811000,None,None,3257000,,1.25,0.0186,,,,0.23,0.07,31700000,34957000,1.16,2012-03-31,17.67,682000,378633000.0,76357000,31520000,10056000,2346000,2346000,None,23108000,None,15485000,None,None,30900000,None,1508470000,21644000,None,None,None,0.48,,44672000,31520000,23032000,1627317000,None,169682000,None,,,,,2.0,1.888,5.19,,,,,,,,0.357,,37928000,2025-10-29,quarterly,1.23,USD,pre-market,None,163307000,0.0152,0.137,0.165,12.9,24358000,171467000,80139000,348699000,72.36,66.83,6.0345,2040589000,36730000,1707690000,1848766000,2003859000,141076000,99705000,191823000,14.56,0,83.09,59.97
2025-12-28,SYBT,4.58,378633000.0,14.56,None,0.692,35.32,,None,32901000,32901000,,,,,,,,,6953000,20835000,None,23333000,23333000,232000,None,None,7241000,None,None,3257000,,1.25,0.0186,,,,0.23,0.07,31700000,34957000,1.16,2011-12-31,17.67,682000,378633000.0,76357000,31520000,10056000,1630000,1630000,None,23108000,None,-3106000,None,None,40900000,None,1520482000,21644000,None,None,None,0.48,,44672000,31520000,3106000,1617739000,None,169267000,None,,,,,2.0,1.888,5.19,,,,,,,,0.357,,36611000,2025-10-29,quarterly,1.23,USD,pre-market,None,160672000,0.0152,0.137,0.165,12.9,24358000,204630000,103299000,352185000,72.36,66.83,6.0345,2053097000,395433000,1721270000,1865411000,1657664000,144141000,99705000,187686000,14.56,0,83.09,59.97
2025-12-28,SYBT,4.58,378633000.0,14.56,None,0.692,35.32,,None,30196000,30196000,,,,,,,,,6891000,20757000,None,23333000,23333000,155000,None,None,5727000,None,None,3257000,,1.25,0.0186,,,,0.23,0.07,31700000,34957000,1.16,2011-09-30,17.67,682000,378633000.0,76357000,31520000,10056000,2276000,2276000,None,23108000,None,19177000,None,None,40900000,None,1522002000,21644000,None,None,None,0.48,,44672000,31520000,25137000,1576560000,None,172109000,None,,,,,2.0,1.888,5.19,,,,,,,,0.357,,35378000,2025-10-29,quarterly,1.23,USD,pre-market,None,156794000,0.0152,0.137,0.165,12.9,24358000,185829000,84495000,-3862000,72.36,66.83,6.0345,1987954000,35923000,1661210000,1804401000,1952031000,143191000,99705000,183553000,14.56,0,83.09,59.97
2025-12-28,SYBT,4.58,378633000.0,14.56,None,0.692,35.32,,None,24226000,24226000,,,,,,,,,6885000,20818500,None,23333000,23333000,179000,None,None,5928000,None,None,3257000,,1.25,0.0186,,,,0.23,0.07,31700000,34957000,1.16,2011-06-30,17.67,682000,378633000.0,76357000,31520000,10056000,2345000,2345000,None,23108000,None,11626000,None,None,40900000,None,1516826000,21644000,None,None,None,0.48,,44672000,31520000,19972000,1532371000,None,166938000,None,,,,,2.0,1.888,5.19,,,,,,,,0.357,,34564000,2025-10-29,quarterly,1.23,USD,pre-market,None,153414000,0.0152,0.137,0.165,12.9,24358000,190364000,89027000,1682000,72.36,66.83,6.0345,1943384000,30154000,1621577000,1764559000,1913230000,142982000,99705000,178825000,14.56,0,83.09,59.97
2025-12-28,SYBT,4.58,378633000.0,14.56,None,0.692,35.32,,None,23202000,23202000,,,,,,,,,6821000,20755500,None,23333000,23333000,277000,None,None,6157000,None,None,3257000,,1.25,0.0186,,,,0.23,0.07,31700000,34957000,1.16,2011-03-31,17.67,682000,378633000.0,76357000,31520000,10056000,2443000,2443000,None,23108000,None,11406000,None,None,101339000,None,None,21644000,None,None,None,0.48,,44672000,31520000,None,1516465000,None,None,None,,,,,2.0,1.888,5.19,,,,,,,,0.357,,33307000,2025-10-29,quarterly,1.23,USD,pre-market,None,149990000,0.0152,0.137,0.165,12.9,24358000,184662000,83323000,2575000,72.36,66.83,6.0345,1919323000,29359000,1600065000,1745962000,1889964000,145897000,99705000,173361000,14.56,None,83.09,59.97
2025-12-28,SYBT,4.58,378633000.0,14.56,None,0.692,35.32,,None,17702000,17702000,,,,,,,,,6679000,20755500,None,23333000,23333000,304000,None,None,6288000,None,None,3257000,,1.25,0.0186,,,,0.23,0.07,31700000,34957000,1.16,2010-12-31,17.67,682000,378633000.0,76357000,31520000,10056000,2467000,2467000,None,23108000,None,17832000,None,None,101342000,None,None,21644000,None,None,None,0.48,,44672000,31520000,None,1493468000,None,None,None,,,,,2.0,1.888,5.19,,,,,,,,0.357,,31665000,2025-10-29,quarterly,1.23,USD,pre-market,None,147837000,0.0152,0.137,0.165,12.9,24358000,188851000,87509000,23953000,72.36,66.83,6.0345,1902945000,23990000,1581281000,1733084000,1878955000,151803000,99705000,169861000,14.56,None,83.09,59.97
2025-12-28,SYBT,4.58,378633000.0,14.56,None,0.692,35.32,,None,26301000,26301000,,,,,,,,,6579000,20710500,None,23333000,23333000,417000,None,None,5861000,None,None,3257000,,1.25,0.0186,,,,0.23,0.07,31700000,34957000,1.16,2010-09-30,17.67,682000,378633000.0,76357000,31520000,10056000,2377000,2377000,None,23108000,None,14861000,None,None,121345000,None,None,21644000,None,None,None,0.48,,44672000,31520000,None,1462779000,None,None,None,,,,,2.0,1.888,5.19,,,,,,,,0.357,,30832000,2025-10-29,quarterly,1.23,USD,pre-market,None,144247000,0.0152,0.137,0.165,12.9,24358000,206759000,85414000,937000,72.36,66.83,6.0345,1881122000,32162000,1548610000,1713513000,1848960000,164903000,99705000,167609000,14.56,None,83.09,59.97
2025-12-28,SYBT,4.58,378633000.0,14.56,None,0.692,35.32,,None,32171000,32171000,,,,,,,,,6540000,20685000,None,23333000,23333000,455000,None,None,5953000,None,None,3257000,,1.25,0.0186,,,,0.23,0.07,31700000,34957000,1.16,2010-06-30,17.67,682000,378633000.0,76357000,31520000,10056000,2319000,2319000,None,23108000,None,8801000,None,None,111348000,None,None,21644000,None,None,None,0.48,,44672000,31520000,None,1473831000,None,None,None,,,,,2.0,1.888,5.19,,,,,,,,0.357,,28143000,2025-10-29,quarterly,1.23,USD,pre-market,None,140200000,0.0152,0.137,0.165,12.9,24358000,185027000,73679000,-3352000,72.36,66.83,6.0345,1859478000,38124000,1547965000,1697443000,1821354000,149478000,99705000,162035000,14.56,None,83.09,59.97
2025-12-28,SYBT,4.58,378633000.0,14.56,None,0.692,35.32,,None,22875000,22875000,,,,,,,,,6500000,20577000,None,23333000,23333000,497000,None,None,6193000,None,None,3257000,,1.25,0.0186,,,,0.23,0.07,31700000,34957000,1.16,2010-03-31,17.67,682000,378633000.0,76357000,31520000,10056000,2351000,2351000,None,23108000,None,6152000,None,None,101350000,None,None,21644000,None,None,None,0.48,,44672000,31520000,None,1435014000,None,None,None,,,,,2.0,1.888,5.19,,,,,,,,0.357,,27784000,2025-10-29,quarterly,1.23,USD,pre-market,None,136959000,0.0152,0.137,0.165,12.9,24358000,175570000,74220000,2997000,72.36,66.83,6.0345,1801977000,29068000,1509731000,1644641000,1772909000,134910000,99705000,157336000,14.56,None,83.09,59.97
2025-12-28,SYBT,4.58,378633000.0,14.56,None,0.692,35.32,,None,25773000,25773000,,,,,,,,,6244000,20577000,None,23333000,23333000,427000,None,None,5745000,None,None,3257000,,1.25,0.0186,,,,0.23,0.07,31700000,34957000,1.16,2009-12-31,17.67,682000,378633000.0,76357000,31520000,10056000,2298000,2298000,None,23108000,None,14865000,None,None,101383000,None,None,21644000,None,None,None,0.48,,44672000,31520000,None,1418184000,None,None,None,,,,,2.0,1.888,5.19,,,,,,,,0.357,,28016000,2025-10-29,quarterly,1.23,USD,pre-market,None,135442000,0.0152,0.137,0.165,12.9,24358000,174031000,72648000,6651000,72.36,66.83,6.0345,1791479000,31518000,1491259000,1637865000,1759961000,146606000,99705000,153614000,14.56,None,83.09,59.97
2025-12-28,SYBT,4.58,378633000.0,14.56,None,0.692,35.32,,None,23935000,23935000,,,,,,,,,6183000,20553000,None,23333000,23333000,635000,None,None,5875000,None,None,3257000,,1.25,0.0186,,,,0.23,0.07,31700000,34957000,1.16,2009-09-30,17.67,682000,378633000.0,76357000,31520000,10056000,682000,682000,None,23108000,None,6996000,None,None,131386000,None,None,21644000,None,None,None,0.48,,44672000,31520000,None,1361751000,None,None,None,,,,,2.0,1.888,5.19,,,,,,,,0.357,,28408000,2025-10-29,quarterly,1.23,USD,pre-market,None,134873000,0.0152,0.137,0.165,12.9,24358000,213589000,82203000,233223000,72.36,66.83,6.0345,1763533000,29810000,1444589000,1610268000,1733723000,165679000,99705000,153265000,14.56,None,83.09,59.97
2025-12-28,SYBT,4.58,378633000.0,14.56,None,0.692,35.32,,None,27559000,27559000,,,,,,,,,6157000,20593500,None,23333000,23333000,582000,None,None,5715000,None,None,3257000,,1.25,0.0186,,,,0.23,0.07,31700000,34957000,1.16,2009-06-30,17.67,682000,378633000.0,76357000,31520000,10056000,1822000,1822000,None,23108000,None,15459000,None,None,131388000,None,None,21644000,None,None,None,0.48,,44672000,31520000,None,1337013000,None,None,None,,,,,2.0,1.888,5.19,,,,,,,,0.357,,27402000,2025-10-29,quarterly,1.23,USD,pre-market,None,132782000,0.0152,0.137,0.165,12.9,24358000,225221000,93833000,223169000,72.36,66.83,6.0345,1746759000,33274000,1431428000,1597235000,1713485000,165807000,99705000,149524000,14.56,None,83.09,59.97
2025-12-28,SYBT,4.58,378633000.0,14.56,None,0.692,35.32,,None,26560000,26560000,,,,,,,,,6026000,20455500,None,23333000,23333000,533000,None,None,5663000,None,None,3257000,,1.25,0.0186,,,,0.23,0.07,31700000,34957000,1.16,2009-03-31,17.67,682000,378633000.0,76357000,31520000,10056000,682000,682000,None,23108000,None,5241000,None,None,111390000,None,None,21644000,None,None,None,0.48,,44672000,31520000,None,1286034000,None,None,None,,,,,2.0,1.888,5.19,,,,,,,,0.357,,27481000,2025-10-29,quarterly,1.23,USD,pre-market,None,130795000,0.0152,0.137,0.165,12.9,24358000,161841000,50451000,145287000,72.36,66.83,6.0345,1630724000,32223000,1337018000,1483794000,1598501000,146776000,99705000,146930000,14.56,None,83.09,59.97
2025-12-28,SYBT,4.58,378633000.0,14.56,None,0.692,35.32,,None,24859000,24859000,,,,,,,,,5802000,20455500,None,23333000,23333000,690000,None,None,5955000,None,None,3257000,,1.25,0.0186,,,,0.23,0.07,31700000,34957000,1.16,2008-12-31,17.67,682000,378633000.0,76357000,31520000,10056000,1108000,1108000,None,23108000,None,4510000,None,None,110960000,None,None,21644000,None,None,None,0.48,,44672000,31520000,None,1270925000,None,None,None,,,,,2.0,1.888,5.19,,,,,,,,0.357,,27926000,2025-10-29,quarterly,1.23,USD,pre-market,None,128923000,0.0152,0.137,0.165,12.9,24358000,178609000,67649000,2254000,72.36,66.83,6.0345,1628763000,30814000,1339264000,1484263000,1597949000,144999000,99705000,144500000,14.56,None,83.09,59.97
2025-12-28,SYBT,4.58,378633000.0,14.56,None,0.692,35.32,,None,35545000,35545000,,,,,,,,,5747000,20478000,None,23333000,23333000,34565000,None,None,31963000,None,None,3257000,,1.25,0.0186,,,,0.23,0.07,31700000,34957000,1.16,2008-09-30,17.67,682000,378633000.0,76357000,31520000,10056000,682000,682000,None,23108000,None,2216000,None,None,100060000,None,None,21644000,None,None,None,0.48,,44672000,31520000,None,1265966000,None,None,None,,,,,2.0,1.888,5.19,,,,,,,,0.357,,28239000,2025-10-29,quarterly,1.23,USD,pre-market,None,126145000,0.0152,0.137,0.165,12.9,24358000,214015000,113955000,203783000,72.36,66.83,6.0345,1653456000,67508000,1414486000,1514546000,1585948000,100060000,99705000,138910000,14.56,None,83.09,59.97
2025-12-28,SYBT,4.58,378633000.0,14.56,None,0.692,35.32,,None,36642000,36642000,,,,,,,,,5629000,20376000,None,23333000,23333000,37594000,None,None,30757000,None,None,3257000,,1.25,0.0186,,,,0.23,0.07,31700000,34957000,1.16,2008-06-30,17.67,682000,378633000.0,76357000,31520000,10056000,682000,682000,None,23108000,None,5491000,None,None,90060000,None,None,21644000,None,None,None,0.48,,44672000,31520000,None,1263332000,None,None,None,,,,,2.0,1.888,5.19,,,,,,,,0.357,,28403000,2025-10-29,quarterly,1.23,USD,pre-market,None,122977000,0.0152,0.137,0.165,12.9,24358000,160546000,70486000,114104000,72.36,66.83,6.0345,1596320000,67399000,1371412000,1461472000,1528921000,90060000,99705000,134848000,14.56,None,83.09,59.97
2025-12-28,SYBT,4.58,378633000.0,14.56,None,0.692,35.32,,None,35358000,35358000,,,,,,,,,5569000,20415000,None,23333000,23333000,32876000,None,None,30348000,None,None,3257000,,1.25,0.0186,,,,0.23,0.07,31700000,34957000,1.16,2008-03-31,17.67,682000,378633000.0,76357000,31520000,10056000,682000,682000,None,23108000,None,6462000,None,None,90060000,None,None,21644000,None,None,None,0.48,,44672000,31520000,None,1148008000,None,None,None,,,,,2.0,1.888,5.19,,,,,,,,0.357,,27787000,2025-10-29,quarterly,1.23,USD,pre-market,None,119124000,0.0152,0.137,0.165,12.9,24358000,204827000,114767000,112924000,72.36,66.83,6.0345,1517258000,65706000,1295651000,1385711000,1451552000,90060000,99705000,131547000,14.56,None,83.09,59.97
2025-12-28,SYBT,4.58,378633000.0,14.56,None,0.692,35.32,,None,38907000,38907000,,,,,,,,,6214000,20415000,None,23333000,23333000,1092000,None,None,6516000,None,None,3257000,,1.25,0.0186,,,,0.23,0.07,31700000,34957000,1.16,2007-12-31,17.67,682000,378633000.0,76357000,31520000,10056000,6516000,6516000,None,23108000,None,8602000,None,None,90090000,None,None,21644000,None,None,None,0.48,,44672000,31520000,1243312000,1106707000,None,None,None,,,,,2.0,1.888,5.19,,,,,,,,0.357,,27195000,2025-10-29,quarterly,1.23,USD,pre-market,None,116906000,0.0152,0.137,0.165,12.9,24358000,209454000,119364000,422000,72.36,66.83,6.0345,1482219000,45423000,1227163000,1349195000,1436796000,122032000,99705000,133024000,14.56,None,83.09,59.97
2025-12-28,SYBT,4.58,378633000.0,14.56,None,0.692,35.32,,None,32900000,32900000,,,,,,,,,7564000,21600000,None,23333000,23333000,40030000,None,None,52551000,None,None,3257000,,1.25,0.0186,,,,0.23,0.07,31700000,34957000,1.16,2007-09-30,17.67,682000,378633000.0,76357000,31520000,10056000,682000,682000,None,23108000,None,3096000,None,None,70090000,None,None,21644000,None,None,None,0.48,,44672000,31520000,None,1067429000,None,None,None,,,,,2.0,1.888,5.19,,,,,,,,0.357,,25063000,2025-10-29,quarterly,1.23,USD,pre-market,None,112943000,0.0152,0.137,0.165,12.9,24358000,164371000,94281000,145628000,72.36,66.83,6.0345,1410453000,85451000,1201740000,1271830000,1325002000,70090000,99705000,138623000,14.56,None,83.09,59.97
2025-12-28,SYBT,4.58,378633000.0,14.56,None,0.692,35.32,,None,42910000,42910000,,,,,,,,,8538000,21804000,None,23333000,23333000,38933000,None,None,57440000,None,None,3257000,,1.25,0.0186,,,,0.23,0.07,31700000,34957000,1.16,2007-06-30,17.67,682000,378633000.0,76357000,31520000,10056000,682000,682000,None,23108000,None,4965000,None,None,70090000,None,None,21644000,None,None,None,0.48,,44672000,31520000,None,1085316000,None,None,None,,,,,2.0,1.888,5.19,,,,,,,,0.357,,24650000,2025-10-29,quarterly,1.23,USD,pre-market,None,109353000,0.0152,0.137,0.165,12.9,24358000,159162000,89072000,127745000,72.36,66.83,6.0345,1425299000,100350000,1213321000,1283411000,1324949000,70090000,99705000,141888000,14.56,None,83.09,59.97
2025-12-28,SYBT,4.58,378633000.0,14.56,None,0.692,35.32,,None,35308000,35308000,,,,,,,,,8789000,21963000,None,23333000,23333000,38642000,None,None,50143000,None,None,3257000,,1.25,0.0186,,,,0.23,0.07,31700000,34957000,1.16,2007-03-31,17.67,682000,378633000.0,76357000,31520000,10056000,682000,682000,None,23108000,None,5659000,None,None,50090000,None,None,21644000,None,None,None,0.48,,44672000,31520000,None,1109778000,None,None,None,,,,,2.0,1.888,5.19,,,,,,,,0.357,,24675000,2025-10-29,quarterly,1.23,USD,pre-market,None,105348000,0.0152,0.137,0.165,12.9,24358000,125768000,75678000,126287000,72.36,66.83,6.0345,1414364000,85451000,1224098000,1274188000,1328913000,50090000,99705000,140176000,14.56,None,83.09,59.97
2025-12-28,SYBT,4.58,378633000.0,14.56,None,0.692,35.32,,None,44007000,44007000,,,,,,,,,8878000,21963000,None,23333000,23333000,40468000,None,None,48600000,None,None,3257000,,1.25,0.0186,,,,0.23,0.07,31700000,34957000,1.16,2006-12-31,17.67,682000,378633000.0,76357000,31520000,10056000,48600000,48600000,None,23108000,None,6501000,None,None,60120000,None,None,21644000,None,None,None,0.48,,44672000,31520000,1201049000,1103242000,None,None,None,,,,,2.0,1.888,5.19,,,,,,,,0.357,,24823000,2025-10-29,quarterly,1.23,USD,pre-market,None,101876000,0.0152,0.137,0.165,12.9,24358000,145167000,85047000,15671000,72.36,66.83,6.0345,1426321000,92607000,1228757000,1288877000,1333714000,60120000,99705000,137444000,14.56,None,83.09,59.97
2025-12-28,SYBT,4.58,378633000.0,14.56,None,0.692,35.32,,None,37073000,37073000,,,,,,,,,9016000,22077000,None,23333000,23333000,29219000,None,None,48557000,None,None,3257000,,1.25,0.0186,,,,0.23,0.07,31700000,34957000,1.16,2006-09-30,17.67,682000,378633000.0,76357000,31520000,10056000,682000,682000,None,23108000,None,6964000,None,None,30120000,None,None,21644000,None,None,None,0.48,,44672000,31520000,None,1066964000,None,None,None,,,,,2.0,1.888,5.19,,,,,,,,0.357,,24970000,2025-10-29,quarterly,1.23,USD,pre-market,None,97756000,0.0152,0.137,0.165,12.9,24358000,123134000,93014000,127655000,72.36,66.83,6.0345,1353893000,85630000,1189197000,1219317000,1268263000,30120000,99705000,134576000,14.56,None,83.09,59.97
2025-12-28,SYBT,4.58,378633000.0,14.56,None,0.692,35.32,,None,44692000,44692000,,,,,,,,,8946000,22128000,None,23333000,23333000,25381000,None,None,48707000,None,None,3257000,,1.25,0.0186,,,,0.23,0.07,31700000,34957000,1.16,2006-06-30,17.67,682000,378633000.0,76357000,31520000,10056000,682000,682000,None,23108000,None,8675000,None,None,50739000,None,None,21644000,None,None,None,0.48,,44672000,31520000,None,1059525000,None,None,None,,,,,2.0,1.888,5.19,,,,,,,,0.357,,24993000,2025-10-29,quarterly,1.23,USD,pre-market,None,94498000,0.0152,0.137,0.165,12.9,24358000,125385000,74646000,127939000,72.36,66.83,6.0345,1340101000,93399000,1159552000,1210291000,1246702000,50739000,99705000,129810000,14.56,None,83.09,59.97
2025-12-28,SYBT,4.58,378633000.0,14.56,None,0.692,35.32,,None,36426000,36426000,,,,,,,,,6887000,22123500,None,23333000,23333000,27767000,None,None,47257000,None,None,3257000,,1.25,0.0186,,,,0.23,0.07,31700000,34957000,1.16,2006-03-31,17.67,682000,378633000.0,76357000,31520000,10056000,682000,682000,None,23108000,None,6894000,None,None,50739000,None,None,21644000,None,None,None,0.48,,44672000,31520000,None,1074616000,None,None,None,,,,,2.0,1.888,5.19,,,,,,,,0.357,,24997000,2025-10-29,quarterly,1.23,USD,pre-market,None,108667000,0.0152,0.137,0.165,12.9,24358000,128605000,77866000,168554000,72.36,66.83,6.0345,1359319000,83683000,1180249000,1230988000,1275636000,50739000,99705000,128331000,14.56,None,83.09,59.97
2025-12-28,SYBT,4.58,378633000.0,14.56,None,0.692,35.32,,None,34082000,34082000,,,,,,,,,6931000,22123500,None,23333000,23333000,30490000,None,None,47467000,None,None,3257000,,1.25,0.0186,,,,0.23,0.07,31700000,34957000,1.16,2005-12-31,17.67,682000,378633000.0,76357000,31520000,10056000,682000,682000,None,23108000,None,10710000,None,None,60769000,None,None,21644000,None,None,None,0.48,,44672000,31520000,None,1031357000,None,None,None,,,,,2.0,1.888,5.19,,,,,,,,0.357,,25187000,2025-10-29,quarterly,1.23,USD,pre-market,None,105290000,0.0152,0.137,0.165,12.9,24358000,142794000,82025000,9957000,72.36,66.83,6.0345,1330438000,81549000,1143872000,1204641000,1248889000,60769000,99705000,125797000,14.56,None,83.09,59.97
2025-12-28,SYBT,4.58,378633000.0,14.56,None,0.692,35.32,,None,39497000,39497000,,,,,,,,,7052000,22210500,None,23333000,23333000,26916000,None,None,45298000,None,None,3257000,,1.25,0.0186,,,,0.23,0.07,31700000,34957000,1.16,2005-09-30,17.67,682000,378633000.0,76357000,31520000,10056000,682000,682000,None,23108000,None,10330000,None,None,40769000,None,None,21644000,None,None,None,0.48,,44672000,31520000,None,994421000,None,None,None,,,,,2.0,1.888,5.19,,,,,,,,0.357,,25624000,2025-10-29,quarterly,1.23,USD,pre-market,None,101563000,0.0152,0.137,0.165,12.9,24358000,128612000,87843000,138795000,72.36,66.83,6.0345,1273372000,84795000,1109180000,1149949000,1188577000,40769000,99705000,123423000,14.56,None,83.09,59.97
2025-12-28,SYBT,4.58,378633000.0,14.56,None,0.692,35.32,,None,78925000,78925000,,,,,,,,,58939000,29421000,None,23333000,23333000,1912000,None,None,47364000,None,None,3257000,,1.25,0.0186,,,,0.23,0.07,31700000,34957000,1.16,2024-12-31,17.67,194074000,378633000.0,76357000,31520000,10056000,27151000,27151000,None,23108000,None,None,None,None,326806000,None,1545709000,21644000,None,None,None,0.48,,44672000,31520000,6369000,7166401000,None,None,None,,,,,2.0,1.888,5.19,,,,,,,,0.357,,None,2025-10-29,annual,1.23,USD,pre-market,None,577607000,0.0152,0.137,0.165,12.9,24358000,496298000,169492000,990114000,72.36,66.83,6.0345,8863419000,1122772000,7337805000,7922943000,7740647000,585138000,99705000,940476000,14.56,None,83.09,59.97
2025-12-28,SYBT,4.58,378633000.0,14.56,None,0.692,35.32,,None,94466000,94466000,,,,,,,,,58602000,29343000,None,23333000,23333000,2094000,None,None,46318000,None,None,3257000,,1.25,0.0186,,,,0.23,0.07,31700000,34957000,1.16,2023-12-31,17.67,194074000,378633000.0,76357000,31520000,10056000,33386000,33386000,None,23108000,None,67636000,None,None,226740000,None,1646072000,21644000,None,None,None,0.48,,44672000,31520000,5873000,6670748000,None,None,None,,,,,2.0,1.888,5.19,,,,,,,,0.357,,None,2025-10-29,annual,1.23,USD,pre-market,None,506344000,0.0152,0.137,0.165,12.9,24358000,392583000,165843000,1031179000,72.36,66.83,6.0345,8170102000,1177836000,6838685000,7311999000,6992266000,473314000,99705000,858103000,14.56,None,83.09,59.97
2025-12-28,SYBT,4.58,378633000.0,14.56,None,0.692,35.32,,None,82515000,82515000,,,,,,,,,58367000,28922000,None,23333000,23333000,660000,None,None,38632000,None,None,3257000,,1.25,0.0186,,,,0.23,0.07,31700000,34957000,1.16,2022-12-31,17.67,194074000,378633000.0,76357000,31520000,10056000,40209000,40209000,None,23108000,None,-232364000,None,None,26343000,None,1620440000,21644000,None,None,None,0.48,,44672000,31520000,215889000,-660000,None,308785000,None,,,,,2.0,1.888,5.19,,,,,,,,0.357,,104256000,2025-10-29,annual,1.23,USD,pre-market,None,439898000,0.0152,0.137,0.165,12.9,24358000,171927000,145584000,1144617000,72.36,66.83,6.0345,7496261000,1249289000,660000,6735829000,310644000,660000,99705000,760432000,14.56,None,83.09,59.97
2025-12-28,SYBT,4.58,378633000.0,14.56,None,0.692,35.32,,None,62304000,62304000,,,,,,,,,49501000,25156000,None,23333000,23333000,300000,None,None,30031000,None,None,3257000,,1.25,0.0186,,,,0.23,0.07,31700000,34957000,1.16,2021-12-31,17.67,135830000,378633000.0,76357000,31520000,10056000,10124000,10124000,None,23108000,None,-1000570000,None,None,None,None,5304317000,21644000,None,None,None,0.48,,44672000,31520000,4469000,5787514000,None,171968000,None,,,,,2.0,1.888,5.19,,,,,,,,0.357,,76894000,2025-10-29,annual,1.23,USD,pre-market,None,391201000,0.0152,0.137,0.165,12.9,24358000,85840000,85840000,1180298000,72.36,66.83,6.0345,6646025000,1277102000,5873654000,5970156000,5368923000,96502000,99705000,675869000,14.56,None,83.09,59.97
2025-12-28,SYBT,4.58,378633000.0,14.56,None,0.692,35.32,,None,43179000,43179000,,,,,,,,,36500000,22768000,None,23333000,23333000,391000,None,None,29811000,None,None,3257000,,1.25,0.0186,,,,0.23,0.07,31700000,34957000,1.16,2020-12-31,17.67,12513000,378633000.0,76357000,31520000,10056000,4672000,4672000,None,23108000,None,-336447000,None,None,31639000,None,4089201000,21644000,None,None,None,0.48,,44672000,31520000,2935000,3988634000,None,167439000,None,,,,,2.0,1.888,5.19,,,,,,,,0.357,,58015000,2025-10-29,annual,1.23,USD,pre-market,None,353574000,0.0152,0.137,0.165,12.9,24358000,91082000,59443000,586978000,72.36,66.83,6.0345,4608629000,662903000,4048468000,4167928000,3945726000,119460000,99705000,440701000,14.56,None,83.09,59.97
2025-12-28,SYBT,4.58,378633000.0,14.56,None,0.692,35.32,,None,46863000,46863000,,,,,,,,,36207000,22865000,None,23333000,23333000,640000,None,55680000,26471000,None,None,3257000,,1.25,0.0186,,,,0.23,0.07,31700000,34957000,1.16,2019-12-31,17.67,12513000,378633000.0,76357000,31520000,10056000,3657000,3657000,None,23108000,None,-263733999,None,None,79953000,None,3297711000,21644000,None,None,None,0.48,,44672000,31520000,2812000,3133938000,None,172435000,None,,,,,2.0,1.888,5.19,,,,,,,,0.357,,58618000,2025-10-29,annual,1.23,USD,pre-market,None,333699000,0.0152,0.137,0.165,12.9,24358000,122735000,42782000,470738000,72.36,66.83,6.0345,3724197000,546884000,3177360000,3317900000,3177313000,140540000,99705000,406297000,14.56,None,83.09,59.97
2025-12-28,SYBT,4.58,378633000.0,14.56,None,0.692,35.32,,None,51892000,51892000,,,,,,,,,36689000,22944000,None,23333000,23333000,762000,None,31420000,10299000,None,None,3257000,,1.25,0.0186,,,,0.23,0.07,31700000,34957000,1.16,2018-12-31,17.67,682000,378633000.0,76357000,31520000,10056000,2079000,2079000,None,23108000,None,1018000,None,None,48177000,None,2961307000,21644000,None,None,None,0.48,,44672000,31520000,3072000,2794356000,None,131059000,None,,,,,2.0,1.888,5.19,,,,,,,,0.357,,44764000,2025-10-29,annual,1.23,USD,pre-market,None,298156000,0.0152,0.137,0.165,12.9,24358000,94518000,46341000,436995000,72.36,66.83,6.0345,3302924000,502258000,2841459000,2936424000,2800666000,94965000,99705000,366500000,14.56,None,83.09,59.97
2025-12-28,SYBT,4.58,378633000.0,14.56,None,0.692,35.32,,None,41982000,41982000,,,,,,,,,36457000,22983000,None,23333000,23333000,232000,None,30000000,10584000,None,None,3257000,,1.25,0.0186,,,,0.23,0.07,31700000,34957000,1.16,2017-12-31,17.67,682000,378633000.0,76357000,31520000,10056000,2100000,2100000,None,23108000,None,2640000,None,None,49458000,None,2387649000,21644000,None,None,None,0.48,,44672000,31520000,2856000,2578295000,None,166123000,None,,,,,2.0,1.888,5.19,,,,,,,,0.357,,41655000,2025-10-29,annual,1.23,USD,pre-market,None,267193000,0.0152,0.137,0.165,12.9,24358000,281283000,231825000,574524000,72.36,66.83,6.0345,3239646000,629946000,2810352000,2906002000,2609700000,95650000,99705000,333644000,14.56,0,83.09,59.97
2025-12-28,SYBT,4.58,378633000.0,14.56,None,0.692,35.32,,None,39709000,39709000,,,,,,,,,36250000,22792000,None,23333000,23333000,144000,None,181844000,8978000,None,None,3257000,,1.25,0.0186,,,,0.23,0.07,31700000,34957000,1.16,2016-12-31,17.67,682000,378633000.0,76357000,31520000,10056000,2326000,2326000,None,23108000,None,5033000,None,None,51075000,None,2284581000,21644000,None,None,None,0.48,,44672000,31520000,1800010000,2520548000,None,157543000,None,,,,,2.0,1.888,5.19,,,,,,,,0.357,,42384000,2025-10-29,annual,1.23,USD,pre-market,None,252439000,0.0152,0.137,0.165,12.9,24358000,166044000,114969000,570074000,72.36,66.83,6.0345,3039481000,618761000,2635661000,2725609000,2420720000,89948000,99705000,313872000,14.56,0,83.09,59.97
2025-12-28,SYBT,4.58,378633000.0,14.56,None,0.692,35.32,,None,35895000,35895000,,,,,,,,,10616000,22459000,None,23333000,23333000,127000,None,30000000,8531000,None,None,3257000,,1.25,0.0186,,,,0.23,0.07,31700000,34957000,1.16,2015-12-31,17.67,682000,378633000.0,76357000,31520000,10056000,2619000,2619000,None,23108000,None,4541000,None,None,13468000,None,2017366000,21644000,None,None,None,0.48,,44672000,31520000,1591956000,2371702000,None,135976000,None,,,,,2.0,1.888,5.19,,,,,,,,0.357,,39557000,2025-10-29,annual,1.23,USD,pre-market,None,231091000,0.0152,0.137,0.165,12.9,24358000,130471000,87003000,565876000,72.36,66.83,6.0345,2816801000,610302000,2458832000,2530282000,2206499000,71450000,99705000,286519000,14.56,0,83.09,59.97
2025-12-28,SYBT,4.58,378633000.0,14.56,None,0.692,35.32,,None,42216000,42216000,,,,,,,,,10035000,22143000,None,23333000,23333000,131000,None,30000000,8129000,None,None,3257000,,1.25,0.0186,,,,0.23,0.07,31700000,34957000,1.16,2014-12-31,17.67,682000,378633000.0,76357000,31520000,10056000,2951000,2951000,None,23108000,None,9724000,None,None,30000000,None,1843630000,21644000,None,None,None,0.48,,44672000,31520000,1439080000,2123627000,None,132825000,None,,,,,2.0,1.888,5.19,,,,,,,,0.357,,39088000,2025-10-29,annual,1.23,USD,pre-market,None,209584000,0.0152,0.137,0.165,12.9,24358000,153781000,116949000,513056000,72.36,66.83,6.0345,2563868000,563401000,2240707000,2303973000,2000467000,63266000,99705000,259895000,14.56,0,83.09,59.97
2025-12-28,SYBT,4.58,378633000.0,14.56,None,0.692,35.32,,None,34519000,34519000,,,,,,,,,9581000,21530000,None,23333000,23333000,128000,None,None,7336000,None,None,3257000,,1.25,0.0186,,,,0.23,0.07,31700000,34957000,1.16,2013-12-31,17.67,682000,378633000.0,76357000,31520000,10056000,3983000,3983000,None,23108000,None,7349000,None,None,24329000,None,1695598000,21644000,None,None,None,0.48,,44672000,31520000,1315828000,1980937000,None,123458000,None,,,,,2.0,1.888,5.19,,,,,,,,0.357,,39813000,2025-10-29,annual,1.23,USD,pre-market,None,188825000,0.0152,0.137,0.165,12.9,24358000,152239000,117910000,490031000,72.36,66.83,6.0345,2389262000,531886000,2098975000,2159818000,1857376000,60843000,99705000,229444000,14.56,0,83.09,59.97
2025-12-28,SYBT,4.58,378633000.0,14.56,None,0.692,35.32,,None,42610000,42610000,,,,,,,,,7273000,20898000,None,23333000,23333000,166000,None,None,6380000,None,None,3257000,,1.25,0.0186,,,,0.23,0.07,31700000,34957000,1.16,2012-12-31,17.67,682000,378633000.0,76357000,31520000,10056000,2088000,2088000,None,23108000,None,-1732000,None,None,30900000,None,1567760000,21644000,None,None,None,0.48,,44672000,31520000,1732000,1781693000,None,113876000,None,,,,,2.0,1.888,5.19,,,,,,,,0.357,,36532000,2025-10-29,annual,1.23,USD,pre-market,None,174650000,0.0152,0.137,0.165,12.9,24358000,138379000,75597000,386440000,72.36,66.83,6.0345,2148262000,437162000,1857456000,1943187000,1711100000,85731000,99705000,205075000,14.56,0,83.09,59.97
2025-12-28,SYBT,4.58,378633000.0,14.56,None,0.692,35.32,,None,32901000,32901000,,,,,,,,,6953000,20751000,None,23333000,23333000,232000,None,None,7241000,None,None,3257000,,1.25,0.0186,,,,0.23,0.07,31700000,34957000,1.16,2011-12-31,17.67,682000,378633000.0,76357000,31520000,10056000,1630000,1630000,None,23108000,None,-3106000,None,None,40900000,None,1520482000,21644000,None,None,None,0.48,,44672000,31520000,3106000,1617739000,None,169267000,None,,,,,2.0,1.888,5.19,,,,,,,,0.357,,36611000,2025-10-29,annual,1.23,USD,pre-market,None,160672000,0.0152,0.137,0.165,12.9,24358000,204630000,103299000,352185000,72.36,66.83,6.0345,2053097000,395433000,1721270000,1865411000,1657664000,144141000,99705000,187686000,14.56,0,83.09,59.97
2025-12-28,SYBT,4.58,378633000.0,14.56,None,0.692,35.32,,None,17702000,17702000,,,,,,,,,6679000,20668000,None,23333000,23333000,304000,None,None,6288000,None,None,3257000,,1.25,0.0186,,,,0.23,0.07,31700000,34957000,1.16,2010-12-31,17.67,682000,378633000.0,76357000,31520000,10056000,2467000,2467000,None,23108000,None,17832000,None,None,101330000,None,None,21644000,None,None,None,0.48,,44672000,31520000,None,1493468000,None,None,None,,,,,2.0,1.888,5.19,,,,,,,,0.357,,31665000,2025-10-29,annual,1.23,USD,pre-market,None,147837000,0.0152,0.137,0.165,12.9,24358000,188851000,87509000,245332000,72.36,66.83,6.0345,1902945000,23990000,1581281000,1733084000,1878955000,151803000,99705000,169861000,14.56,None,83.09,59.97
2025-12-28,SYBT,4.58,378633000.0,14.56,None,0.692,35.32,,None,25773000,25773000,,,,,,,,,6244000,20533000,None,23333000,23333000,427000,None,None,5745000,None,None,3257000,,1.25,0.0186,,,,0.23,0.07,31700000,34957000,1.16,2009-12-31,17.67,682000,378633000.0,76357000,31520000,10056000,2298000,2298000,None,23108000,None,14865000,None,None,81371000,None,None,21644000,None,None,None,0.48,,44672000,31520000,None,1418184000,None,None,None,,,,,2.0,1.888,5.19,,,,,,,,0.357,,28016000,2025-10-29,annual,1.23,USD,pre-market,None,135442000,0.0152,0.137,0.165,12.9,24358000,174031000,72648000,228225000,72.36,66.83,6.0345,1791479000,31518000,1491259000,1637865000,1759961000,146606000,99705000,153614000,14.56,None,83.09,59.97
2025-12-28,SYBT,4.58,378633000.0,14.56,None,0.692,35.32,,None,24859000,24859000,,,,,,,,,5802000,20445000,None,23333000,23333000,690000,None,None,5955000,None,None,3257000,,1.25,0.0186,,,,0.23,0.07,31700000,34957000,1.16,2008-12-31,17.67,682000,378633000.0,76357000,31520000,10056000,1108000,1108000,None,23108000,None,4510000,None,None,80960000,None,None,21644000,None,None,None,0.48,,44672000,31520000,None,1270925000,None,None,None,,,,,2.0,1.888,5.19,,,,,,,,0.357,,27926000,2025-10-29,annual,1.23,USD,pre-market,None,128923000,0.0152,0.137,0.165,12.9,24358000,178609000,67649000,173371000,72.36,66.83,6.0345,1628763000,30814000,1339264000,1484263000,1597949000,144999000,99705000,144500000,14.56,None,83.09,59.97
2025-12-28,SYBT,4.58,378633000.0,14.56,None,0.692,35.32,,None,38907000,38907000,,,,,,,,,6214000,21583000,None,23333000,23333000,1092000,None,None,6516000,None,None,3257000,,1.25,0.0186,,,,0.23,0.07,31700000,34957000,1.16,2007-12-31,17.67,682000,378633000.0,76357000,31520000,10056000,6516000,6516000,None,23108000,None,8602000,None,None,70090000,None,None,21644000,None,None,None,0.48,,44672000,31520000,1243312000,1106707000,None,None,None,,,,,2.0,1.888,5.19,,,,,,,,0.357,,27195000,2025-10-29,annual,1.23,USD,pre-market,None,116906000,0.0152,0.137,0.165,12.9,24358000,209454000,119364000,160836000,72.36,66.83,6.0345,1482219000,45423000,1227163000,1349195000,1436796000,122032000,99705000,133024000,14.56,None,83.09,59.97
2025-12-28,SYBT,4.58,378633000.0,14.56,None,0.692,35.32,,None,44007000,44007000,,,,,,,,,8878000,22111000,None,23333000,23333000,40468000,None,None,48600000,None,None,3257000,,1.25,0.0186,,,,0.23,0.07,31700000,34957000,1.16,2006-12-31,17.67,682000,378633000.0,76357000,31520000,10056000,48600000,48600000,None,23108000,None,6501000,None,None,50120000,None,None,21644000,None,None,None,0.48,,44672000,31520000,1201049000,1103242000,None,None,None,,,,,2.0,1.888,5.19,,,,,,,,0.357,,24823000,2025-10-29,annual,1.23,USD,pre-market,None,101876000,0.0152,0.137,0.165,12.9,24358000,145167000,85047000,144808000,72.36,66.83,6.0345,1426321000,92607000,1228757000,1288877000,1333714000,60120000,99705000,137444000,14.56,None,83.09,59.97
2025-12-28,SYBT,4.58,378633000.0,14.56,None,0.692,35.32,,None,34082000,34082000,,,,,,,,,6931000,22231000,None,23333000,23333000,30490000,None,None,47467000,None,None,3257000,,1.25,0.0186,,,,0.23,0.07,31700000,34957000,1.16,2005-12-31,17.67,682000,378633000.0,76357000,31520000,10056000,682000,682000,None,23108000,None,10710000,None,None,50769000,None,None,21644000,None,None,None,0.48,,44672000,31520000,None,1031357000,None,None,None,,,,,2.0,1.888,5.19,,,,,,,,0.357,,25187000,2025-10-29,annual,1.23,USD,pre-market,None,105290000,0.0152,0.137,0.165,12.9,24358000,142794000,82025000,156950000,72.36,66.83,6.0345,1330438000,81549000,1143872000,1204641000,1248889000,60769000,99705000,125797000,14.56,None,83.09,59.97
2025-12-28,SYBT,4.58,378633000.0,14.56,None,0.692,35.32,3055000,None,34082000,34082000,74239000,192423000,None,None,None,None,None,None,6931000,22231000,None,23333000,23333000,30490000,None,None,47467000,None,None,3257000,-2021000,1.25,0.0186,9403000,9403000,None,0.23,0.07,31700000,34957000,1.16,2025-09-30,17.67,682000,378633000.0,76357000,31520000,10056000,682000,682000,None,23108000,None,10710000,None,None,50769000,None,None,-67295000,None,None,None,0.48,38215000,44672000,31520000,None,1031357000,None,None,None,None,None,None,None,2.0,1.888,5.19,None,None,None,None,None,-173000,None,0.357,None,25187000,2025-10-29,quarterly,1.23,USD,pre-market,None,105290000,0.0152,0.137,0.165,12.9,24358000,142794000,82025000,156950000,72.36,66.83,6.0345,1330438000,81549000,1143872000,1204641000,1248889000,60769000,99705000,125797000,14.56,None,83.09,59.97
2025-12-28,SYBT,4.58,378633000.0,14.56,None,0.692,35.32,2455000,None,34082000,34082000,178605000,-186865000,None,None,None,None,None,None,6931000,22231000,None,23333000,23333000,30490000,None,None,47467000,None,None,3257000,767000,1.25,0.0186,9192000,9192000,None,0.23,0.07,31700000,34957000,1.16,2025-06-30,17.67,682000,378633000.0,76357000,31520000,10056000,682000,682000,None,23108000,None,10710000,None,None,50769000,None,None,34024000,None,None,None,0.48,55936000,44672000,31520000,None,1031357000,None,None,None,None,None,None,None,2.0,1.888,5.19,None,None,None,None,None,-308000,None,0.357,None,25187000,2025-10-29,quarterly,1.23,USD,pre-market,None,105290000,0.0152,0.137,0.165,12.9,24358000,142794000,82025000,156950000,72.36,66.83,6.0345,1330438000,81549000,1143872000,1204641000,1248889000,60769000,99705000,125797000,14.56,None,83.09,59.97
2025-12-28,SYBT,4.58,378633000.0,14.56,None,0.692,35.32,1943000,None,34082000,34082000,105315000,-12382000,None,None,None,None,None,None,6931000,22231000,None,23333000,23333000,30490000,None,None,47467000,None,None,3257000,1254000,1.25,0.0186,9114000,9114000,None,0.23,0.07,31700000,34957000,1.16,2025-03-31,17.67,682000,378633000.0,76357000,31520000,10056000,682000,682000,None,23108000,None,10710000,None,None,50769000,None,None,33271000,None,None,None,0.48,19783000,44672000,31520000,None,1031357000,None,None,None,None,None,None,None,2.0,1.888,5.19,None,None,None,None,None,-1608000,None,0.357,None,25187000,2025-10-29,quarterly,1.23,USD,pre-market,None,105290000,0.0152,0.137,0.165,12.9,24358000,142794000,82025000,156950000,72.36,66.83,6.0345,1330438000,81549000,1143872000,1204641000,1248889000,60769000,99705000,125797000,14.56,None,83.09,59.97
2025-12-28,SYBT,4.58,378633000.0,14.56,None,0.692,35.32,3278000,None,34082000,34082000,418214000,-399195000,None,None,None,None,None,None,6931000,22231000,None,23333000,23333000,30490000,None,None,47467000,None,None,3257000,2944000,1.25,0.0186,9097000,9097000,None,0.23,0.07,31700000,34957000,1.16,2024-12-31,17.67,682000,378633000.0,76357000,31520000,10056000,682000,682000,None,23108000,None,10710000,None,None,50769000,None,None,31694000,None,None,None,0.48,18935000,44672000,31520000,None,1031357000,None,None,None,None,None,None,None,2.0,1.888,5.19,None,None,None,None,None,-1215000,None,0.357,None,25187000,2025-10-29,quarterly,1.23,USD,pre-market,None,105290000,0.0152,0.137,0.165,12.9,24358000,142794000,82025000,156950000,72.36,66.83,6.0345,1330438000,81549000,1143872000,1204641000,1248889000,60769000,99705000,125797000,14.56,None,83.09,59.97
2025-12-28,SYBT,4.58,378633000.0,14.56,None,0.692,35.32,1498000,None,34082000,34082000,64754000,-71441000,None,None,None,None,None,None,6931000,22231000,None,23333000,23333000,30490000,None,None,47467000,None,None,3257000,3447000,1.25,0.0186,9083000,9083000,None,0.23,0.07,31700000,34957000,1.16,2024-09-30,17.67,682000,378633000.0,76357000,31520000,10056000,682000,682000,None,23108000,None,10710000,None,None,50769000,None,None,29360000,None,None,None,0.48,55402000,44672000,31520000,None,1031357000,None,None,None,None,None,None,None,2.0,1.888,5.19,None,None,None,None,None,-1315000,None,0.357,None,25187000,2025-10-29,quarterly,1.23,USD,pre-market,None,105290000,0.0152,0.137,0.165,12.9,24358000,142794000,82025000,156950000,72.36,66.83,6.0345,1330438000,81549000,1143872000,1204641000,1248889000,60769000,99705000,125797000,14.56,None,83.09,59.97
2025-12-28,SYBT,4.58,378633000.0,14.56,None,0.692,35.32,3242000,None,34082000,34082000,141809000,-148796000,None,None,None,None,None,None,6931000,22231000,None,23333000,23333000,30490000,None,None,47467000,None,None,3257000,3525000,1.25,0.0186,8788000,8788000,None,0.23,0.07,31700000,34957000,1.16,2024-06-30,17.67,682000,378633000.0,76357000,31520000,10056000,682000,682000,None,23108000,None,10710000,None,None,50769000,None,None,27598000,None,None,None,0.48,51115000,44672000,31520000,None,1031357000,None,None,None,None,None,None,None,2.0,1.888,5.19,None,None,None,None,None,-49000,None,0.357,None,25187000,2025-10-29,quarterly,1.23,USD,pre-market,None,105290000,0.0152,0.137,0.165,12.9,24358000,142794000,82025000,156950000,72.36,66.83,6.0345,1330438000,81549000,1143872000,1204641000,1248889000,60769000,99705000,125797000,14.56,None,83.09,59.97
2025-12-28,SYBT,4.58,378633000.0,14.56,None,0.692,35.32,1830000,None,34082000,34082000,-65527000,-57625000,None,None,None,None,None,None,6931000,22231000,None,23333000,23333000,30490000,None,None,47467000,None,None,3257000,3438000,1.25,0.0186,8867000,8867000,None,0.23,0.07,31700000,34957000,1.16,2024-03-31,17.67,682000,378633000.0,76357000,31520000,10056000,682000,682000,None,23108000,None,10710000,None,None,50769000,None,None,25887000,None,None,None,0.48,17416000,44672000,31520000,None,1031357000,None,None,None,None,None,None,None,2.0,1.888,5.19,None,None,None,None,None,-1638000,None,0.357,None,25187000,2025-10-29,quarterly,1.23,USD,pre-market,None,105290000,0.0152,0.137,0.165,12.9,24358000,142794000,82025000,156950000,72.36,66.83,6.0345,1330438000,81549000,1143872000,1204641000,1248889000,60769000,99705000,125797000,14.56,None,83.09,59.97
2025-12-28,SYBT,4.58,378633000.0,14.56,None,0.692,35.32,2195000,None,34082000,34082000,149288000,-106662000,None,None,110047000,None,None,None,6931000,22231000,None,23333000,23333000,30490000,None,None,47467000,None,None,3257000,6583000,1.25,0.0186,8771000,8771000,None,0.23,0.07,31700000,34957000,1.16,2023-12-31,17.67,682000,378633000.0,76357000,31520000,10056000,682000,682000,None,23108000,None,10710000,None,None,50769000,None,None,23944000,None,None,None,0.48,30296000,44672000,31520000,None,1031357000,None,None,None,None,None,None,None,2.0,1.888,5.19,None,None,None,None,None,-313000,None,0.357,None,25187000,2025-10-29,quarterly,1.23,USD,pre-market,None,105290000,0.0152,0.137,0.165,12.9,24358000,142794000,82025000,156950000,72.36,66.83,6.0345,1330438000,81549000,1143872000,1204641000,1248889000,60769000,99705000,125797000,14.56,None,83.09,59.97
2025-12-28,SYBT,4.58,378633000.0,14.56,None,0.692,35.32,2064000,None,34082000,34082000,-300,-164893000,None,None,-63874000,None,None,None,6931000,22231000,None,23333000,23333000,30490000,None,None,47467000,None,None,3257000,1490000,1.25,0.0186,300,300,None,0.23,0.07,31700000,34957000,1.16,2023-09-30,17.67,682000,378633000.0,76357000,31520000,10056000,682000,682000,None,23108000,None,10710000,None,None,50769000,None,None,61437000,None,None,None,0.48,86306000,44672000,31520000,None,1031357000,None,None,None,None,None,None,None,2.0,1.888,5.19,None,None,None,None,None,-2000,None,0.357,None,25187000,2025-10-29,quarterly,1.23,USD,pre-market,None,105290000,0.0152,0.137,0.165,12.9,24358000,142794000,82025000,156950000,72.36,66.83,6.0345,1330438000,81549000,1143872000,1204641000,1248889000,60769000,99705000,125797000,14.56,None,83.09,59.97
2025-12-28,SYBT,4.58,378633000.0,14.56,None,0.692,35.32,1641000,None,34082000,34082000,-1632000,-135157000,-102668000,None,-46552000,None,None,-44492000,6931000,22231000,None,23333000,23333000,30490000,None,None,47467000,None,None,3257000,4839000,1.25,0.0186,8475000,8475000,None,0.23,0.07,31700000,34957000,1.16,2023-06-30,17.67,682000,378633000.0,76357000,31520000,10056000,682000,682000,None,23108000,None,10710000,None,None,50769000,None,None,27664000,None,None,None,0.48,34121000,44672000,31520000,None,1031357000,None,None,None,None,None,None,None,2.0,1.888,5.19,None,None,None,None,None,-12000,None,0.357,None,25187000,2025-10-29,quarterly,1.23,USD,pre-market,None,105290000,0.0152,0.137,0.165,12.9,24358000,142794000,82025000,156950000,72.36,66.83,6.0345,1330438000,81549000,1143872000,1204641000,1248889000,60769000,99705000,125797000,14.56,None,83.09,59.97
2025-12-28,SYBT,4.58,378633000.0,14.56,None,0.692,35.32,1831000,None,34082000,34082000,157206000,-17337000,149631000,None,31017000,None,None,3659000,6931000,22231000,None,23333000,23333000,30490000,None,None,47467000,None,None,3257000,5879000,1.25,0.0186,8561000,8561000,None,0.23,0.07,31700000,34957000,1.16,2023-03-31,17.67,682000,378633000.0,76357000,31520000,10056000,682000,682000,None,23108000,None,10710000,None,None,50769000,None,None,29048000,None,None,None,0.48,9762000,44672000,31520000,None,1031357000,None,None,None,None,None,None,None,2.0,1.888,5.19,None,None,None,None,None,-2368000,None,0.357,None,25187000,2025-10-29,quarterly,1.23,USD,pre-market,None,105290000,0.0152,0.137,0.165,12.9,24358000,142794000,82025000,156950000,72.36,66.83,6.0345,1330438000,81549000,1143872000,1204641000,1248889000,60769000,99705000,125797000,14.56,None,83.09,59.97
2025-12-28,SYBT,4.58,378633000.0,14.56,None,0.692,35.32,3147000,None,34082000,34082000,-60788000,-139391000,-162554000,None,-4280000,None,None,-5530000,6931000,22231000,None,23333000,23333000,30490000,None,None,47467000,None,None,3257000,4929000,1.25,0.0186,8456000,8456000,None,0.23,0.07,31700000,34957000,1.16,2022-12-31,17.67,682000,378633000.0,76357000,31520000,10056000,682000,682000,None,23108000,None,10710000,None,None,50769000,None,None,29910000,None,None,None,0.48,37625000,44672000,31520000,None,1031357000,None,None,None,None,None,None,None,2.0,1.888,5.19,None,None,None,None,None,-4534000,None,0.357,None,25187000,2025-10-29,quarterly,1.23,USD,pre-market,None,105290000,0.0152,0.137,0.165,12.9,24358000,142794000,82025000,156950000,72.36,66.83,6.0345,1330438000,81549000,1143872000,1204641000,1248889000,60769000,99705000,125797000,14.56,None,83.09,59.97
2025-12-28,SYBT,4.58,378633000.0,14.56,None,0.692,35.32,1731000,None,34082000,34082000,-93690000,-199617000,-243948000,None,-13237000,None,None,-3860000,6931000,22231000,None,23333000,23333000,30490000,None,None,47467000,None,None,3257000,5698000,1.25,0.0186,8451000,8451000,None,0.23,0.07,31700000,34957000,1.16,2022-09-30,17.67,682000,378633000.0,76357000,31520000,10056000,682000,682000,None,23108000,None,10710000,None,None,50769000,None,None,28540000,None,None,None,0.48,49359000,44672000,31520000,None,1031357000,None,None,None,None,None,None,None,2.0,1.888,5.19,None,None,None,None,None,-15000,None,0.357,None,25187000,2025-10-29,quarterly,1.23,USD,pre-market,None,105290000,0.0152,0.137,0.165,12.9,24358000,142794000,82025000,156950000,72.36,66.83,6.0345,1330438000,81549000,1143872000,1204641000,1248889000,60769000,99705000,125797000,14.56,None,83.09,59.97
2025-12-28,SYBT,4.58,378633000.0,14.56,None,0.692,35.32,12617000,None,34082000,34082000,-185980000,-10080000,-177822000,None,6470000,None,None,-11151000,6931000,22231000,None,23333000,23333000,30490000,None,None,47467000,None,None,3257000,5993000,1.25,0.0186,8107000,8107000,None,0.23,0.07,31700000,34957000,1.16,2022-06-30,17.67,682000,378633000.0,76357000,31520000,10056000,682000,682000,None,23108000,None,10710000,None,None,50769000,None,None,26794000,None,None,None,0.48,18238000,44672000,31520000,None,1031357000,None,None,None,None,None,None,None,2.0,1.888,5.19,None,None,None,None,None,-942000,None,0.357,None,25187000,2025-10-29,quarterly,1.23,USD,pre-market,None,105290000,0.0152,0.137,0.165,12.9,24358000,142794000,82025000,156950000,72.36,66.83,6.0345,1330438000,81549000,1143872000,1204641000,1248889000,60769000,99705000,125797000,14.56,None,83.09,59.97
2025-12-28,SYBT,4.58,378633000.0,14.56,None,0.692,35.32,946000,None,34082000,34082000,-177684000,-35337000,-209501000,None,None,None,None,6404000,6931000,22231000,None,23333000,23333000,30490000,None,None,47467000,None,None,3257000,4038000,1.25,0.0186,8287000,8287000,None,0.23,0.07,31700000,34957000,1.16,2022-03-31,17.67,682000,378633000.0,76357000,31520000,10056000,682000,682000,None,23108000,None,10710000,None,None,50769000,None,None,7906000,None,None,None,0.48,3520000,44672000,31520000,None,1031357000,None,None,None,None,None,None,None,2.0,1.888,5.19,None,None,None,None,None,-2617000,None,0.357,None,25187000,2025-10-29,quarterly,1.23,USD,pre-market,None,105290000,0.0152,0.137,0.165,12.9,24358000,142794000,82025000,156950000,72.36,66.83,6.0345,1330438000,81549000,1143872000,1204641000,1248889000,60769000,99705000,125797000,14.56,None,83.09,59.97
2025-12-28,SYBT,4.58,378633000.0,14.56,None,0.692,35.32,1338000,None,34082000,34082000,427991000,-90708000,376251000,None,-9135000,None,None,2351000,6931000,22231000,None,23333000,23333000,30490000,None,None,47467000,None,None,3257000,3404000,1.25,0.0186,7421000,7421000,None,0.23,0.07,31700000,34957000,1.16,2021-12-31,17.67,682000,378633000.0,76357000,31520000,10056000,682000,682000,None,23108000,None,10710000,None,None,50769000,None,None,24589000,None,None,None,0.48,38968000,44672000,31520000,None,1031357000,None,None,None,None,None,None,None,2.0,1.888,5.19,None,None,None,None,None,-649000,None,0.357,None,25187000,2025-10-29,quarterly,1.23,USD,pre-market,None,105290000,0.0152,0.137,0.165,12.9,24358000,142794000,82025000,156950000,72.36,66.83,6.0345,1330438000,81549000,1143872000,1204641000,1248889000,60769000,99705000,125797000,14.56,None,83.09,59.97
2025-12-28,SYBT,4.58,378633000.0,14.56,None,0.692,35.32,1491000,None,34082000,34082000,84961000,-56171000,44748000,None,None,None,None,6076000,6931000,22231000,None,23333000,23333000,30490000,None,None,47467000,None,None,3257000,3037000,1.25,0.0186,7416000,7416000,None,0.23,0.07,31700000,34957000,1.16,2021-09-30,17.67,682000,378633000.0,76357000,31520000,10056000,682000,682000,None,23108000,None,10710000,None,None,50769000,None,None,23162000,None,None,None,0.48,15958000,44672000,31520000,None,1031357000,None,None,None,None,None,None,None,2.0,1.888,5.19,None,None,None,None,None,-11000,None,0.357,None,25187000,2025-10-29,quarterly,1.23,USD,pre-market,None,105290000,0.0152,0.137,0.165,12.9,24358000,142794000,82025000,156950000,72.36,66.83,6.0345,1330438000,81549000,1143872000,1204641000,1248889000,60769000,99705000,125797000,14.56,None,83.09,59.97
2025-12-28,SYBT,4.58,378633000.0,14.56,None,0.692,35.32,1192000,None,34082000,34082000,-88379000,275652000,207212000,None,None,None,None,-8130000,6931000,22231000,None,23333000,23333000,30490000,None,None,47467000,None,None,3257000,2627000,1.25,0.0186,7188000,7188000,None,0.23,0.07,31700000,34957000,1.16,2021-06-30,17.67,682000,378633000.0,76357000,31520000,10056000,682000,682000,None,23108000,None,10710000,None,None,50769000,None,None,4184000,None,None,None,0.48,19939000,44672000,31520000,None,1031357000,None,None,None,None,None,None,None,2.0,1.888,5.19,None,None,None,None,None,-73000,None,0.357,None,25187000,2025-10-29,quarterly,1.23,USD,pre-market,None,105290000,0.0152,0.137,0.165,12.9,24358000,142794000,82025000,156950000,72.36,66.83,6.0345,1330438000,81549000,1143872000,1204641000,1248889000,60769000,99705000,125797000,14.56,None,83.09,59.97
2025-12-28,SYBT,4.58,378633000.0,14.56,None,0.692,35.32,560000,None,34082000,34082000,195448000,-207647000,15036000,None,None,None,None,3710000,6931000,22231000,None,23333000,23333000,30490000,None,None,47467000,None,None,3257000,2261000,1.25,0.0186,6173000,6173000,None,0.23,0.07,31700000,34957000,1.16,2021-03-31,17.67,682000,378633000.0,76357000,31520000,10056000,682000,682000,None,23108000,None,10710000,None,None,50769000,None,None,22710000,None,None,None,0.48,27235000,44672000,31520000,None,1031357000,None,None,None,None,None,None,None,2.0,1.888,5.19,None,None,None,None,None,-3093000,None,0.357,None,25187000,2025-10-29,quarterly,1.23,USD,pre-market,None,105290000,0.0152,0.137,0.165,12.9,24358000,142794000,82025000,156950000,72.36,66.83,6.0345,1330438000,81549000,1143872000,1204641000,1248889000,60769000,99705000,125797000,14.56,None,83.09,59.97
2025-12-28,SYBT,4.58,378633000.0,14.56,None,0.692,35.32,1390000,None,34082000,34082000,212897000,-225299000,26942000,None,None,None,None,-656000,6931000,22231000,None,23333000,23333000,30490000,None,None,47467000,None,None,3257000,5056000,1.25,0.0186,6101000,6101000,None,0.23,0.07,31700000,34957000,1.16,2020-12-31,17.67,682000,378633000.0,76357000,31520000,10056000,682000,682000,None,23108000,None,10710000,None,None,50769000,None,None,17736000,None,None,None,0.48,39344000,44672000,31520000,None,1031357000,None,None,None,None,None,None,None,2.0,1.888,5.19,None,None,None,None,None,-2265000,None,0.357,None,25187000,2025-10-29,quarterly,1.23,USD,pre-market,None,105290000,0.0152,0.137,0.165,12.9,24358000,142794000,82025000,156950000,72.36,66.83,6.0345,1330438000,81549000,1143872000,1204641000,1248889000,60769000,99705000,125797000,14.56,None,83.09,59.97
2025-12-28,SYBT,4.58,378633000.0,14.56,None,0.692,35.32,1542000,None,34082000,34082000,13845000,43663000,66609000,None,None,None,None,-5979000,6931000,22231000,None,23333000,23333000,30490000,None,None,47467000,None,None,3257000,1872000,1.25,0.0186,6105000,6105000,None,0.23,0.07,31700000,34957000,1.16,2020-09-30,17.67,682000,378633000.0,76357000,31520000,10056000,682000,682000,None,23108000,None,10710000,None,None,50769000,None,None,14533000,None,None,None,0.48,9101000,44672000,31520000,None,1031357000,None,None,None,None,None,None,None,2.0,1.888,5.19,None,None,None,None,None,-943000,None,0.357,None,25187000,2025-10-29,quarterly,1.23,USD,pre-market,None,105290000,0.0152,0.137,0.165,12.9,24358000,142794000,82025000,156950000,72.36,66.83,6.0345,1330438000,81549000,1143872000,1204641000,1248889000,60769000,99705000,125797000,14.56,None,83.09,59.97
2025-12-28,SYBT,4.58,378633000.0,14.56,None,0.692,35.32,962000,None,34082000,34082000,523249000,-569349000,-30117000,None,None,None,None,-9227000,6931000,22231000,None,23333000,23333000,30490000,None,None,47467000,None,None,3257000,1604000,1.25,0.0186,6156000,6156000,None,0.23,0.07,31700000,34957000,1.16,2020-06-30,17.67,682000,378633000.0,76357000,31520000,10056000,682000,682000,None,23108000,None,10710000,None,None,50769000,None,None,13368000,None,None,None,0.48,15983000,44672000,31520000,None,1031357000,None,None,None,None,None,None,None,2.0,1.888,5.19,None,None,None,None,None,-59000,None,0.357,None,25187000,2025-10-29,quarterly,1.23,USD,pre-market,None,105290000,0.0152,0.137,0.165,12.9,24358000,142794000,82025000,156950000,72.36,66.83,6.0345,1330438000,81549000,1143872000,1204641000,1248889000,60769000,99705000,125797000,14.56,None,83.09,59.97
2025-12-28,SYBT,4.58,378633000.0,14.56,None,0.692,35.32,1564000,None,34082000,34082000,45823000,-53733000,4787000,None,None,None,None,-5018000,6931000,22231000,None,23333000,23333000,30490000,None,None,47467000,None,None,3257000,1211000,1.25,0.0186,6119000,6119000,None,0.23,0.07,31700000,34957000,1.16,2020-03-31,17.67,682000,378633000.0,76357000,31520000,10056000,682000,682000,None,23108000,None,10710000,None,None,50769000,None,None,13232000,None,None,None,0.48,12697000,44672000,31520000,None,1031357000,None,None,None,None,None,None,None,2.0,1.888,5.19,None,None,None,None,None,-1485000,None,0.357,None,25187000,2025-10-29,quarterly,1.23,USD,pre-market,None,105290000,0.0152,0.137,0.165,12.9,24358000,142794000,82025000,156950000,72.36,66.83,6.0345,1330438000,81549000,1143872000,1204641000,1248889000,60769000,99705000,125797000,14.56,None,83.09,59.97
2025-12-28,SYBT,4.58,378633000.0,14.56,None,0.692,35.32,919000,None,34082000,34082000,178888000,-84160000,113510000,None,None,None,None,4510000,6931000,22231000,None,23333000,23333000,30490000,None,None,47467000,None,None,3257000,1911000,1.25,0.0186,6073000,6073000,None,0.23,0.07,31700000,34957000,1.16,2019-12-31,17.67,682000,378633000.0,76357000,31520000,10056000,682000,682000,None,23108000,None,10710000,None,None,50769000,None,None,16649000,None,None,None,0.48,18782000,44672000,31520000,None,1031357000,None,None,None,None,None,None,None,2.0,1.888,5.19,None,None,None,None,None,-2653000,None,0.357,None,25187000,2025-10-29,quarterly,1.23,USD,pre-market,None,105290000,0.0152,0.137,0.165,12.9,24358000,142794000,82025000,156950000,72.36,66.83,6.0345,1330438000,81549000,1143872000,1204641000,1248889000,60769000,99705000,125797000,14.56,None,83.09,59.97
2025-12-28,SYBT,4.58,378633000.0,14.56,None,0.692,35.32,858000,None,34082000,34082000,45744000,-43324000,20175000,None,None,None,None,-3867000,6931000,22231000,None,23333000,23333000,30490000,None,None,47467000,None,None,3257000,1290000,1.25,0.0186,5848000,5848000,None,0.23,0.07,31700000,34957000,1.16,2019-09-30,17.67,682000,378633000.0,76357000,31520000,10056000,682000,682000,None,23108000,None,10710000,None,None,50769000,None,None,17234000,None,None,None,0.48,17755000,44672000,31520000,None,1031357000,None,None,None,None,None,None,None,2.0,1.888,5.19,None,None,None,None,None,-5499000,None,0.357,None,25187000,2025-10-29,quarterly,1.23,USD,pre-market,None,105290000,0.0152,0.137,0.165,12.9,24358000,142794000,82025000,156950000,72.36,66.83,6.0345,1330438000,81549000,1143872000,1204641000,1248889000,60769000,99705000,125797000,14.56,None,83.09,59.97
2025-12-28,SYBT,4.58,378633000.0,14.56,None,0.692,35.32,1322000,None,34082000,34082000,-19795000,13650000,4699000,None,None,None,None,-3429000,6931000,22231000,None,23333000,23333000,30490000,None,None,47467000,None,None,3257000,896000,1.25,0.0186,5889000,5889000,None,0.23,0.07,31700000,34957000,1.16,2019-06-30,17.67,682000,378633000.0,76357000,31520000,10056000,682000,682000,None,23108000,None,10710000,None,None,50769000,None,None,16543000,None,None,None,0.48,10844000,44672000,31520000,None,1031357000,None,None,None,None,None,None,None,2.0,1.888,5.19,None,None,None,None,None,-4037000,None,0.357,None,25187000,2025-10-29,quarterly,1.23,USD,pre-market,None,105290000,0.0152,0.137,0.165,12.9,24358000,142794000,82025000,156950000,72.36,66.83,6.0345,1330438000,81549000,1143872000,1204641000,1248889000,60769000,99705000,125797000,14.56,None,83.09,59.97
2025-12-28,SYBT,4.58,378633000.0,14.56,None,0.692,35.32,1999000,None,34082000,34082000,-49315000,-49339000,-87599000,None,None,None,None,None,6931000,22231000,None,23333000,23333000,30490000,None,None,47467000,None,None,3257000,783000,1.25,0.0186,5732000,5732000,None,0.23,0.07,31700000,34957000,1.16,2019-03-31,17.67,682000,378633000.0,76357000,31520000,10056000,682000,682000,None,23108000,None,10710000,None,None,50769000,None,None,15641000,None,None,None,0.48,11055000,44672000,31520000,None,1031357000,None,None,None,None,None,None,None,2.0,1.888,5.19,None,None,None,None,None,-1743000,None,0.357,None,25187000,2025-10-29,quarterly,1.23,USD,pre-market,None,105290000,0.0152,0.137,0.165,12.9,24358000,142794000,82025000,156950000,72.36,66.83,6.0345,1330438000,81549000,1143872000,1204641000,1248889000,60769000,99705000,125797000,14.56,None,83.09,59.97
2025-12-28,SYBT,4.58,378633000.0,14.56,None,0.692,35.32,2140000,None,34082000,34082000,-48602000,106881000,78459000,None,None,None,None,None,6931000,22231000,None,23333000,23333000,30490000,None,None,47467000,None,None,3257000,1826000,1.25,0.0186,5662000,5662000,None,0.23,0.07,31700000,34957000,1.16,2018-12-31,17.67,682000,378633000.0,76357000,31520000,10056000,682000,682000,None,23108000,None,10710000,None,None,50769000,None,None,14658000,None,None,None,0.48,20180000,44672000,31520000,None,1031357000,None,None,None,None,None,None,None,2.0,1.888,5.19,None,None,None,None,None,105000,None,0.357,None,25187000,2025-10-29,quarterly,1.23,USD,pre-market,None,105290000,0.0152,0.137,0.165,12.9,24358000,142794000,82025000,156950000,72.36,66.83,6.0345,1330438000,81549000,1143872000,1204641000,1248889000,60769000,99705000,125797000,14.56,None,83.09,59.97
2025-12-28,SYBT,4.58,378633000.0,14.56,None,0.692,35.32,2223000,None,34082000,34082000,-8471000,61747000,65480000,None,1613000,None,None,None,6931000,22231000,None,23333000,23333000,30490000,None,None,47467000,None,None,3257000,1276000,1.25,0.0186,5663000,5663000,None,0.23,0.07,31700000,34957000,1.16,2018-09-30,17.67,682000,378633000.0,76357000,31520000,10056000,682000,682000,None,23108000,None,10710000,None,None,50769000,None,None,13876000,None,None,None,0.48,12204000,44672000,31520000,None,1031357000,None,None,None,None,None,None,None,2.0,1.888,5.19,None,None,None,None,None,2086000,None,0.357,None,25187000,2025-10-29,quarterly,1.23,USD,pre-market,None,105290000,0.0152,0.137,0.165,12.9,24358000,142794000,82025000,156950000,72.36,66.83,6.0345,1330438000,81549000,1143872000,1204641000,1248889000,60769000,99705000,125797000,14.56,None,83.09,59.97
2025-12-28,SYBT,4.58,378633000.0,14.56,None,0.692,35.32,1583000,None,34082000,34082000,23136000,-49809000,-1876000,None,1680000,None,None,None,6931000,22231000,None,23333000,23333000,30490000,None,None,47467000,None,None,3257000,1354000,1.25,0.0186,5234000,5234000,None,0.23,0.07,31700000,34957000,1.16,2018-06-30,17.67,682000,378633000.0,76357000,31520000,10056000,682000,682000,None,23108000,None,10710000,None,None,50769000,None,None,13579000,None,None,None,0.48,24797000,44672000,31520000,None,1031357000,None,None,None,None,None,None,None,2.0,1.888,5.19,None,None,None,None,None,-707000,None,0.357,None,25187000,2025-10-29,quarterly,1.23,USD,pre-market,None,105290000,0.0152,0.137,0.165,12.9,24358000,142794000,82025000,156950000,72.36,66.83,6.0345,1330438000,81549000,1143872000,1204641000,1248889000,60769000,99705000,125797000,14.56,None,83.09,59.97
2025-12-28,SYBT,4.58,378633000.0,14.56,None,0.692,35.32,1111000,None,34082000,34082000,39309000,-132960000,-82372000,None,0,None,None,None,6931000,22231000,None,23333000,23333000,30490000,None,None,47467000,None,None,3257000,1326000,1.25,0.0186,5207000,5207000,None,0.23,0.07,31700000,34957000,1.16,2018-03-31,17.67,682000,378633000.0,76357000,31520000,10056000,682000,682000,None,23108000,None,10710000,None,None,50769000,None,None,13404000,None,None,None,0.48,11279000,44672000,31520000,None,1031357000,None,None,None,None,None,None,None,2.0,1.888,5.19,None,None,None,None,None,-1379000,None,0.357,None,25187000,2025-10-29,quarterly,1.23,USD,pre-market,None,105290000,0.0152,0.137,0.165,12.9,24358000,142794000,82025000,156950000,72.36,66.83,6.0345,1330438000,81549000,1143872000,1204641000,1248889000,60769000,99705000,125797000,14.56,None,83.09,59.97
2025-12-28,SYBT,4.58,378633000.0,14.56,None,0.692,35.32,1053000,None,34082000,34082000,88658000,-82590000,10170000,None,2238000,None,None,None,6931000,22231000,None,23333000,23333000,30490000,None,None,47467000,None,None,3257000,6792000,1.25,0.0186,4744000,4744000,None,0.23,0.07,31700000,34957000,1.16,2017-12-31,17.67,682000,378633000.0,76357000,31520000,10056000,682000,682000,None,23108000,None,10710000,None,None,50769000,None,None,4946000,None,None,None,0.48,4102000,44672000,31520000,None,1031357000,None,None,None,None,None,None,None,2.0,1.888,5.19,None,None,None,None,None,-276000,None,0.357,None,25187000,2025-10-29,quarterly,1.23,USD,pre-market,None,105290000,0.0152,0.137,0.165,12.9,24358000,142794000,82025000,156950000,72.36,66.83,6.0345,1330438000,81549000,1143872000,1204641000,1248889000,60769000,99705000,125797000,14.56,None,83.09,59.97
2025-12-28,SYBT,4.58,378633000.0,14.56,None,0.692,35.32,894000,None,34082000,34082000,5753000,-22047000,3953000,None,0,None,None,None,6931000,22231000,None,23333000,23333000,30490000,None,None,47467000,None,None,3257000,2449000,1.25,0.0186,4514000,4514000,None,0.23,0.07,31700000,34957000,1.16,2017-09-30,17.67,682000,378633000.0,76357000,31520000,10056000,682000,682000,None,23108000,None,10710000,None,None,50769000,None,None,11704000,None,None,None,0.48,20247000,44672000,31520000,None,1031357000,None,None,None,None,None,None,None,2.0,1.888,5.19,None,None,None,None,None,-167000,None,0.357,None,25187000,2025-10-29,quarterly,1.23,USD,pre-market,None,105290000,0.0152,0.137,0.165,12.9,24358000,142794000,82025000,156950000,72.36,66.83,6.0345,1330438000,81549000,1143872000,1204641000,1248889000,60769000,99705000,125797000,14.56,None,83.09,59.97
2025-12-28,SYBT,4.58,378633000.0,14.56,None,0.692,35.32,531000,None,34082000,34082000,79190000,-57283000,35644000,None,1121000,None,None,None,6931000,22231000,None,23333000,23333000,30490000,None,None,47467000,None,None,3257000,2119000,1.25,0.0186,4533000,4533000,None,0.23,0.07,31700000,34957000,1.16,2017-06-30,17.67,682000,378633000.0,76357000,31520000,10056000,682000,682000,None,23108000,None,10710000,None,None,50769000,None,None,10602000,None,None,None,0.48,13737000,44672000,31520000,None,1031357000,None,None,None,None,None,None,None,2.0,1.888,5.19,None,None,None,None,None,-57000,None,0.357,None,25187000,2025-10-29,quarterly,1.23,USD,pre-market,None,105290000,0.0152,0.137,0.165,12.9,24358000,142794000,82025000,156950000,72.36,66.83,6.0345,1330438000,81549000,1143872000,1204641000,1248889000,60769000,99705000,125797000,14.56,None,83.09,59.97
2025-12-28,SYBT,4.58,378633000.0,14.56,None,0.692,35.32,308000,None,34082000,34082000,-21297000,47215000,41508000,None,0,None,None,None,6931000,22231000,None,23333000,23333000,30490000,None,None,47467000,None,None,3257000,2280000,1.25,0.0186,4286000,4286000,None,0.23,0.07,31700000,34957000,1.16,2017-03-31,17.67,682000,378633000.0,76357000,31520000,10056000,682000,682000,None,23108000,None,10710000,None,None,50769000,None,None,10791000,None,None,None,0.48,15590000,44672000,31520000,None,1031357000,None,None,None,None,None,None,None,2.0,1.888,5.19,None,None,None,None,None,-2105000,None,0.357,None,25187000,2025-10-29,quarterly,1.23,USD,pre-market,None,105290000,0.0152,0.137,0.165,12.9,24358000,142794000,82025000,156950000,72.36,66.83,6.0345,1330438000,81549000,1143872000,1204641000,1248889000,60769000,99705000,125797000,14.56,None,83.09,59.97
2025-12-28,SYBT,4.58,378633000.0,14.56,None,0.692,35.32,421000,None,34082000,34082000,97742000,-121561000,-9920000,None,6069000,None,None,None,6931000,22231000,None,23333000,23333000,30490000,None,None,47467000,None,None,3257000,3126000,1.25,0.0186,4281000,4281000,None,0.23,0.07,31700000,34957000,1.16,2016-12-31,17.67,682000,378633000.0,76357000,31520000,10056000,682000,682000,None,23108000,None,10710000,None,None,50769000,None,None,10616000,None,None,None,0.48,13899000,44672000,31520000,None,1031357000,None,None,None,None,None,None,None,2.0,1.888,5.19,None,None,None,None,None,-384000,None,0.357,None,25187000,2025-10-29,quarterly,1.23,USD,pre-market,None,105290000,0.0152,0.137,0.165,12.9,24358000,142794000,82025000,156950000,72.36,66.83,6.0345,1330438000,81549000,1143872000,1204641000,1248889000,60769000,99705000,125797000,14.56,None,83.09,59.97
2025-12-28,SYBT,4.58,378633000.0,14.56,None,0.692,35.32,1193000,None,34082000,34082000,17626000,-25258000,7659000,None,2666000,None,None,None,6931000,22231000,None,23333000,23333000,30490000,None,None,47467000,None,None,3257000,2724000,1.25,0.0186,4044000,4044000,None,0.23,0.07,31700000,34957000,1.16,2016-09-30,17.67,682000,378633000.0,76357000,31520000,10056000,682000,682000,None,23108000,None,10710000,None,None,50769000,None,None,10467000,None,None,None,0.48,15291000,44672000,31520000,None,1031357000,None,None,None,None,None,None,None,2.0,1.888,5.19,None,None,None,None,None,-451000,None,0.357,None,25187000,2025-10-29,quarterly,1.23,USD,pre-market,None,105290000,0.0152,0.137,0.165,12.9,24358000,142794000,82025000,156950000,72.36,66.83,6.0345,1330438000,81549000,1143872000,1204641000,1248889000,60769000,99705000,125797000,14.56,None,83.09,59.97
2025-12-28,SYBT,4.58,378633000.0,14.56,None,0.692,35.32,3491000,None,34082000,34082000,66905000,-81137000,2196000,None,1498000,None,None,None,6931000,22231000,None,23333000,23333000,30490000,None,None,47467000,None,None,3257000,2630000,1.25,0.0186,4039000,4039000,None,0.23,0.07,31700000,34957000,1.16,2016-06-30,17.67,682000,378633000.0,76357000,31520000,10056000,682000,682000,None,23108000,None,10710000,None,None,50769000,None,None,10109000,None,None,None,0.48,16428000,44672000,31520000,None,1031357000,None,None,None,None,None,None,None,2.0,1.888,5.19,None,None,None,None,None,-63000,None,0.357,None,25187000,2025-10-29,quarterly,1.23,USD,pre-market,None,105290000,0.0152,0.137,0.165,12.9,24358000,142794000,82025000,156950000,72.36,66.83,6.0345,1330438000,81549000,1143872000,1204641000,1248889000,60769000,99705000,125797000,14.56,None,83.09,59.97
2025-12-28,SYBT,4.58,378633000.0,14.56,None,0.692,35.32,1169000,None,34082000,34082000,-11823000,-61616000,-55795000,None,3278000,None,None,None,6931000,22231000,None,23333000,23333000,30490000,None,None,47467000,None,None,3257000,2662000,1.25,0.0186,3729000,3729000,None,0.23,0.07,31700000,34957000,1.16,2016-03-31,17.67,682000,378633000.0,76357000,31520000,10056000,682000,682000,None,23108000,None,10710000,None,None,50769000,None,None,9835000,None,None,None,0.48,17644000,44672000,31520000,None,1031357000,None,None,None,None,None,None,None,2.0,1.888,5.19,None,None,None,None,None,-1020000,None,0.357,None,25187000,2025-10-29,quarterly,1.23,USD,pre-market,None,105290000,0.0152,0.137,0.165,12.9,24358000,142794000,82025000,156950000,72.36,66.83,6.0345,1330438000,81549000,1143872000,1204641000,1248889000,60769000,99705000,125797000,14.56,None,83.09,59.97
2025-12-28,SYBT,4.58,378633000.0,14.56,None,0.692,35.32,323000,None,34082000,34082000,185071000,-145299000,48639000,None,0,None,None,None,6931000,22231000,None,23333000,23333000,30490000,None,None,47467000,None,None,3257000,1814000,1.25,0.0186,3721000,3721000,None,0.23,0.07,31700000,34957000,1.16,2015-12-31,17.67,682000,378633000.0,76357000,31520000,10056000,682000,682000,None,23108000,None,10710000,None,None,50769000,None,None,9646000,None,None,None,0.48,8867000,44672000,31520000,None,1031357000,None,None,None,None,None,None,None,2.0,1.888,5.19,None,None,None,None,None,-8000,None,0.357,None,25187000,2025-10-29,quarterly,1.23,USD,pre-market,None,105290000,0.0152,0.137,0.165,12.9,24358000,142794000,82025000,156950000,72.36,66.83,6.0345,1330438000,81549000,1143872000,1204641000,1248889000,60769000,99705000,125797000,14.56,None,83.09,59.97
2025-12-28,SYBT,4.58,378633000.0,14.56,None,0.692,35.32,521000,None,34082000,34082000,123539000,-146516000,-3482000,None,0,None,None,None,6931000,22231000,None,23333000,23333000,30490000,None,None,47467000,None,None,3257000,1714000,1.25,0.0186,3559000,3559000,None,0.23,0.07,31700000,34957000,1.16,2015-09-30,17.67,682000,378633000.0,76357000,31520000,10056000,682000,682000,None,23108000,None,10710000,None,None,50769000,None,None,9284000,None,None,None,0.48,19495000,44672000,31520000,None,1031357000,None,None,None,None,None,None,None,2.0,1.888,5.19,None,None,None,None,None,-10000,None,0.357,None,25187000,2025-10-29,quarterly,1.23,USD,pre-market,None,105290000,0.0152,0.137,0.165,12.9,24358000,142794000,82025000,156950000,72.36,66.83,6.0345,1330438000,81549000,1143872000,1204641000,1248889000,60769000,99705000,125797000,14.56,None,83.09,59.97
2025-12-28,SYBT,4.58,378633000.0,14.56,None,0.692,35.32,887000,None,34082000,34082000,-35033000,28019000,1157000,None,0,None,None,None,6931000,22231000,None,23333000,23333000,30490000,None,None,47467000,None,None,3257000,1702000,1.25,0.0186,3551000,3551000,None,0.23,0.07,31700000,34957000,1.16,2015-06-30,17.67,682000,378633000.0,76357000,31520000,10056000,682000,682000,None,23108000,None,10710000,None,None,50769000,None,None,9002000,None,None,None,0.48,8171000,44672000,31520000,None,1031357000,None,None,None,None,None,None,None,2.0,1.888,5.19,None,None,None,None,None,-61000,None,0.357,None,25187000,2025-10-29,quarterly,1.23,USD,pre-market,None,105290000,0.0152,0.137,0.165,12.9,24358000,142794000,82025000,156950000,72.36,66.83,6.0345,1330438000,81549000,1143872000,1204641000,1248889000,60769000,99705000,125797000,14.56,None,83.09,59.97
2025-12-28,SYBT,4.58,378633000.0,14.56,None,0.692,35.32,1728000,None,34082000,34082000,-60032000,36672000,-16722000,None,0,None,None,None,6931000,22231000,None,23333000,23333000,30490000,None,None,47467000,None,None,3257000,1672000,1.25,0.0186,3393000,3393000,None,0.23,0.07,31700000,34957000,1.16,2015-03-31,17.67,682000,378633000.0,76357000,31520000,10056000,682000,682000,None,23108000,None,10710000,None,None,50769000,None,None,9255000,None,None,None,0.48,6638000,44672000,31520000,None,1031357000,None,None,None,None,None,None,None,2.0,1.888,5.19,None,None,None,None,None,-839000,None,0.357,None,25187000,2025-10-29,quarterly,1.23,USD,pre-market,None,105290000,0.0152,0.137,0.165,12.9,24358000,142794000,82025000,156950000,72.36,66.83,6.0345,1330438000,81549000,1143872000,1204641000,1248889000,60769000,99705000,125797000,14.56,None,83.09,59.97
2025-12-28,SYBT,4.58,378633000.0,14.56,None,0.692,35.32,1008000,None,34082000,34082000,147124000,-151189000,4674000,None,0,None,None,None,6931000,22231000,None,23333000,23333000,30490000,None,None,47467000,None,None,3257000,2644000,1.25,0.0186,3390000,3390000,None,0.23,0.07,31700000,34957000,1.16,2014-12-31,17.67,682000,378633000.0,76357000,31520000,10056000,682000,682000,None,23108000,None,10710000,None,None,50769000,None,None,8722000,None,None,None,0.48,8739000,44672000,31520000,None,1031357000,None,None,None,None,None,None,None,2.0,1.888,5.19,None,None,None,None,None,-52000,None,0.357,None,25187000,2025-10-29,quarterly,1.23,USD,pre-market,None,105290000,0.0152,0.137,0.165,12.9,24358000,142794000,82025000,156950000,72.36,66.83,6.0345,1330438000,81549000,1143872000,1204641000,1248889000,60769000,99705000,125797000,14.56,None,83.09,59.97
2025-12-28,SYBT,4.58,378633000.0,14.56,None,0.692,35.32,314000,None,34082000,34082000,-13296000,-22385000,-25694000,None,0,None,None,None,6931000,22231000,None,23333000,23333000,30490000,None,None,47467000,None,None,3257000,1543000,1.25,0.0186,3234000,3234000,None,0.23,0.07,31700000,34957000,1.16,2014-09-30,17.67,682000,378633000.0,76357000,31520000,10056000,682000,682000,None,23108000,None,10710000,None,None,50769000,None,None,9889000,None,None,None,0.48,8868000,44672000,31520000,None,1031357000,None,None,None,None,None,None,None,2.0,1.888,5.19,None,None,None,None,None,-9000,None,0.357,None,25187000,2025-10-29,quarterly,1.23,USD,pre-market,None,105290000,0.0152,0.137,0.165,12.9,24358000,142794000,82025000,156950000,72.36,66.83,6.0345,1330438000,81549000,1143872000,1204641000,1248889000,60769000,99705000,125797000,14.56,None,83.09,59.97
2025-12-28,SYBT,4.58,378633000.0,14.56,None,0.692,35.32,694000,None,34082000,34082000,43014000,-44711000,12307000,None,0,None,None,None,6931000,22231000,None,23333000,23333000,30490000,None,None,47467000,None,None,3257000,1538000,1.25,0.0186,3225000,3225000,None,0.23,0.07,31700000,34957000,1.16,2014-06-30,17.67,682000,378633000.0,76357000,31520000,10056000,682000,682000,None,23108000,None,10710000,None,None,50769000,None,None,8034000,None,None,None,0.48,14004000,44672000,31520000,None,1031357000,None,None,None,None,None,None,None,2.0,1.888,5.19,None,None,None,None,None,-36000,None,0.357,None,25187000,2025-10-29,quarterly,1.23,USD,pre-market,None,105290000,0.0152,0.137,0.165,12.9,24358000,142794000,82025000,156950000,72.36,66.83,6.0345,1330438000,81549000,1143872000,1204641000,1248889000,60769000,99705000,125797000,14.56,None,83.09,59.97
2025-12-28,SYBT,4.58,378633000.0,14.56,None,0.692,35.32,509000,None,34082000,34082000,-43299000,48327000,12184000,None,0,None,None,None,6931000,22231000,None,23333000,23333000,30490000,None,None,47467000,None,None,3257000,1688000,1.25,0.0186,3075000,3075000,None,0.23,0.07,31700000,34957000,1.16,2014-03-31,17.67,682000,378633000.0,76357000,31520000,10056000,682000,682000,None,23108000,None,10710000,None,None,50769000,None,None,8177000,None,None,None,0.48,7156000,44672000,31520000,None,1031357000,None,None,None,None,None,None,None,2.0,1.888,5.19,None,None,None,None,None,-519000,None,0.357,None,25187000,2025-10-29,quarterly,1.23,USD,pre-market,None,105290000,0.0152,0.137,0.165,12.9,24358000,142794000,82025000,156950000,72.36,66.83,6.0345,1330438000,81549000,1143872000,1204641000,1248889000,60769000,99705000,125797000,14.56,None,83.09,59.97
2025-12-28,SYBT,4.58,378633000.0,14.56,None,0.692,35.32,558000,None,34082000,34082000,97564000,-107170000,250000,None,14947000,None,None,None,6931000,22231000,None,23333000,23333000,30490000,None,None,47467000,None,None,3257000,3029000,1.25,0.0186,3068000,3068000,None,0.23,0.07,31700000,34957000,1.16,2013-12-31,17.67,682000,378633000.0,76357000,31520000,10056000,682000,682000,None,23108000,None,10710000,None,None,50769000,None,None,6313000,None,None,None,0.48,9856000,44672000,31520000,None,1031357000,None,None,None,None,None,None,None,2.0,1.888,5.19,None,None,None,None,None,-16000,None,0.357,None,25187000,2025-10-29,quarterly,1.23,USD,pre-market,None,105290000,0.0152,0.137,0.165,12.9,24358000,142794000,82025000,156950000,72.36,66.83,6.0345,1330438000,81549000,1143872000,1204641000,1248889000,60769000,99705000,125797000,14.56,None,83.09,59.97
2025-12-28,SYBT,4.58,378633000.0,14.56,None,0.692,35.32,1021000,None,34082000,34082000,18850000,-45695000,-7137000,None,12551000,None,None,None,6931000,22231000,None,23333000,23333000,30490000,None,None,47467000,None,None,3257000,1792000,1.25,0.0186,2908000,2908000,None,0.23,0.07,31700000,34957000,1.16,2013-09-30,17.67,682000,378633000.0,76357000,31520000,10056000,682000,682000,None,23108000,None,10710000,None,None,50769000,None,None,7682000,None,None,None,0.48,19708000,44672000,31520000,None,1031357000,None,None,None,None,None,None,None,2.0,1.888,5.19,None,None,None,None,None,-15000,None,0.357,None,25187000,2025-10-29,quarterly,1.23,USD,pre-market,None,105290000,0.0152,0.137,0.165,12.9,24358000,142794000,82025000,156950000,72.36,66.83,6.0345,1330438000,81549000,1143872000,1204641000,1248889000,60769000,99705000,125797000,14.56,None,83.09,59.97
2025-12-28,SYBT,4.58,378633000.0,14.56,None,0.692,35.32,436000,None,34082000,34082000,-93000,11774000,18197000,None,8641000,None,None,None,6931000,22231000,None,23333000,23333000,30490000,None,None,47467000,None,None,3257000,1683000,1.25,0.0186,2902000,2902000,None,0.23,0.07,31700000,34957000,1.16,2013-06-30,17.67,682000,378633000.0,76357000,31520000,10056000,682000,682000,None,23108000,None,10710000,None,None,50769000,None,None,6407000,None,None,None,0.48,6516000,44672000,31520000,None,1031357000,None,None,None,None,None,None,None,2.0,1.888,5.19,None,None,None,None,None,-14000,None,0.357,None,25187000,2025-10-29,quarterly,1.23,USD,pre-market,None,105290000,0.0152,0.137,0.165,12.9,24358000,142794000,82025000,156950000,72.36,66.83,6.0345,1330438000,81549000,1143872000,1204641000,1248889000,60769000,99705000,125797000,14.56,None,83.09,59.97
2025-12-28,SYBT,4.58,378633000.0,14.56,None,0.692,35.32,350000,None,34082000,34082000,-35715000,5223000,-8243000,None,10338000,None,None,None,6931000,22231000,None,23333000,23333000,30490000,None,None,47467000,None,None,3257000,1465000,1.25,0.0186,2792000,2792000,None,0.23,0.07,31700000,34957000,1.16,2013-03-31,17.67,682000,378633000.0,76357000,31520000,10056000,682000,682000,None,23108000,None,10710000,None,None,50769000,None,None,6768000,None,None,None,0.48,22249000,44672000,31520000,None,1031357000,None,None,None,None,None,None,None,2.0,1.888,5.19,None,None,None,None,None,-286000,None,0.357,None,25187000,2025-10-29,quarterly,1.23,USD,pre-market,None,105290000,0.0152,0.137,0.165,12.9,24358000,142794000,82025000,156950000,72.36,66.83,6.0345,1330438000,81549000,1143872000,1204641000,1248889000,60769000,99705000,125797000,14.56,None,83.09,59.97
2025-12-28,SYBT,4.58,378633000.0,14.56,None,0.692,35.32,70000,None,34082000,34082000,63775000,-36014000,15320000,None,0,None,None,None,6931000,22231000,None,23333000,23333000,30490000,None,None,47467000,None,None,3257000,1279000,1.25,0.0186,2782000,2782000,None,0.23,0.07,31700000,34957000,1.16,2012-12-31,17.67,682000,378633000.0,76357000,31520000,10056000,682000,682000,None,23108000,None,10710000,None,None,50769000,None,None,6514000,None,None,None,0.48,-12441000,44672000,31520000,None,1031357000,None,None,None,None,None,None,None,2.0,1.888,5.19,None,None,None,None,None,-1000,None,0.357,None,25187000,2025-10-29,quarterly,1.23,USD,pre-market,None,105290000,0.0152,0.137,0.165,12.9,24358000,142794000,82025000,156950000,72.36,66.83,6.0345,1330438000,81549000,1143872000,1204641000,1248889000,60769000,99705000,125797000,14.56,None,83.09,59.97
2025-12-28,SYBT,4.58,378633000.0,14.56,None,0.692,35.32,311000,None,34082000,34082000,8549000,-32794000,-17939000,None,0,None,None,None,6931000,22231000,None,23333000,23333000,30490000,None,None,47467000,None,None,3257000,1842000,1.25,0.0186,2638000,2638000,None,0.23,0.07,31700000,34957000,1.16,2012-09-30,17.67,682000,378633000.0,76357000,31520000,10056000,682000,682000,None,23108000,None,10710000,None,None,50769000,None,None,6682000,None,None,None,0.48,6306000,44672000,31520000,None,1031357000,None,None,None,None,None,None,None,2.0,1.888,5.19,None,None,None,None,None,-2000,None,0.357,None,25187000,2025-10-29,quarterly,1.23,USD,pre-market,None,105290000,0.0152,0.137,0.165,12.9,24358000,142794000,82025000,156950000,72.36,66.83,6.0345,1330438000,81549000,1143872000,1204641000,1248889000,60769000,99705000,125797000,14.56,None,83.09,59.97
2025-12-28,SYBT,4.58,378633000.0,14.56,None,0.692,35.32,815000,None,34082000,34082000,41791000,-31812000,16371000,None,0,None,None,None,6931000,22231000,None,23333000,23333000,30490000,None,None,47467000,None,None,3257000,1232000,1.25,0.0186,2636000,2636000,None,0.23,0.07,31700000,34957000,1.16,2012-06-30,17.67,682000,378633000.0,76357000,31520000,10056000,682000,682000,None,23108000,None,10710000,None,None,50769000,None,None,6103000,None,None,None,0.48,6392000,44672000,31520000,None,1031357000,None,None,None,None,None,None,None,2.0,1.888,5.19,None,None,None,None,None,-13000,None,0.357,None,25187000,2025-10-29,quarterly,1.23,USD,pre-market,None,105290000,0.0152,0.137,0.165,12.9,24358000,142794000,82025000,156950000,72.36,66.83,6.0345,1330438000,81549000,1143872000,1204641000,1248889000,60769000,99705000,125797000,14.56,None,83.09,59.97
2025-12-28,SYBT,4.58,378633000.0,14.56,None,0.692,35.32,2105000,None,34082000,34082000,-26264000,10756000,-969000,None,0,None,None,None,6931000,22231000,None,23333000,23333000,30490000,None,None,47467000,None,None,3257000,1185000,1.25,0.0186,2635000,2635000,None,0.23,0.07,31700000,34957000,1.16,2012-03-31,17.67,682000,378633000.0,76357000,31520000,10056000,682000,682000,None,23108000,None,10710000,None,None,50769000,None,None,6502000,None,None,None,0.48,14539000,44672000,31520000,None,1031357000,None,None,None,None,None,None,None,2.0,1.888,5.19,None,None,None,None,None,-189000,None,0.357,None,25187000,2025-10-29,quarterly,1.23,USD,pre-market,None,105290000,0.0152,0.137,0.165,12.9,24358000,142794000,82025000,156950000,72.36,66.83,6.0345,1330438000,81549000,1143872000,1204641000,1248889000,60769000,99705000,125797000,14.56,None,83.09,59.97
2025-12-28,SYBT,4.58,378633000.0,14.56,None,0.692,35.32,1969000,None,34082000,34082000,57760000,-76889000,None,None,10128000,None,None,None,6931000,22231000,None,23333000,23333000,30490000,None,None,47467000,None,None,3257000,1076000,1.25,0.0186,2489000,2489000,None,0.23,0.07,31700000,34957000,1.16,2011-12-31,17.67,682000,378633000.0,76357000,31520000,10056000,682000,682000,None,23108000,None,10710000,None,None,50769000,None,None,6342000,None,None,None,0.48,18716000,44672000,31520000,None,1031357000,None,None,None,None,None,None,None,2.0,1.888,5.19,None,None,None,None,None,59250000,None,0.357,None,25187000,2025-10-29,quarterly,1.23,USD,pre-market,None,105290000,0.0152,0.137,0.165,12.9,24358000,142794000,82025000,156950000,72.36,66.83,6.0345,1330438000,81549000,1143872000,1204641000,1248889000,60769000,99705000,125797000,14.56,None,83.09,59.97
2025-12-28,SYBT,4.58,378633000.0,14.56,None,0.692,35.32,1530000,None,34082000,34082000,37272000,-33146000,None,None,2772000,None,None,None,6931000,22231000,None,23333000,23333000,30490000,None,None,47467000,None,None,3257000,1026000,1.25,0.0186,2485000,2485000,None,0.23,0.07,31700000,34957000,1.16,2011-09-30,17.67,682000,378633000.0,76357000,31520000,10056000,682000,682000,None,23108000,None,10710000,None,None,50769000,None,None,5774000,None,None,None,0.48,7009000,44672000,31520000,None,1031357000,None,None,None,None,None,None,None,2.0,1.888,5.19,None,None,None,None,None,39635000,None,0.357,None,25187000,2025-10-29,quarterly,1.23,USD,pre-market,None,105290000,0.0152,0.137,0.165,12.9,24358000,142794000,82025000,156950000,72.36,66.83,6.0345,1330438000,81549000,1143872000,1204641000,1248889000,60769000,99705000,125797000,14.56,None,83.09,59.97
2025-12-28,SYBT,4.58,378633000.0,14.56,None,0.692,35.32,2571000,None,34082000,34082000,19318000,-20537000,None,None,8771000,None,None,None,6931000,22231000,None,23333000,23333000,30490000,None,None,47467000,None,None,3257000,1451000,1.25,0.0186,2482000,2482000,None,0.23,0.07,31700000,34957000,1.16,2011-06-30,17.67,682000,378633000.0,76357000,31520000,10056000,682000,682000,None,23108000,None,10710000,None,None,50769000,None,None,5997000,None,None,None,0.48,5897000,44672000,31520000,None,1031357000,None,None,None,None,None,None,None,2.0,1.888,5.19,None,None,None,None,None,-2000,None,0.357,None,25187000,2025-10-29,quarterly,1.23,USD,pre-market,None,105290000,0.0152,0.137,0.165,12.9,24358000,142794000,82025000,156950000,72.36,66.83,6.0345,1330438000,81549000,1143872000,1204641000,1248889000,60769000,99705000,125797000,14.56,None,83.09,59.97
2025-12-28,SYBT,4.58,378633000.0,14.56,None,0.692,35.32,2179000,None,34082000,34082000,16433000,-31375000,None,None,10501000,None,None,None,6931000,22231000,None,23333000,23333000,30490000,None,None,47467000,None,None,3257000,466000,1.25,0.0186,2474000,2474000,None,0.23,0.07,31700000,34957000,1.16,2011-03-31,17.67,682000,378633000.0,76357000,31520000,10056000,682000,682000,None,23108000,None,10710000,None,None,50769000,None,None,5491000,None,None,None,0.48,12807000,44672000,31520000,None,1031357000,None,None,None,None,None,None,None,2.0,1.888,5.19,None,None,None,None,None,-165000,None,0.357,None,25187000,2025-10-29,quarterly,1.23,USD,pre-market,None,105290000,0.0152,0.137,0.165,12.9,24358000,142794000,82025000,156950000,72.36,66.83,6.0345,1330438000,81549000,1143872000,1204641000,1248889000,60769000,99705000,125797000,14.56,None,83.09,59.97
2025-12-28,SYBT,4.58,378633000.0,14.56,None,0.692,35.32,1533000,None,34082000,34082000,6968000,-14215000,None,None,3183000,None,None,None,6931000,22231000,None,23333000,23333000,30490000,None,None,47467000,None,None,3257000,891000,1.25,0.0186,4801000,4801000,None,0.23,0.07,31700000,34957000,1.16,2010-12-31,17.67,682000,378633000.0,76357000,31520000,10056000,682000,682000,None,23108000,None,10710000,None,None,50769000,None,None,6051000,None,None,None,0.48,17580000,44672000,31520000,None,1031357000,None,None,None,None,None,None,None,2.0,1.888,5.19,None,None,None,None,None,-315000,None,0.357,None,25187000,2025-10-29,quarterly,1.23,USD,pre-market,None,105290000,0.0152,0.137,0.165,12.9,24358000,142794000,82025000,156950000,72.36,66.83,6.0345,1330438000,81549000,1143872000,1204641000,1248889000,60769000,99705000,125797000,14.56,None,83.09,59.97
2025-12-28,SYBT,4.58,378633000.0,14.56,None,0.692,35.32,3287000,None,34082000,34082000,8480000,-45519000,None,None,4762000,None,None,None,6931000,22231000,None,23333000,23333000,30490000,None,None,47467000,None,None,3257000,730000,1.25,0.0186,2315000,2315000,None,0.23,0.07,31700000,34957000,1.16,2010-09-30,17.67,682000,378633000.0,76357000,31520000,10056000,682000,682000,None,23108000,None,10710000,None,None,50769000,None,None,6365000,None,None,None,0.48,-6459000,44672000,31520000,None,1031357000,None,None,None,None,None,None,None,2.0,1.888,5.19,None,None,None,None,None,-2000,None,0.357,None,25187000,2025-10-29,quarterly,1.23,USD,pre-market,None,105290000,0.0152,0.137,0.165,12.9,24358000,142794000,82025000,156950000,72.36,66.83,6.0345,1330438000,81549000,1143872000,1204641000,1248889000,60769000,99705000,125797000,14.56,None,83.09,59.97
2025-12-28,SYBT,4.58,378633000.0,14.56,None,0.692,35.32,971000,None,34082000,34082000,46065000,-39763000,None,None,7316000,None,None,None,6931000,22231000,None,23333000,23333000,30490000,None,None,47467000,None,None,3257000,853000,1.25,0.0186,2332000,2332000,None,0.23,0.07,31700000,34957000,1.16,2010-06-30,17.67,682000,378633000.0,76357000,31520000,10056000,682000,682000,None,23108000,None,10710000,None,None,50769000,None,None,5556000,None,None,None,0.48,-3539000,44672000,31520000,None,1031357000,None,None,None,None,None,None,None,2.0,1.888,5.19,None,None,None,None,None,1000,None,0.357,None,25187000,2025-10-29,quarterly,1.23,USD,pre-market,None,105290000,0.0152,0.137,0.165,12.9,24358000,142794000,82025000,156950000,72.36,66.83,6.0345,1330438000,81549000,1143872000,1204641000,1248889000,60769000,99705000,125797000,14.56,None,83.09,59.97
2025-12-28,SYBT,4.58,378633000.0,14.56,None,0.692,35.32,382000,None,34082000,34082000,16340000,-5769000,None,None,10091000,None,None,None,6931000,22231000,None,23333000,23333000,30490000,None,None,47467000,None,None,3257000,800000,1.25,0.0186,2317000,2317000,None,0.23,0.07,31700000,34957000,1.16,2010-03-31,17.67,682000,378633000.0,76357000,31520000,10056000,682000,682000,None,23108000,None,10710000,None,None,50769000,None,None,4981000,None,None,None,0.48,29062000,44672000,31520000,None,1031357000,None,None,None,None,None,None,None,2.0,1.888,5.19,None,None,None,None,None,-80000,None,0.357,None,25187000,2025-10-29,quarterly,1.23,USD,pre-market,None,105290000,0.0152,0.137,0.165,12.9,24358000,142794000,82025000,156950000,72.36,66.83,6.0345,1330438000,81549000,1143872000,1204641000,1248889000,60769000,99705000,125797000,14.56,None,83.09,59.97
2025-12-28,SYBT,4.58,378633000.0,14.56,None,0.692,35.32,244000,None,34082000,34082000,14739000,-14411000,None,None,None,None,None,None,6931000,22231000,None,23333000,23333000,30490000,None,None,47467000,None,None,3257000,755000,1.25,0.0186,2311000,2311000,None,0.23,0.07,31700000,34957000,1.16,2009-12-31,17.67,682000,378633000.0,76357000,31520000,10056000,682000,682000,None,23108000,None,10710000,None,None,50769000,None,None,2884000,None,None,None,0.48,-4279000,44672000,31520000,None,1031357000,None,None,None,None,None,None,None,2.0,1.888,5.19,None,None,None,None,None,-93000,None,0.357,None,25187000,2025-10-29,quarterly,1.23,USD,pre-market,None,105290000,0.0152,0.137,0.165,12.9,24358000,142794000,82025000,156950000,72.36,66.83,6.0345,1330438000,81549000,1143872000,1204641000,1248889000,60769000,99705000,125797000,14.56,None,83.09,59.97
2025-12-28,SYBT,4.58,378633000.0,14.56,None,0.692,35.32,1640000,None,34082000,34082000,11202000,-23892000,None,None,None,None,None,None,6931000,22231000,None,23333000,23333000,30490000,None,None,47467000,None,None,3257000,790000,1.25,0.0186,2311000,2311000,None,0.23,0.07,31700000,34957000,1.16,2009-09-30,17.67,682000,378633000.0,76357000,31520000,10056000,682000,682000,None,23108000,None,10710000,None,None,50769000,None,None,4399000,None,None,None,0.48,15306000,44672000,31520000,None,1031357000,None,None,None,None,None,None,None,2.0,1.888,5.19,None,None,None,None,None,-4000,None,0.357,None,25187000,2025-10-29,quarterly,1.23,USD,pre-market,None,105290000,0.0152,0.137,0.165,12.9,24358000,142794000,82025000,156950000,72.36,66.83,6.0345,1330438000,81549000,1143872000,1204641000,1248889000,60769000,99705000,125797000,14.56,None,83.09,59.97
2025-12-28,SYBT,4.58,378633000.0,14.56,None,0.692,35.32,538000,None,34082000,34082000,112602000,-103516000,None,None,None,None,None,None,6931000,22231000,None,23333000,23333000,30490000,None,None,47467000,None,None,3257000,626000,1.25,0.0186,2299000,2299000,None,0.23,0.07,31700000,34957000,1.16,2009-06-30,17.67,682000,378633000.0,76357000,31520000,10056000,682000,682000,None,23108000,None,10710000,None,None,50769000,None,None,4288000,None,None,None,0.48,-4222000,44672000,31520000,None,1031357000,None,None,None,None,None,None,None,2.0,1.888,5.19,None,None,None,None,None,-257000,None,0.357,None,25187000,2025-10-29,quarterly,1.23,USD,pre-market,None,105290000,0.0152,0.137,0.165,12.9,24358000,142794000,82025000,156950000,72.36,66.83,6.0345,1330438000,81549000,1143872000,1204641000,1248889000,60769000,99705000,125797000,14.56,None,83.09,59.97
2025-12-28,SYBT,4.58,378633000.0,14.56,None,0.692,35.32,185000,None,34082000,34082000,-3374000,-926000,None,None,None,None,None,None,6931000,22231000,None,23333000,23333000,30490000,None,None,47467000,None,None,3257000,383000,1.25,0.0186,2290000,2290000,None,0.23,0.07,31700000,34957000,1.16,2009-03-31,17.67,682000,378633000.0,76357000,31520000,10056000,682000,682000,None,23108000,None,10710000,None,None,50769000,None,None,4737000,None,None,None,0.48,6337000,44672000,31520000,None,1031357000,None,None,None,None,None,None,None,2.0,1.888,5.19,None,None,None,None,None,-39000,None,0.357,None,25187000,2025-10-29,quarterly,1.23,USD,pre-market,None,105290000,0.0152,0.137,0.165,12.9,24358000,142794000,82025000,156950000,72.36,66.83,6.0345,1330438000,81549000,1143872000,1204641000,1248889000,60769000,99705000,125797000,14.56,None,83.09,59.97
2025-12-28,SYBT,4.58,378633000.0,14.56,None,0.692,35.32,320000,None,34082000,34082000,-33977000,1742000,None,None,3074000,None,None,None,6931000,22231000,None,23333000,23333000,30490000,None,None,47467000,None,None,3257000,648000,1.25,0.0186,2376000,2376000,None,0.23,0.07,31700000,34957000,1.16,2008-12-31,17.67,682000,378633000.0,76357000,31520000,10056000,682000,682000,None,23108000,None,10710000,None,None,50769000,None,None,5066000,None,None,None,0.48,2232000,44672000,31520000,None,1031357000,None,None,None,None,None,None,None,2.0,1.888,5.19,None,None,None,None,None,-5384000,None,0.357,None,25187000,2025-10-29,quarterly,1.23,USD,pre-market,None,105290000,0.0152,0.137,0.165,12.9,24358000,142794000,82025000,156950000,72.36,66.83,6.0345,1330438000,81549000,1143872000,1204641000,1248889000,60769000,99705000,125797000,14.56,None,83.09,59.97
2025-12-28,SYBT,4.58,378633000.0,14.56,None,0.692,35.32,1822000,None,34082000,34082000,54572000,-89354000,None,None,3554000,None,None,None,6931000,22231000,None,23333000,23333000,30490000,None,None,47467000,None,None,3257000,636000,1.25,0.0186,2191000,2191000,None,0.23,0.07,31700000,34957000,1.16,2008-09-30,17.67,682000,378633000.0,76357000,31520000,10056000,682000,682000,None,23108000,None,10710000,None,None,50769000,None,None,5443000,None,None,None,0.48,8628000,44672000,31520000,None,1031357000,None,None,None,None,None,None,None,2.0,1.888,5.19,None,None,None,None,None,None,None,0.357,None,25187000,2025-10-29,quarterly,1.23,USD,pre-market,None,105290000,0.0152,0.137,0.165,12.9,24358000,142794000,82025000,156950000,72.36,66.83,6.0345,1330438000,81549000,1143872000,1204641000,1248889000,60769000,99705000,125797000,14.56,None,83.09,59.97
2025-12-28,SYBT,4.58,378633000.0,14.56,None,0.692,35.32,82000,None,34082000,34082000,69032000,-34688000,None,None,None,None,None,None,6931000,22231000,None,23333000,23333000,30490000,None,None,47467000,None,None,3257000,648000,1.25,0.0186,2286000,2286000,None,0.23,0.07,31700000,34957000,1.16,2008-06-30,17.67,682000,378633000.0,76357000,31520000,10056000,682000,682000,None,23108000,None,10710000,None,None,50769000,None,None,6129000,None,None,None,0.48,12737000,44672000,31520000,None,1031357000,None,None,None,None,None,None,None,2.0,1.888,5.19,None,None,None,None,None,None,None,0.357,None,25187000,2025-10-29,quarterly,1.23,USD,pre-market,None,105290000,0.0152,0.137,0.165,12.9,24358000,142794000,82025000,156950000,72.36,66.83,6.0345,1330438000,81549000,1143872000,1204641000,1248889000,60769000,99705000,125797000,14.56,None,83.09,59.97
2025-12-28,SYBT,4.58,378633000.0,14.56,None,0.692,35.32,1200000,None,34082000,34082000,29350000,-36300000,None,None,None,None,None,None,6931000,22231000,None,23333000,23333000,30490000,None,None,47467000,None,None,3257000,600000,1.25,0.0186,2200000,2200000,None,0.23,0.07,31700000,34957000,1.16,2008-03-31,17.67,682000,378633000.0,76357000,31520000,10056000,682000,682000,None,23108000,None,10710000,None,None,50769000,None,None,5038000,None,None,None,0.48,3810000,44672000,31520000,None,1031357000,None,None,None,None,None,None,None,2.0,1.888,5.19,None,None,None,None,None,None,None,0.357,None,25187000,2025-10-29,quarterly,1.23,USD,pre-market,None,105290000,0.0152,0.137,0.165,12.9,24358000,142794000,82025000,156950000,72.36,66.83,6.0345,1330438000,81549000,1143872000,1204641000,1248889000,60769000,99705000,125797000,14.56,None,83.09,59.97
2025-12-28,SYBT,4.58,378633000.0,14.56,None,0.692,35.32,2718000,None,34082000,34082000,72065000,-71452000,None,None,428000,None,None,None,6931000,22231000,None,23333000,23333000,30490000,None,None,47467000,None,None,3257000,566000,1.25,0.0186,2262000,2262000,None,0.23,0.07,31700000,34957000,1.16,2007-12-31,17.67,682000,378633000.0,76357000,31520000,10056000,682000,682000,None,23108000,None,10710000,None,None,50769000,None,None,6164000,None,None,None,0.48,4838000,44672000,31520000,None,1031357000,None,None,None,None,None,None,None,2.0,1.888,5.19,None,None,None,None,None,-22369000,None,0.357,None,25187000,2025-10-29,quarterly,1.23,USD,pre-market,None,105290000,0.0152,0.137,0.165,12.9,24358000,142794000,82025000,156950000,72.36,66.83,6.0345,1330438000,81549000,1143872000,1204641000,1248889000,60769000,99705000,125797000,14.56,None,83.09,59.97
2025-12-28,SYBT,4.58,378633000.0,14.56,None,0.692,35.32,2169000,None,34082000,34082000,-22844000,-9086000,None,None,1813000,None,None,None,6931000,22231000,None,23333000,23333000,30490000,None,None,47467000,None,None,3257000,585000,1.25,0.0186,2287000,2287000,None,0.23,0.07,31700000,34957000,1.16,2007-09-30,17.67,682000,378633000.0,76357000,31520000,10056000,682000,682000,None,23108000,None,10710000,None,None,50769000,None,None,5887000,None,None,None,0.48,12253000,44672000,31520000,None,1031357000,None,None,None,None,None,None,None,2.0,1.888,5.19,None,None,None,None,None,None,None,0.357,None,25187000,2025-10-29,quarterly,1.23,USD,pre-market,None,105290000,0.0152,0.137,0.165,12.9,24358000,142794000,82025000,156950000,72.36,66.83,6.0345,1330438000,81549000,1143872000,1204641000,1248889000,60769000,99705000,125797000,14.56,None,83.09,59.97
2025-12-28,SYBT,4.58,378633000.0,14.56,None,0.692,35.32,560000,None,34082000,34082000,4644000,-14455000,None,None,None,None,None,None,6931000,22231000,None,23333000,23333000,30490000,None,None,47467000,None,None,3257000,636000,1.25,0.0186,2156000,2156000,None,0.23,0.07,31700000,34957000,1.16,2007-06-30,17.67,682000,378633000.0,76357000,31520000,10056000,682000,682000,None,23108000,None,10710000,None,None,50769000,None,None,6297000,None,None,None,0.48,-508000,44672000,31520000,None,1031357000,None,None,None,None,None,None,None,2.0,1.888,5.19,None,None,None,None,None,None,None,0.357,None,25187000,2025-10-29,quarterly,1.23,USD,pre-market,None,105290000,0.0152,0.137,0.165,12.9,24358000,142794000,82025000,156950000,72.36,66.83,6.0345,1330438000,81549000,1143872000,1204641000,1248889000,60769000,99705000,125797000,14.56,None,83.09,59.97
2025-12-28,SYBT,4.58,378633000.0,14.56,None,0.692,35.32,560000,None,34082000,34082000,-16106000,19558000,None,None,None,None,None,None,6931000,22231000,None,23333000,23333000,30490000,None,None,47467000,None,None,3257000,709000,1.25,0.0186,2165000,2165000,None,0.23,0.07,31700000,34957000,1.16,2007-03-31,17.67,682000,378633000.0,76357000,31520000,10056000,682000,682000,None,23108000,None,10710000,None,None,50769000,None,None,5704000,None,None,None,0.48,744000,44672000,31520000,None,1031357000,None,None,None,None,None,None,None,2.0,1.888,5.19,None,None,None,None,None,None,None,0.357,None,25187000,2025-10-29,quarterly,1.23,USD,pre-market,None,105290000,0.0152,0.137,0.165,12.9,24358000,142794000,82025000,156950000,72.36,66.83,6.0345,1330438000,81549000,1143872000,1204641000,1248889000,60769000,99705000,125797000,14.56,None,83.09,59.97
2025-12-28,SYBT,4.58,378633000.0,14.56,None,0.692,35.32,598000,None,34082000,34082000,54657000,-48160000,None,None,4679000,None,None,None,6931000,22231000,None,23333000,23333000,30490000,None,None,47467000,None,None,3257000,717000,1.25,0.0186,2167000,2167000,None,0.23,0.07,31700000,34957000,1.16,2006-12-31,17.67,682000,378633000.0,76357000,31520000,10056000,682000,682000,None,23108000,None,10710000,None,None,50769000,None,None,6287000,None,None,None,0.48,15833000,44672000,31520000,None,1031357000,None,None,None,None,None,None,None,2.0,1.888,5.19,None,None,None,None,None,-5271000,None,0.357,None,25187000,2025-10-29,quarterly,1.23,USD,pre-market,None,105290000,0.0152,0.137,0.165,12.9,24358000,142794000,82025000,156950000,72.36,66.83,6.0345,1330438000,81549000,1143872000,1204641000,1248889000,60769000,99705000,125797000,14.56,None,83.09,59.97
2025-12-28,SYBT,4.58,378633000.0,14.56,None,0.692,35.32,699000,None,34082000,34082000,3416000,-31540000,None,None,4321000,None,None,None,6931000,22231000,None,23333000,23333000,30490000,None,None,47467000,None,None,3257000,1627000,1.25,0.0186,2024000,2024000,None,0.23,0.07,31700000,34957000,1.16,2006-09-30,17.67,682000,378633000.0,76357000,31520000,10056000,682000,682000,None,23108000,None,10710000,None,None,50769000,None,None,5421000,None,None,None,0.48,11909000,44672000,31520000,None,1031357000,None,None,None,None,None,None,None,2.0,1.888,5.19,None,None,None,None,None,None,None,0.357,None,25187000,2025-10-29,quarterly,1.23,USD,pre-market,None,105290000,0.0152,0.137,0.165,12.9,24358000,142794000,82025000,156950000,72.36,66.83,6.0345,1330438000,81549000,1143872000,1204641000,1248889000,60769000,99705000,125797000,14.56,None,83.09,59.97
2025-12-28,SYBT,4.58,378633000.0,14.56,None,0.692,35.32,1298000,None,34082000,34082000,-22203000,13323000,None,None,3570000,None,None,None,6931000,22231000,None,23333000,23333000,30490000,None,None,47467000,None,None,3257000,741000,1.25,0.0186,1952000,1952000,None,0.23,0.07,31700000,34957000,1.16,2006-06-30,17.67,682000,378633000.0,76357000,31520000,10056000,682000,682000,None,23108000,None,10710000,None,None,50769000,None,None,5868000,None,None,None,0.48,3939000,44672000,31520000,None,1031357000,None,None,None,None,None,None,None,2.0,1.888,5.19,None,None,None,None,None,None,None,0.357,None,25187000,2025-10-29,quarterly,1.23,USD,pre-market,None,105290000,0.0152,0.137,0.165,12.9,24358000,142794000,82025000,156950000,72.36,66.83,6.0345,1330438000,81549000,1143872000,1204641000,1248889000,60769000,99705000,125797000,14.56,None,83.09,59.97
2025-12-28,SYBT,4.58,378633000.0,14.56,None,0.692,35.32,16000,None,34082000,34082000,26794000,-17299000,None,None,3554000,None,None,None,6931000,22231000,None,23333000,23333000,30490000,None,None,47467000,None,None,3257000,793000,1.25,0.0186,1802000,1802000,None,0.23,0.07,31700000,34957000,1.16,2006-03-31,17.67,682000,378633000.0,76357000,31520000,10056000,682000,682000,None,23108000,None,10710000,None,None,50769000,None,None,5320000,None,None,None,0.48,4970000,44672000,31520000,None,1031357000,None,None,None,None,None,None,None,2.0,1.888,5.19,None,None,None,None,None,-834000,None,0.357,None,25187000,2025-10-29,quarterly,1.23,USD,pre-market,None,105290000,0.0152,0.137,0.165,12.9,24358000,142794000,82025000,156950000,72.36,66.83,6.0345,1330438000,81549000,1143872000,1204641000,1248889000,60769000,99705000,125797000,14.56,None,83.09,59.97
2025-12-28,SYBT,4.58,378633000.0,14.56,None,0.692,35.32,466000,None,34082000,34082000,48551000,-51520000,None,None,None,None,None,None,6931000,22231000,None,23333000,23333000,30490000,None,None,47467000,None,None,3257000,798000,1.25,0.0186,1665000,1665000,None,0.23,0.07,31700000,34957000,1.16,2005-12-31,17.67,682000,378633000.0,76357000,31520000,10056000,682000,682000,None,23108000,None,10710000,None,None,50769000,None,None,5524000,None,None,None,0.48,7259000,44672000,31520000,None,1031357000,None,None,None,None,None,None,None,2.0,1.888,5.19,None,None,None,None,None,-5496000,None,0.357,None,25187000,2025-10-29,quarterly,1.23,USD,pre-market,None,105290000,0.0152,0.137,0.165,12.9,24358000,142794000,82025000,156950000,72.36,66.83,6.0345,1330438000,81549000,1143872000,1204641000,1248889000,60769000,99705000,125797000,14.56,None,83.09,59.97
2025-12-28,SYBT,4.58,378633000.0,14.56,None,0.692,35.32,244000,None,34082000,34082000,407000,-6788000,None,None,None,None,None,None,6931000,22231000,None,23333000,23333000,30490000,None,None,47467000,None,None,3257000,813000,1.25,0.0186,1537000,1537000,None,0.23,0.07,31700000,34957000,1.16,2005-09-30,17.67,682000,378633000.0,76357000,31520000,10056000,682000,682000,None,23108000,None,10710000,None,None,50769000,None,None,5851000,None,None,None,0.48,8681000,44672000,31520000,None,1031357000,None,None,None,None,None,None,None,2.0,1.888,5.19,None,None,None,None,None,None,None,0.357,None,25187000,2025-10-29,quarterly,1.23,USD,pre-market,None,105290000,0.0152,0.137,0.165,12.9,24358000,142794000,82025000,156950000,72.36,66.83,6.0345,1330438000,81549000,1143872000,1204641000,1248889000,60769000,99705000,125797000,14.56,None,83.09,59.97
2025-12-28,SYBT,4.58,378633000.0,14.56,None,0.692,35.32,9848000,None,34082000,34082000,559250000,-677057000,None,None,None,None,None,None,6931000,22231000,None,23333000,23333000,30490000,None,None,47467000,None,None,3257000,13354000,1.25,0.0186,35835000,35835000,None,0.23,0.07,31700000,34957000,1.16,2024-12-31,17.67,682000,378633000.0,76357000,31520000,10056000,682000,682000,None,23108000,None,10710000,None,None,50769000,None,None,114539000,None,None,None,0.48,142868000,44672000,31520000,None,1031357000,None,None,None,None,None,None,None,2.0,1.888,5.19,None,None,None,None,None,-4217000,None,0.357,None,25187000,2025-10-29,annual,1.23,USD,pre-market,None,105290000,0.0152,0.137,0.165,12.9,24358000,142794000,82025000,156950000,72.36,66.83,6.0345,1330438000,81549000,1143872000,1204641000,1248889000,60769000,99705000,125797000,14.56,None,83.09,59.97
2025-12-28,SYBT,4.58,378633000.0,14.56,None,0.692,35.32,7731000,None,34082000,34082000,415938000,-424049000,None,None,30638000,None,None,None,6931000,22231000,None,23333000,23333000,30490000,None,None,47467000,None,None,3257000,21939000,1.25,0.0186,34575000,34575000,None,0.23,0.07,31700000,34957000,1.16,2023-12-31,17.67,682000,378633000.0,76357000,31520000,10056000,682000,682000,None,23108000,None,10710000,None,None,50769000,None,None,107748000,None,None,None,0.48,106703000,44672000,31520000,None,1031357000,None,None,None,None,None,None,None,2.0,1.888,5.19,None,None,None,None,None,-2695000,None,0.357,None,25187000,2025-10-29,annual,1.23,USD,pre-market,None,105290000,0.0152,0.137,0.165,12.9,24358000,142794000,82025000,156950000,72.36,66.83,6.0345,1330438000,81549000,1143872000,1204641000,1248889000,60769000,99705000,125797000,14.56,None,83.09,59.97
2025-12-28,SYBT,4.58,378633000.0,14.56,None,0.692,35.32,18441000,None,34082000,34082000,-518142000,-384425000,-793825000,None,10259000,None,None,-14137000,6931000,22231000,None,23333000,23333000,30490000,None,None,47467000,None,None,3257000,20658000,1.25,0.0186,33301000,33301000,None,0.23,0.07,31700000,34957000,1.16,2022-12-31,17.67,682000,378633000.0,76357000,31520000,10056000,682000,682000,None,23108000,None,10710000,None,None,50769000,None,None,93294000,None,None,None,0.48,108742000,44672000,31520000,None,1031357000,None,None,None,None,None,None,None,2.0,1.888,5.19,None,None,None,None,None,-4534000,None,0.357,None,25187000,2025-10-29,annual,1.23,USD,pre-market,None,105290000,0.0152,0.137,0.165,12.9,24358000,142794000,82025000,156950000,72.36,66.83,6.0345,1330438000,81549000,1143872000,1204641000,1248889000,60769000,99705000,125797000,14.56,None,83.09,59.97
2025-12-28,SYBT,4.58,378633000.0,14.56,None,0.692,35.32,4581000,None,34082000,34082000,620021000,-78874000,643247000,None,11710000,None,None,4007000,6931000,22231000,None,23333000,23333000,30490000,None,None,47467000,None,None,3257000,11329000,1.25,0.0186,28198000,28198000,None,0.23,0.07,31700000,34957000,1.16,2021-12-31,17.67,682000,378633000.0,76357000,31520000,10056000,682000,682000,None,23108000,None,10710000,None,None,50769000,None,None,74645000,None,None,None,0.48,102100000,44672000,31520000,None,1031357000,None,None,None,None,None,None,None,2.0,1.888,5.19,None,None,None,None,None,-3618000,None,0.357,None,25187000,2025-10-29,annual,1.23,USD,pre-market,None,105290000,0.0152,0.137,0.165,12.9,24358000,142794000,82025000,156950000,72.36,66.83,6.0345,1330438000,81549000,1143872000,1204641000,1248889000,60769000,99705000,125797000,14.56,None,83.09,59.97
2025-12-28,SYBT,4.58,378633000.0,14.56,None,0.692,35.32,5458000,None,34082000,34082000,795814000,-804718000,68221000,None,-30242000,None,None,-20880000,6931000,22231000,None,23333000,23333000,30490000,None,None,47467000,None,None,3257000,9743000,1.25,0.0186,24481000,24481000,None,0.23,0.07,31700000,34957000,1.16,2020-12-31,17.67,682000,378633000.0,76357000,31520000,10056000,682000,682000,None,23108000,None,10710000,None,None,50769000,None,None,58869000,None,None,None,0.48,77125000,44672000,31520000,None,1031357000,None,None,None,None,None,None,None,2.0,1.888,5.19,None,None,None,None,None,-2265000,None,0.357,None,25187000,2025-10-29,annual,1.23,USD,pre-market,None,105290000,0.0152,0.137,0.165,12.9,24358000,142794000,82025000,156950000,72.36,66.83,6.0345,1330438000,81549000,1143872000,1204641000,1248889000,60769000,99705000,125797000,14.56,None,83.09,59.97
2025-12-28,SYBT,4.58,378633000.0,14.56,None,0.692,35.32,5098000,None,34082000,34082000,155522000,-163173000,50785000,None,-86000,None,None,-2786000,6931000,22231000,None,23333000,23333000,30490000,None,None,47467000,None,None,3257000,4880000,1.25,0.0186,23542000,23542000,None,0.23,0.07,31700000,34957000,1.16,2019-12-31,17.67,682000,378633000.0,76357000,31520000,10056000,682000,682000,None,23108000,None,10710000,None,None,50769000,None,None,66067000,None,None,None,0.48,58436000,44672000,31520000,None,1031357000,None,None,None,None,None,None,None,2.0,1.888,5.19,None,None,None,None,None,-11817000,None,0.357,None,25187000,2025-10-29,annual,1.23,USD,pre-market,None,105290000,0.0152,0.137,0.165,12.9,24358000,142794000,82025000,156950000,72.36,66.83,6.0345,1330438000,81549000,1143872000,1204641000,1248889000,60769000,99705000,125797000,14.56,None,83.09,59.97
2025-12-28,SYBT,4.58,378633000.0,14.56,None,0.692,35.32,7057000,None,34082000,34082000,5372000,-11570000,59691000,None,None,None,None,None,6931000,22231000,None,23333000,23333000,30490000,None,None,47467000,None,None,3257000,5782000,1.25,0.0186,21766000,21766000,None,0.23,0.07,31700000,34957000,1.16,2018-12-31,17.67,682000,378633000.0,76357000,31520000,10056000,682000,682000,None,23108000,None,10710000,None,None,50769000,None,None,55517000,None,None,None,0.48,65889000,44672000,31520000,None,1031357000,None,None,None,None,None,None,None,2.0,1.888,5.19,None,None,None,None,None,-2004000,None,0.357,None,25187000,2025-10-29,annual,1.23,USD,pre-market,None,105290000,0.0152,0.137,0.165,12.9,24358000,142794000,82025000,156950000,72.36,66.83,6.0345,1330438000,81549000,1143872000,1204641000,1248889000,60769000,99705000,125797000,14.56,None,83.09,59.97
2025-12-28,SYBT,4.58,378633000.0,14.56,None,0.692,35.32,2786000,None,34082000,34082000,152304000,-114705000,91275000,None,2238000,None,None,None,6931000,22231000,None,23333000,23333000,30490000,None,None,47467000,None,None,3257000,13640000,1.25,0.0186,18077000,18077000,None,0.23,0.07,31700000,34957000,1.16,2017-12-31,17.67,682000,378633000.0,76357000,31520000,10056000,682000,682000,None,23108000,None,10710000,None,None,50769000,None,None,38043000,None,None,None,0.48,53676000,44672000,31520000,None,1031357000,None,None,None,None,None,None,None,2.0,1.888,5.19,None,None,None,None,None,-2389000,None,0.357,None,25187000,2025-10-29,annual,1.23,USD,pre-market,None,105290000,0.0152,0.137,0.165,12.9,24358000,142794000,82025000,156950000,72.36,66.83,6.0345,1330438000,81549000,1143872000,1204641000,1248889000,60769000,99705000,125797000,14.56,None,83.09,59.97
2025-12-28,SYBT,4.58,378633000.0,14.56,None,0.692,35.32,6327000,None,34082000,34082000,170450000,-289572000,-55860000,None,6069000,None,None,None,6931000,22231000,None,23333000,23333000,30490000,None,None,47467000,None,None,3257000,11142000,1.25,0.0186,16093000,16093000,None,0.23,0.07,31700000,34957000,1.16,2016-12-31,17.67,682000,378633000.0,76357000,31520000,10056000,682000,682000,None,23108000,None,10710000,None,None,50769000,None,None,41027000,None,None,None,0.48,63262000,44672000,31520000,None,1031357000,None,None,None,None,None,None,None,2.0,1.888,5.19,None,None,None,None,None,-1918000,None,0.357,None,25187000,2025-10-29,annual,1.23,USD,pre-market,None,105290000,0.0152,0.137,0.165,12.9,24358000,142794000,82025000,156950000,72.36,66.83,6.0345,1330438000,81549000,1143872000,1204641000,1248889000,60769000,99705000,125797000,14.56,None,83.09,59.97
2025-12-28,SYBT,4.58,378633000.0,14.56,None,0.692,35.32,3459000,None,34082000,34082000,213545000,-227124000,29592000,None,0,None,None,None,6931000,22231000,None,23333000,23333000,30490000,None,None,47467000,None,None,3257000,6902000,1.25,0.0186,14224000,14224000,None,0.23,0.07,31700000,34957000,1.16,2015-12-31,17.67,682000,378633000.0,76357000,31520000,10056000,682000,682000,None,23108000,None,10710000,None,None,50769000,None,None,37187000,None,None,None,0.48,43171000,44672000,31520000,None,1031357000,None,None,None,None,None,None,None,2.0,1.888,5.19,None,None,None,None,None,-918000,None,0.357,None,25187000,2025-10-29,annual,1.23,USD,pre-market,None,105290000,0.0152,0.137,0.165,12.9,24358000,142794000,82025000,156950000,72.36,66.83,6.0345,1330438000,81549000,1143872000,1204641000,1248889000,60769000,99705000,125797000,14.56,None,83.09,59.97
2025-12-28,SYBT,4.58,378633000.0,14.56,None,0.692,35.32,2525000,None,34082000,34082000,133543000,-169958000,3471000,None,0,None,None,None,6931000,22231000,None,23333000,23333000,30490000,None,None,47467000,None,None,3257000,7413000,1.25,0.0186,12924000,12924000,None,0.23,0.07,31700000,34957000,1.16,2014-12-31,17.67,682000,378633000.0,76357000,31520000,10056000,682000,682000,None,23108000,None,10710000,None,None,50769000,None,None,34822000,None,None,None,0.48,39886000,44672000,31520000,None,1031357000,None,None,None,None,None,None,None,2.0,1.888,5.19,None,None,None,None,None,-616000,None,0.357,None,25187000,2025-10-29,annual,1.23,USD,pre-market,None,105290000,0.0152,0.137,0.165,12.9,24358000,142794000,82025000,156950000,72.36,66.83,6.0345,1330438000,81549000,1143872000,1204641000,1248889000,60769000,99705000,125797000,14.56,None,83.09,59.97
2025-12-28,SYBT,4.58,378633000.0,14.56,None,0.692,35.32,2365000,None,34082000,34082000,80606000,-135868000,3067000,None,14947000,None,None,None,6931000,22231000,None,23333000,23333000,30490000,None,None,47467000,None,None,3257000,7969000,1.25,0.0186,11670000,11670000,None,0.23,0.07,31700000,34957000,1.16,2013-12-31,17.67,682000,378633000.0,76357000,31520000,10056000,682000,682000,None,23108000,None,10710000,None,None,50769000,None,None,27170000,None,None,None,0.48,58329000,44672000,31520000,None,1031357000,None,None,None,None,None,None,None,2.0,1.888,5.19,None,None,None,None,None,-331000,None,0.357,None,25187000,2025-10-29,annual,1.23,USD,pre-market,None,105290000,0.0152,0.137,0.165,12.9,24358000,142794000,82025000,156950000,72.36,66.83,6.0345,1330438000,81549000,1143872000,1204641000,1248889000,60769000,99705000,125797000,14.56,None,83.09,59.97
2025-12-28,SYBT,4.58,378633000.0,14.56,None,0.692,35.32,3301000,None,34082000,34082000,87851000,-89864000,12783000,None,0,None,None,None,6931000,22231000,None,23333000,23333000,30490000,None,None,47467000,None,None,3257000,4964000,1.25,0.0186,10691000,10691000,None,0.23,0.07,31700000,34957000,1.16,2012-12-31,17.67,682000,378633000.0,76357000,31520000,10056000,682000,682000,None,23108000,None,10710000,None,None,50769000,None,None,25801000,None,None,None,0.48,14796000,44672000,31520000,None,1031357000,None,None,None,None,None,None,None,2.0,1.888,5.19,None,None,None,None,None,-205000,None,0.357,None,25187000,2025-10-29,annual,1.23,USD,pre-market,None,105290000,0.0152,0.137,0.165,12.9,24358000,142794000,82025000,156950000,72.36,66.83,6.0345,1330438000,81549000,1143872000,1204641000,1248889000,60769000,99705000,125797000,14.56,None,83.09,59.97
2025-12-28,SYBT,4.58,378633000.0,14.56,None,0.692,35.32,8249000,None,34082000,34082000,130783000,-161947000,13265000,None,10128000,None,None,None,6931000,22231000,None,23333000,23333000,30490000,None,None,47467000,None,None,3257000,4019000,1.25,0.0186,9930000,9930000,None,0.23,0.07,31700000,34957000,1.16,2011-12-31,17.67,682000,378633000.0,76357000,31520000,10056000,682000,682000,None,23108000,None,10710000,None,None,50769000,None,None,23604000,None,None,None,0.48,44429000,44672000,31520000,None,1031357000,None,None,None,None,None,None,None,2.0,1.888,5.19,None,None,None,None,None,-167000,None,0.357,None,25187000,2025-10-29,annual,1.23,USD,pre-market,None,105290000,0.0152,0.137,0.165,12.9,24358000,142794000,82025000,156950000,72.36,66.83,6.0345,1330438000,81549000,1143872000,1204641000,1248889000,60769000,99705000,125797000,14.56,None,83.09,59.97
2025-12-28,SYBT,4.58,378633000.0,14.56,None,0.692,35.32,6173000,None,34082000,34082000,77853000,-105266000,None,None,3183000,None,None,None,6931000,22231000,None,23333000,23333000,30490000,None,None,47467000,None,None,3257000,3274000,1.25,0.0186,11765000,11765000,None,0.23,0.07,31700000,34957000,1.16,2010-12-31,17.67,682000,378633000.0,76357000,31520000,10056000,682000,682000,None,23108000,None,10710000,None,None,50769000,None,None,22953000,None,None,None,0.48,36644000,44672000,31520000,None,1031357000,None,None,None,None,None,None,None,2.0,1.888,5.19,None,None,None,None,None,-396000,None,0.357,None,25187000,2025-10-29,annual,1.23,USD,pre-market,None,105290000,0.0152,0.137,0.165,12.9,24358000,142794000,82025000,156950000,72.36,66.83,6.0345,1330438000,81549000,1143872000,1204641000,1248889000,60769000,99705000,125797000,14.56,None,83.09,59.97
2025-12-28,SYBT,4.58,378633000.0,14.56,None,0.692,35.32,2607000,None,34082000,34082000,134914000,-142745000,None,None,None,None,None,None,6931000,22231000,None,23333000,23333000,30490000,None,None,47467000,None,None,3257000,2554000,1.25,0.0186,9211000,9211000,None,0.23,0.07,31700000,34957000,1.16,2009-12-31,17.67,682000,378633000.0,76357000,31520000,10056000,682000,682000,None,23108000,None,10710000,None,None,50769000,None,None,16308000,None,None,None,0.48,13142000,44672000,31520000,None,1031357000,None,None,None,None,None,None,None,2.0,1.888,5.19,None,None,None,None,None,-393000,None,0.357,None,25187000,2025-10-29,annual,1.23,USD,pre-market,None,105290000,0.0152,0.137,0.165,12.9,24358000,142794000,82025000,156950000,72.36,66.83,6.0345,1330438000,81549000,1143872000,1204641000,1248889000,60769000,99705000,125797000,14.56,None,83.09,59.97
2025-12-28,SYBT,4.58,378633000.0,14.56,None,0.692,35.32,3260000,None,34082000,34082000,118977000,-155741000,None,None,3074000,None,None,None,6931000,22231000,None,23333000,23333000,30490000,None,None,47467000,None,None,3257000,2532000,1.25,0.0186,9053000,9053000,None,0.23,0.07,31700000,34957000,1.16,2008-12-31,17.67,682000,378633000.0,76357000,31520000,10056000,682000,682000,None,23108000,None,10710000,None,None,50769000,None,None,21676000,None,None,None,0.48,24548000,44672000,31520000,None,1031357000,None,None,None,None,None,None,None,2.0,1.888,5.19,None,None,None,None,None,-5384000,None,0.357,None,25187000,2025-10-29,annual,1.23,USD,pre-market,None,105290000,0.0152,0.137,0.165,12.9,24358000,142794000,82025000,156950000,72.36,66.83,6.0345,1330438000,81549000,1143872000,1204641000,1248889000,60769000,99705000,125797000,14.56,None,83.09,59.97
2025-12-28,SYBT,4.58,378633000.0,14.56,None,0.692,35.32,4887000,None,34082000,34082000,37759000,-75435000,None,None,428000,None,None,None,6931000,22231000,None,23333000,23333000,30490000,None,None,47467000,None,None,3257000,2496000,1.25,0.0186,8870000,8870000,None,0.23,0.07,31700000,34957000,1.16,2007-12-31,17.67,682000,378633000.0,76357000,31520000,10056000,682000,682000,None,23108000,None,10710000,None,None,50769000,None,None,24052000,None,None,None,0.48,17327000,44672000,31520000,None,1031357000,None,None,None,None,None,None,None,2.0,1.888,5.19,None,None,None,None,None,-22369000,None,0.357,None,25187000,2025-10-29,annual,1.23,USD,pre-market,None,105290000,0.0152,0.137,0.165,12.9,24358000,142794000,82025000,156950000,72.36,66.83,6.0345,1330438000,81549000,1143872000,1204641000,1248889000,60769000,99705000,125797000,14.56,None,83.09,59.97
2025-12-28,SYBT,4.58,378633000.0,14.56,None,0.692,35.32,2611000,None,34082000,34082000,62664000,-83676000,None,None,4679000,None,None,None,6931000,22231000,None,23333000,23333000,30490000,None,None,47467000,None,None,3257000,3878000,1.25,0.0186,7945000,7945000,None,0.23,0.07,31700000,34957000,1.16,2006-12-31,17.67,682000,378633000.0,76357000,31520000,10056000,682000,682000,None,23108000,None,10710000,None,None,50769000,None,None,22896000,None,None,None,0.48,36651000,44672000,31520000,None,1031357000,None,None,None,None,None,None,None,2.0,1.888,5.19,None,None,None,None,None,-5271000,None,0.357,None,25187000,2025-10-29,annual,1.23,USD,pre-market,None,105290000,0.0152,0.137,0.165,12.9,24358000,142794000,82025000,156950000,72.36,66.83,6.0345,1330438000,81549000,1143872000,1204641000,1248889000,60769000,99705000,125797000,14.56,None,83.09,59.97
2025-12-28,SYBT,4.58,378633000.0,14.56,None,0.692,35.32,2257000,None,34082000,34082000,87902000,-104258000,None,None,None,None,None,None,6931000,22231000,None,23333000,23333000,30490000,None,None,47467000,None,None,3257000,3257000,1.25,0.0186,6262000,6262000,None,0.23,0.07,31700000,34957000,1.16,2005-12-31,17.67,682000,378633000.0,76357000,31520000,10056000,682000,682000,None,23108000,None,10710000,None,None,50769000,None,None,21644000,None,None,None,0.48,28848000,44672000,31520000,None,1031357000,None,None,None,None,None,None,None,2.0,1.888,5.19,None,None,None,None,None,-5496000,None,0.357,None,25187000,2025-10-29,annual,1.23,USD,pre-market,None,105290000,0.0152,0.137,0.165,12.9,24358000,142794000,82025000,156950000,72.36,66.83,6.0345,1330438000,81549000,1143872000,1204641000,1248889000,60769000,99705000,125797000,14.56,None,83.09,59.97
