date,symbol,eps,revenue_ttm,pe_ratio,accumulateddepreciationamortizationppe,beta,book_value,capitalexpenditures,capitalleaseobligations,cashandcashequivalentsatcarryingvalue,cashandshortterminvestments,cashflowfromfinancing,cashflowfrominvestment,changeincashandcashequivalents,changeinexchangerate,changeininventory,changeinoperatingassets,changeinoperatingliabilities,changeinreceivables,commonstock,commonstocksharesoutstanding,comprehensiveincomenetoftax,costofgoodsandservicessold,costofrevenue,currentaccountspayable,currentdebt,currentlongtermdebt,currentnetreceivables,deferredrevenue,depreciation,depreciationandamortization,depreciationdepletionandamortization,dividend_per_share,dividend_yield,dividendpayout,dividendpayoutcommonstock,dividendpayoutpreferredstock,earnings_growth_yoy,earnings_surprise,ebit,ebitda,estimated_eps,fiscaldateending,forward_pe,goodwill,gross_profit_ttm,grossprofit,incomebeforetax,incometaxexpense,intangibleassets,intangibleassetsexcludinggoodwill,interestanddebtexpense,interestexpense,interestincome,inventory,investmentincomenet,investments,longtermdebt,longtermdebtnoncurrent,longterminvestments,netincome,netincomefromcontinuingoperations,netinterestincome,noninterestincome,operating_margin_ttm,operatingcashflow,operatingexpenses,operatingincome,othercurrentassets,othercurrentliabilities,othernoncurrentassets,othernoncurrentliabilities,othernonoperatingincome,paymentsforoperatingactivities,paymentsforrepurchaseofcommonstock,paymentsforrepurchaseofequity,paymentsforrepurchaseofpreferredstock,peg_ratio,price_to_book,price_to_sales_ttm,proceedsfromissuanceofcommonstock,proceedsfromissuanceoflongtermdebtandcapitalsecuritiesnet,proceedsfromissuanceofpreferredstock,proceedsfromoperatingactivities,proceedsfromrepaymentsofshorttermdebt,proceedsfromrepurchaseofequity,proceedsfromsaleoftreasurystock,profit_margin,profitloss,propertyplantequipment,report_date,report_type,reported_eps,reportedcurrency,reporttime,researchanddevelopment,retainedearnings,return_on_assets_ttm,return_on_equity_ttm,revenue_growth_yoy,revenue_per_share_ttm,sellinggeneralandadministrative,shortlongtermdebttotal,shorttermdebt,shortterminvestments,sma_200,sma_50,surprise_pct,totalassets,totalcurrentassets,totalcurrentliabilities,totalliabilities,totalnoncurrentassets,totalnoncurrentliabilities,totalrevenue,totalshareholderequity,trailing_pe,treasurystock,week_52_high,week_52_low
1996-03-31,SYK,,,,,,,,,,,,,,,,,,,,,,,,,,,,,,,,,,,,,,0.01,,,0.06,,,,,,,,,,,,,,,,,,,,,,,,,,,,,,,,,,,,,,,,,,,,,,,,,1996-04-15,,0.07,,pre-market,,,,,,,,,,,,,16.6667,,,,,,,,,,,,
1996-06-30,SYK,,,,,,,,,,,,,,,,,,,,,,,,,,,,,,,,,,,,,,0.0,,,0.06,,,,,,,,,,,,,,,,,,,,,,,,,,,,,,,,,,,,,,,,,,,,,,,,,1996-07-15,,0.06,,pre-market,,,,,,,,,,,,,0.0,,,,,,,,,,,,
1996-09-30,SYK,,,,,,,,,,,,,,,,,,,,,,,,,,,,,,,,,,,,,,0.0,,,0.06,,,,,,,,,,,,,,,,,,,,,,,,,,,,,,,,,,,,,,,,,,,,,,,,,1996-10-14,,0.06,,pre-market,,,,,,,,,,,,,0.0,,,,,,,,,,,,
1996-12-31,SYK,,,,,,,,,,,,,,,,,,,,,,,,,,,,,,,,,,,,,,0.0,,,0.08,,,,,,,,,,,,,,,,,,,,,,,,,,,,,,,,,,,,,,,,,,,,,,,,,1997-01-13,,0.08,,pre-market,,,,,,,,,,,,,0.0,,,,,,,,,,,,
1997-03-31,SYK,,,,,,,,,,,,,,,,,,,,,,,,,,,,,,,,,,,,,,0.0,,,0.08,,,,,,,,,,,,,,,,,,,,,,,,,,,,,,,,,,,,,,,,,,,,,,,,,1997-04-14,,0.08,,pre-market,,,,,,,,,,,,,0.0,,,,,,,,,,,,
1997-06-30,SYK,,,,,,,,,,,,,,,,,,,,,,,,,,,,,,,,,,,,,,0.0,,,0.08,,,,,,,,,,,,,,,,,,,,,,,,,,,,,,,,,,,,,,,,,,,,,,,,,1997-07-14,,0.08,,pre-market,,,,,,,,,,,,,0.0,,,,,,,,,,,,
1997-09-30,SYK,,,,,,,,,,,,,,,,,,,,,,,,,,,,,,,,,,,,,,0.0,,,0.08,,,,,,,,,,,,,,,,,,,,,,,,,,,,,,,,,,,,,,,,,,,,,,,,,1997-10-13,,0.08,,pre-market,,,,,,,,,,,,,0.0,,,,,,,,,,,,
1997-12-31,SYK,,,,,,,,,,,,,,,,,,,,,,,,,,,,,,,,,,,,,,0.01,,,0.09,,,,,,,,,,,,,,,,,,,,,,,,,,,,,,,,,,,,,,,,,,,,,,,,,1998-01-14,,0.1,,pre-market,,,,,,,,,,,,,11.1111,,,,,,,,,,,,
1998-03-31,SYK,,,,,,,,,,,,,,,,,,,,,,,,,,,,,,,,,,,,,,0.0,,,0.09,,,,,,,,,,,,,,,,,,,,,,,,,,,,,,,,,,,,,,,,,,,,,,,,,1998-04-13,,0.09,,pre-market,,,,,,,,,,,,,0.0,,,,,,,,,,,,
1998-06-30,SYK,,,,,,,,,,,,,,,,,,,,,,,,,,,,,,,,,,,,,,0.0,,,0.09,,,,,,,,,,,,,,,,,,,,,,,,,,,,,,,,,,,,,,,,,,,,,,,,,1998-07-13,,0.09,,pre-market,,,,,,,,,,,,,0.0,,,,,,,,,,,,
1998-09-30,SYK,,,,,,,,,,,,,,,,,,,,,,,,,,,,,,,,,,,,,,0.0,,,0.09,,,,,,,,,,,,,,,,,,,,,,,,,,,,,,,,,,,,,,,,,,,,,,,,,1998-10-12,,0.09,,pre-market,,,,,,,,,,,,,0.0,,,,,,,,,,,,
1998-12-31,SYK,,,,,,,,,,,,,,,,,,,,,,,,,,,,,,,,,,,,,,0.0,,,0.11,,,,,,,,,,,,,,,,,,,,,,,,,,,,,,,,,,,,,,,,,,,,,,,,,1999-01-28,,0.11,,pre-market,,,,,,,,,,,,,0.0,,,,,,,,,,,,
1999-03-31,SYK,,,,,,,,,,,,,,,,,,,,,,,,,,,,,,,,,,,,,,0.01,,,0.08,,,,,,,,,,,,,,,,,,,,,,,,,,,,,,,,,,,,,,,,,,,,,,,,,1999-04-20,,0.09,,pre-market,,,,,,,,,,,,,12.5,,,,,,,,,,,,
1999-06-30,SYK,,,,,,,,,,,,,,,,,,,,,,,,,,,,,,,,,,,,,,0.01,,,0.09,,,,,,,,,,,,,,,,,,,,,,,,,,,,,,,,,,,,,,,,,,,,,,,,,1999-07-21,,0.1,,pre-market,,,,,,,,,,,,,11.1111,,,,,,,,,,,,
1999-09-30,SYK,,,,,,,,,,,,,,,,,,,,,,,,,,,,,,,,,,,,,,0.01,,,0.09,,,,,,,,,,,,,,,,,,,,,,,,,,,,,,,,,,,,,,,,,,,,,,,,,1999-10-19,,0.1,,pre-market,,,,,,,,,,,,,11.1111,,,,,,,,,,,,
1999-12-31,SYK,,,,,,,,,,,,,,,,,,,,,,,,,,,,,,,,,,,,,,0.0,,,0.13,,,,,,,,,,,,,,,,,,,,,,,,,,,,,,,,,,,,,,,,,,,,,,,,,2000-01-27,,0.13,,pre-market,,,,,,,,,,,,,0.0,,,,,,,,,,,,
2000-03-31,SYK,,,,,,,,,,,,,,,,,,,,,,,,,,,,,,,,,,,,,,0.0,,,0.13,,,,,,,,,,,,,,,,,,,,,,,,,,,,,,,,,,,,,,,,,,,,,,,,,2000-04-18,,0.13,,pre-market,,,,,,,,,,,,,0.0,,,,,,,,,,,,
2000-06-30,SYK,,,,,,,,,,,,,,,,,,,,,,,,,,,,,,,,,,,,,,0.0,,,0.13,,,,,,,,,,,,,,,,,,,,,,,,,,,,,,,,,,,,,,,,,,,,,,,,,2000-07-20,,0.13,,pre-market,,,,,,,,,,,,,0.0,,,,,,,,,,,,
2000-09-30,SYK,,,,,,,,,,,,,,,,,,,,,,,,,,,,,,,,,,,,,,0.0,,,0.13,,,,,,,,,,,,,,,,,,,,,,,,,,,,,,,,,,,,,,,,,,,,,,,,,2000-10-17,,0.13,,post-market,,,,,,,,,,,,,0.0,,,,,,,,,,,,
2000-12-31,SYK,,,,,,,,,,,,,,,,,,,,,,,,,,,,,,,,,,,,,,0.0,,,0.17,,,,,,,,,,,,,,,,,,,,,,,,,,,,,,,,,,,,,,,,,,,,,,,,,2001-01-29,,0.17,,post-market,,,,,,,,,,,,,0.0,,,,,,,,,,,,
2001-03-31,SYK,,,,,,,,,,,,,,,,,,,,,,,,,,,,,,,,,,,,,,0.0,,,0.16,,,,,,,,,,,,,,,,,,,,,,,,,,,,,,,,,,,,,,,,,,,,,,,,,2001-04-18,,0.16,,post-market,,,,,,,,,,,,,0.0,,,,,,,,,,,,
2001-06-30,SYK,,,,,,,,,,,,,,,,,,,,,,,,,,,,,,,,,,,,,,0.0,,,0.16,,,,,,,,,,,,,,,,,,,,,,,,,,,,,,,,,,,,,,,,,,,,,,,,,2001-07-17,,0.16,,post-market,,,,,,,,,,,,,0.0,,,,,,,,,,,,
2001-09-30,SYK,,,,,,,,,,,,,,,,,,,,,,,,,,,,,,,,,,,,,,0.0,,,0.15,,,,,,,,,,,,,,,,,,,,,,,,,,,,,,,,,,,,,,,,,,,,,,,,,2001-10-17,,0.15,,post-market,,,,,,,,,,,,,0.0,,,,,,,,,,,,
2001-12-31,SYK,,,,,,,,,,,,,,,,,,,,,,,,,,,,,,,,,,,,,,0.0,,,0.2,,,,,,,,,,,,,,,,,,,,,,,,,,,,,,,,,,,,,,,,,,,,,,,,,2002-01-28,,0.2,,post-market,,,,,,,,,,,,,0.0,,,,,,,,,,,,
2002-03-31,SYK,,,,,,,,,,,,,,,,,,,,,,,,,,,,,,,,,,,,,,0.0,,,0.2,,,,,,,,,,,,,,,,,,,,,,,,,,,,,,,,,,,,,,,,,,,,,,,,,2002-04-17,,0.2,,post-market,,,,,,,,,,,,,0.0,,,,,,,,,,,,
2002-06-30,SYK,,,,,,,,,,,,,,,,,,,,,,,,,,,,,,,,,,,,,,0.01,,,0.2,,,,,,,,,,,,,,,,,,,,,,,,,,,,,,,,,,,,,,,,,,,,,,,,,2002-07-16,,0.21,,post-market,,,,,,,,,,,,,5.0,,,,,,,,,,,,
2002-09-30,SYK,,,,,,,,,,,,,,,,,,,,,,,,,,,,,,,,,,,,,,0.02,,,0.19,,,,,,,,,,,,,,,,,,,,,,,,,,,,,,,,,,,,,,,,,,,,,,,,,2002-10-16,,0.21,,post-market,,,,,,,,,,,,,10.5263,,,,,,,,,,,,
2002-12-31,SYK,,,,,,,,,,,,,,,,,,,,,,,,,,,,,,,,,,,,,,0.01,,,0.25,,,,,,,,,,,,,,,,,,,,,,,,,,,,,,,,,,,,,,,,,,,,,,,,,2003-01-27,,0.26,,post-market,,,,,,,,,,,,,4.0,,,,,,,,,,,,
2003-03-31,SYK,,,,,,,,,,,,,,,,,,,,,,,,,,,,,,,,,,,,,,0.02,,,0.24,,,,,,,,,,,,,,,,,,,,,,,,,,,,,,,,,,,,,,,,,,,,,,,,,2003-04-16,,0.26,,post-market,,,,,,,,,,,,,8.3333,,,,,,,,,,,,
2003-06-30,SYK,,,,,,,,,,,,,,,,,,,,,,,,,,,,,,,,,,,,,,0.01,,,0.26,,,,,,,,,,,,,,,,,,,,,,,,,,,,,,,,,,,,,,,,,,,,,,,,,2003-07-15,,0.27,,post-market,,,,,,,,,,,,,3.8462,,,,,,,,,,,,
2003-09-30,SYK,,,,,,,,,,,,,,,,,,,,,,,,,,,,,,,,,,,,,,0.01,,,0.26,,,,,,,,,,,,,,,,,,,,,,,,,,,,,,,,,,,,,,,,,,,,,,,,,2003-10-16,,0.27,,post-market,,,,,,,,,,,,,3.8462,,,,,,,,,,,,
2003-12-31,SYK,,,,,,,,,,,,,,,,,,,,,,,,,,,,,,,,,,,,,,0.0,,,0.33,,,,,,,,,,,,,,,,,,,,,,,,,,,,,,,,,,,,,,,,,,,,,,,,,2004-01-29,,0.33,,post-market,,,,,,,,,,,,,0.0,,,,,,,,,,,,
2004-03-31,SYK,,,,,,,,,,,,,,,,,,,,,,,,,,,,,,,,,,,,,,0.02,,,0.31,,,,,,,,,,,,,,,,,,,,,,,,,,,,,,,,,,,,,,,,,,,,,,,,,2004-04-15,,0.33,,post-market,,,,,,,,,,,,,6.4516,,,,,,,,,,,,
2004-06-30,SYK,,,,,,,,,,,,,,,,,,,,,,,,,,,,,,,,,,,,,,0.03,,,0.34,,,,,,,,,,,,,,,,,,,,,,,,,,,,,,,,,,,,,,,,,,,,,,,,,2004-07-15,,0.37,,post-market,,,,,,,,,,,,,8.8235,,,,,,,,,,,,
2004-09-30,SYK,,,,,,,,,,,,,,,,,,,,,,,,,,,,,,,,,,,,,,0.0,,,0.33,,,,,,,,,,,,,,,,,,,,,,,,,,,,,,,,,,,,,,,,,,,,,,,,,2004-10-14,,0.33,,post-market,,,,,,,,,,,,,0.0,,,,,,,,,,,,
2004-12-31,SYK,,,,,,,,,,,,,,,,,,,,,,,,,,,,,,,,,,,,,,0.0,,,0.4,,,,,,,,,,,,,,,,,,,,,,,,,,,,,,,,,,,,,,,,,,,,,,,,,2005-01-26,,0.4,,post-market,,,,,,,,,,,,,0.0,,,,,,,,,,,,
2005-03-31,SYK,,,,,,,,,,,,,,,,,,,,,,,,,,,,,,,,,,,,,,0.01,,,0.41,,,,,,,,,,,,,,,,,,,,,,,,,,,,,,,,,,,,,,,,,,,,,,,,,2005-04-19,,0.42,,post-market,,,,,,,,,,,,,2.439,,,,,,,,,,,,
2005-06-30,SYK,,,,,,,,,,,,,,,,,,,,,,,,,,,,,,,,,,,,,,0.01,,,0.44,,,,,,,,,,,,,,,,,,,,,,,,,,,,,,,,,,,,,,,,,,,,,,,,,2005-07-19,,0.45,,post-market,,,,,,,,,,,,,2.2727,,,,,,,,,,,,
2005-09-30,SYK,,,,,,,,,,,,,,,,,,,,,,,,,,,,,,,,,,,,,,-0.01,,,0.41,,,,,,,,,,,,,,,,,,,,,,,,,,,,,,,,,,,,,,,,,,,,,,,,,2005-10-18,,0.4,,post-market,,,,,,,,,,,,,-2.439,,,,,,,,,,,,
2005-12-31,SYK,,,,,,,,,,,,,,,,,,,,,,,,,,,,,,,,,,,,,,0.0,,,0.48,,,,,,,,,,,,,,,,,,,,,,,,,,,,,,,,,,,,,,,,,,,,,,,,,2006-01-26,,0.48,,post-market,,,,,,,,,,,,,0.0,,,,,,,,,,,,
2006-03-31,SYK,,,,,,,,,,,,,,,,,,,,,,,,,,,,,,,,,,,,,,0.01,,,0.48,,,,,,,,,,,,,,,,,,,,,,,,,,,,,,,,,,,,,,,,,,,,,,,,,2006-04-20,,0.49,,post-market,,,,,,,,,,,,,2.0833,,,,,,,,,,,,
2006-06-30,SYK,,,,,,,,,,,,,,,,,,,,,,,,,,,,,,,,,,,,,,0.01,,,0.51,,,,,,,,,,,,,,,,,,,,,,,,,,,,,,,,,,,,,,,,,,,,,,,,,2006-07-20,,0.52,,post-market,,,,,,,,,,,,,1.9608,,,,,,,,,,,,
2006-09-30,SYK,,,,,,,,,,,,,,,,,,,,,,,,,,,,,,,,,,,,,,0.0,,,0.46,,,,,,,,,,,,,,,,,,,,,,,,,,,,,,,,,,,,,,,,,,,,,,,,,2006-10-17,,0.46,,post-market,,,,,,,,,,,,,0.0,,,,,,,,,,,,
2006-12-31,SYK,,,,,,,,,,,,,,,,,,,,,,,,,,,,,,,,,,,,,,0.0,,,0.55,,,,,,,,,,,,,,,,,,,,,,,,,,,,,,,,,,,,,,,,,,,,,,,,,2007-01-25,,0.55,,post-market,,,,,,,,,,,,,0.0,,,,,,,,,,,,
2007-03-31,SYK,,,,,,,,,,,,,,,,,,,,,,,,,,,,,,,,,,,,,,0.01,,,0.58,,,,,,,,,,,,,,,,,,,,,,,,,,,,,,,,,,,,,,,,,,,,,,,,,2007-04-18,,0.59,,post-market,,,,,,,,,,,,,1.7241,,,,,,,,,,,,
2007-06-30,SYK,,,,,,,,,,,,,,,,,,,,,,,,,,,,,,,,,,,,,,-0.01,,,0.62,,,,,,,,,,,,,,,,,,,,,,,,,,,,,,,,,,,,,,,,,,,,,,,,,2007-07-19,,0.61,,post-market,,,,,,,,,,,,,-1.6129,,,,,,,,,,,,
2007-09-30,SYK,,,,,,,,,,,,,,,,,,,,,,,,,,,,,,,,,,,,,,0.0,,,0.55,,,,,,,,,,,,,,,,,,,,,,,,,,,,,,,,,,,,,,,,,,,,,,,,,2007-10-17,,0.55,,post-market,,,,,,,,,,,,,0.0,,,,,,,,,,,,
2007-12-31,SYK,,,,,,,,,,,,,,,,,,,,,,,,,,,,,,,,,,,,,,0.0,,,0.66,,,,,,,,,,,,,,,,,,,,,,,,,,,,,,,,,,,,,,,,,,,,,,,,,2008-01-23,,0.66,,post-market,,,,,,,,,,,,,0.0,,,,,,,,,,,,
2008-03-31,SYK,,,,,,,,,,,,,,,,,,,,,,,,,,,,,,,,,,,,,,0.01,,,0.69,,,,,,,,,,,,,,,,,,,,,,,,,,,,,,,,,,,,,,,,,,,,,,,,,2008-04-17,,0.7,,post-market,,,,,,,,,,,,,1.4493,,,,,,,,,,,,
2008-06-30,SYK,,,,,,,,,,,,,,,,,,,,,,,,,,,,,,,,,,,,,,0.01,,,0.72,,,,,,,,,,,,,,,,,,,,,,,,,,,,,,,,,,,,,,,,,,,,,,,,,2008-07-17,,0.73,,post-market,,,,,,,,,,,,,1.3889,,,,,,,,,,,,
2008-09-30,SYK,,,,,,,,,,,,,,,,,,,,,,,,,,,,,,,,,,,,,,-0.01,,,0.67,,,,,,,,,,,,,,,,,,,,,,,,,,,,,,,,,,,,,,,,,,,,,,,,,2008-10-16,,0.66,,post-market,,,,,,,,,,,,,-1.4925,,,,,,,,,,,,
2008-12-31,SYK,,,,,,,,,,,,,,,,,,,,,,,,,,,,,,,,,,,,,,0.0,,,0.74,,,,,,,,,,,,,,,,,,,,,,,,,,,,,,,,,,,,,,,,,,,,,,,,,2009-01-27,,0.74,,post-market,,,,,,,,,,,,,0.0,,,,,,,,,,,,
2009-03-31,SYK,,,,,,,,,,,,,,,,,,,,,,,,,,,,,,,,,,,,,,0.0,,,0.71,,,,,,,,,,,,,,,,,,,,,,,,,,,,,,,,,,,,,,,,,,,,,,,,,2009-04-20,,0.71,,post-market,,,,,,,,,,,,,0.0,,,,,,,,,,,,
2009-06-30,SYK,,,,,,,,,,,,,,,,,,,,,,,,,,,,,,,,,,,,,,0.01,,,0.72,,,,,,,,,,,,,,,,,,,,,,,,,,,,,,,,,,,,,,,,,,,,,,,,,2009-07-21,,0.73,,post-market,,,,,,,,,,,,,1.3889,,,,,,,,,,,,
2009-09-30,SYK,,,,,,,,,,,,,,,,,,,,,,,,,,,,,,,,,,,,,,0.0,,,0.69,,,,,,,,,,,,,,,,,,,,,,,,,,,,,,,,,,,,,,,,,,,,,,,,,2009-10-20,,0.69,,post-market,,,,,,,,,,,,,0.0,,,,,,,,,,,,
2009-12-31,SYK,,,,,,,,,,,,,,,,,,,,,,,,,,,,,,,,,,,,,,0.0,,,0.82,,,,,,,,,,,,,,,,,,,,,,,,,,,,,,,,,,,,,,,,,,,,,,,,,2010-01-26,,0.82,,post-market,,,,,,,,,,,,,0.0,,,,,,,,,,,,
2010-03-31,SYK,,,,,,,,,,,,,,,,,,,,,,,,,,,,,,,,,,,,,,0.02,,,0.78,,,,,,,,,,,,,,,,,,,,,,,,,,,,,,,,,,,,,,,,,,,,,,,,,2010-04-20,,0.8,,post-market,,,,,,,,,,,,,2.5641,,,,,,,,,,,,
2010-06-30,SYK,,,,,,,,,,,,,,,,,,,,,,,,,,,,,,,,,,,,,,0.0,,,0.8,,,,,,,,,,,,,,,,,,,,,,,,,,,,,,,,,,,,,,,,,,,,,,,,,2010-07-20,,0.8,,post-market,,,,,,,,,,,,,0.0,,,,,,,,,,,,
2010-09-30,SYK,,,,,,,,,,,,,,,,,,,,,,,,,,,,,,,,,,,,,,0.03,,,0.77,,,,,,,,,,,,,,,,,,,,,,,,,,,,,,,,,,,,,,,,,,,,,,,,,2010-10-19,,0.8,,post-market,,,,,,,,,,,,,3.8961,,,,,,,,,,,,
2010-12-31,SYK,,,,,,,,,,,,,,,,,,,,,,,,,,,,,,,,,,,,,,0.02,,,0.91,,,,,,,,,,,,,,,,,,,,,,,,,,,,,,,,,,,,,,,,,,,,,,,,,2011-01-25,,0.93,,post-market,,,,,,,,,,,,,2.1978,,,,,,,,,,,,
2011-03-31,SYK,,,,,,,,,,,,,,,,,,,,,,,,,,,,,,,,,,,,,,0.01,,,0.89,,,,,,,,,,,,,,,,,,,,,,,,,,,,,,,,,,,,,,,,,,,,,,,,,2011-04-19,,0.9,,post-market,,,,,,,,,,,,,1.1236,,,,,,,,,,,,
2011-06-30,SYK,,,,,,,,,,,,,,,,,,,,,,,,,,,,,,,,,,,,,,0.0,,,0.9,,,,,,,,,,,,,,,,,,,,,,,,,,,,,,,,,,,,,,,,,,,,,,,,,2011-07-19,,0.9,,post-market,,,,,,,,,,,,,0.0,,,,,,,,,,,,
2011-09-30,SYK,,,,,,,,,,,,,,,,,,,,,,,,,,,,,,,,,,,,,,0.02,,,0.89,,,,,,,,,,,,,,,,,,,,,,,,,,,,,,,,,,,,,,,,,,,,,,,,,2011-10-19,,0.91,,post-market,,,,,,,,,,,,,2.2472,,,,,,,,,,,,
2011-12-31,SYK,,,,,,,,,,,,,,,,,,,,,,,,,,,,,,,,,,,,,,0.0,,,1.02,,,,,,,,,,,,,,,,,,,,,,,,,,,,,,,,,,,,,,,,,,,,,,,,,2012-01-24,,1.02,,post-market,,,,,,,,,,,,,0.0,,,,,,,,,,,,
2012-03-31,SYK,,,,,,,,,,,,,,,,,,,,,,,,,,,,,,,,,,,,,,0.0,,,0.99,,,,,,,,,,,,,,,,,,,,,,,,,,,,,,,,,,,,,,,,,,,,,,,,,2012-04-17,,0.99,,post-market,,,,,,,,,,,,,0.0,,,,,,,,,,,,
2012-06-30,SYK,,,,,,,,,,,,,,,,,,,,,,,,,,,,,,,,,,,,,,0.0,,,0.98,,,,,,,,,,,,,,,,,,,,,,,,,,,,,,,,,,,,,,,,,,,,,,,,,2012-07-18,,0.98,,post-market,,,,,,,,,,,,,0.0,,,,,,,,,,,,
2012-09-30,SYK,,,,,,,,,,,,,,,,,,,,,,,,,,,,,,,,,,,,,,-0.01,,,0.98,,,,,,,,,,,,,,,,,,,,,,,,,,,,,,,,,,,,,,,,,,,,,,,,,2012-10-17,,0.97,,post-market,,,,,,,,,,,,,-1.0204,,,,,,,,,,,,
2012-12-31,SYK,,,,,,,,,,,,,,,,,,,,,,,,,,,,,,,,,,,,,,0.01,,,1.13,,,,,,,,,,,,,,,,,,,,,,,,,,,,,,,,,,,,,,,,,,,,,,,,,2013-01-23,,1.14,,post-market,,,,,,,,,,,,,0.885,,,,,,,,,,,,
2013-03-31,SYK,,,,,,,,,,,,,,,,,,,,,,,,,,,,,,,,,,,,,,0.02,,,1.01,,,,,,,,,,,,,,,,,,,,,,,,,,,,,,,,,,,,,,,,,,,,,,,,,2013-04-24,,1.03,,post-market,,,,,,,,,,,,,1.9802,,,,,,,,,,,,
2013-06-30,SYK,,,,,,,,,,,,,,,,,,,,,,,,,,,,,,,,,,,,,,-0.03,,,1.03,,,,,,,,,,,,,,,,,,,,,,,,,,,,,,,,,,,,,,,,,,,,,,,,,2013-07-18,,1.0,,post-market,,,,,,,,,,,,,-2.9126,,,,,,,,,,,,
2013-09-30,SYK,,,,,,,,,,,,,,,,,,,,,,,,,,,,,,,,,,,,,,-0.01,,,0.99,,,,,,,,,,,,,,,,,,,,,,,,,,,,,,,,,,,,,,,,,,,,,,,,,2013-10-17,,0.98,,post-market,,,,,,,,,,,,,-1.0101,,,,,,,,,,,,
2013-12-31,SYK,,,,,,,,,,,,,,,,,,,,,,,,,,,,,,,,,,,,,,0.01,,,1.22,,,,,,,,,,,,,,,,,,,,,,,,,,,,,,,,,,,,,,,,,,,,,,,,,2014-01-22,,1.23,,post-market,,,,,,,,,,,,,0.8197,,,,,,,,,,,,
2014-03-31,SYK,,,,,,,,,,,,,,,,,,,,,,,,,,,,,,,,,,,,,,-0.03,,,1.09,,,,,,,,,,,,,,,,,,,,,,,,,,,,,,,,,,,,,,,,,,,,,,,,,2014-04-23,,1.06,,post-market,,,,,,,,,,,,,-2.7523,,,,,,,,,,,,
2014-06-30,SYK,,,,,,,,,,,,,,,,,,,,,,,,,,,,,,,,,,,,,,0.0,,,1.08,,,,,,,,,,,,,,,,,,,,,,,,,,,,,,,,,,,,,,,,,,,,,,,,,2014-07-17,,1.08,,post-market,,,,,,,,,,,,,0.0,,,,,,,,,,,,
2014-09-30,SYK,,,,,,,,,,,,,,,,,,,,,,,,,,,,,,,,,,,,,,0.01,,,1.14,,,,,,,,,,,,,,,,,,,,,,,,,,,,,,,,,,,,,,,,,,,,,,,,,2014-10-16,,1.15,,post-market,,,,,,,,,,,,,0.8772,,,,,,,,,,,,
2014-12-31,SYK,,,,,,,,,,,,,,,,,,,,,,,,,,,,,,,,,,,,,,-0.01,,,1.45,,,,,,,,,,,,,,,,,,,,,,,,,,,,,,,,,,,,,,,,,,,,,,,,,2015-01-27,,1.44,,post-market,,,,,,,,,,,,,-0.6897,,,,,,,,,,,,
2015-03-31,SYK,,,,,,,,,,,,,,,,,,,,,,,,,,,,,,,,,,,,,,0.03,,,1.08,,,,,,,,,,,,,,,,,,,,,,,,,,,,,,,,,,,,,,,,,,,,,,,,,2015-04-21,,1.11,,post-market,,,,,,,,,,,,,2.7778,,,,,,,,,,,,
2015-06-30,SYK,,,,,,,,,,,,,,,,,,,,,,,,,,,,,,,,,,,,,,0.03,,,1.17,,,,,,,,,,,,,,,,,,,,,,,,,,,,,,,,,,,,,,,,,,,,,,,,,2015-07-23,,1.2,,post-market,,,,,,,,,,,,,2.5641,,,,,,,,,,,,
2015-09-30,SYK,,,,,,,,,,,,,,,,,,,,,,,,,,,,,,,,,,,,,,0.02,,,1.23,,,,,,,,,,,,,,,,,,,,,,,,,,,,,,,,,,,,,,,,,,,,,,,,,2015-10-22,,1.25,,post-market,,,,,,,,,,,,,1.626,,,,,,,,,,,,
2015-12-31,SYK,,,,,,,,,,,,,,,,,,,,,,,,,,,,,,,,,,,,,,0.01,,,1.55,,,,,,,,,,,,,,,,,,,,,,,,,,,,,,,,,,,,,,,,,,,,,,,,,2016-01-26,,1.56,,post-market,,,,,,,,,,,,,0.6452,,,,,,,,,,,,
2016-03-31,SYK,,,,,,,,,,,,,,,,,,,,,,,,,,,,,,,,,,,,,,0.04,,,1.2,,,,,,,,,,,,,,,,,,,,,,,,,,,,,,,,,,,,,,,,,,,,,,,,,2016-04-20,,1.24,,post-market,,,,,,,,,,,,,3.3333,,,,,,,,,,,,
2016-06-30,SYK,,,,,,,,,,,,,,,,,,,,,,,,,,,,,,,,,,,,,,0.02,,,1.37,,,,,,,,,,,,,,,,,,,,,,,,,,,,,,,,,,,,,,,,,,,,,,,,,2016-07-21,,1.39,,post-market,,,,,,,,,,,,,1.4599,,,,,,,,,,,,
2016-09-30,SYK,,,,,,,,,,,,,,,,,,,,,,,,,,,,,,,,,,,,,,0.02,,,1.37,,,,,,,,,,,,,,,,,,,,,,,,,,,,,,,,,,,,,,,,,,,,,,,,,2016-10-27,,1.39,,post-market,,,,,,,,,,,,,1.4599,,,,,,,,,,,,
2016-12-31,SYK,,,,,,,,,,,,,,,,,,,,,,,,,,,,,,,,,,,,,,0.02,,,1.76,,,,,,,,,,,,,,,,,,,,,,,,,,,,,,,,,,,,,,,,,,,,,,,,,2017-01-24,,1.78,,post-market,,,,,,,,,,,,,1.1364,,,,,,,,,,,,
2017-03-31,SYK,,,,,,,,,,,,,,,,,,,,,,,,,,,,,,,,,,,,,,0.05,,,1.43,,,,,,,,,,,,,,,,,,,,,,,,,,,,,,,,,,,,,,,,,,,,,,,,,2017-04-25,,1.48,,post-market,,,,,,,,,,,,,3.4965,,,,,,,,,,,,
2017-06-30,SYK,,,,,,,,,,,,,,,,,,,,,,,,,,,,,,,,,,,,,,0.02,,,1.51,,,,,,,,,,,,,,,,,,,,,,,,,,,,,,,,,,,,,,,,,,,,,,,,,2017-07-27,,1.53,,post-market,,,,,,,,,,,,,1.3245,,,,,,,,,,,,
2017-09-30,SYK,,,,,,,,,,,,,,,,,,,,,,,,,,,,,,,,,,,,,,0.02,,,1.5,,,,,,,,,,,,,,,,,,,,,,,,,,,,,,,,,,,,,,,,,,,,,,,,,2017-10-26,,1.52,,post-market,,,,,,,,,,,,,1.3333,,,,,,,,,,,,
2017-12-31,SYK,,,,,,,,,,,,,,,,,,,,,,,,,,,,,,,,,,,,,,0.01,,,1.95,,,,,,,,,,,,,,,,,,,,,,,,,,,,,,,,,,,,,,,,,,,,,,,,,2018-01-30,,1.96,,post-market,,,,,,,,,,,,,0.5128,,,,,,,,,,,,
2018-03-31,SYK,,,,,,,,,,,,,,,,,,,,,,,,,,,,,,,,,,,,,,0.08,,,1.6,,,,,,,,,,,,,,,,,,,,,,,,,,,,,,,,,,,,,,,,,,,,,,,,,2018-04-26,,1.68,,post-market,,,,,,,,,,,,,5.0,,,,,,,,,,,,
2018-06-30,SYK,,,,,,,,,,,,,,,,,,,,,,,,,,,,,,,,,,,,,,0.03,,,1.73,,,,,,,,,,,,,,,,,,,,,,,,,,,,,,,,,,,,,,,,,,,,,,,,,2018-07-24,,1.76,,post-market,,,,,,,,,,,,,1.7341,,,,,,,,,,,,
2018-09-30,SYK,,,,,,,,,,,,,,,,,,,,,,,,,,,,,,,,,,,,,,0.01,,,1.68,,,,,,,,,,,,,,,,,,,,,,,,,,,,,,,,,,,,,,,,,,,,,,,,,2018-10-25,,1.69,,post-market,,,,,,,,,,,,,0.5952,,,,,,,,,,,,
2018-12-31,SYK,,,,,,,,,,,,,,,,,,,,,,,,,,,,,,,,,,,,,,0.03,,,2.15,,,,,,,,,,,,,,,,,,,,,,,,,,,,,,,,,,,,,,,,,,,,,,,,,2019-01-29,,2.18,,post-market,,,,,,,,,,,,,1.3953,,,,,,,,,,,,
2019-03-31,SYK,,,,,,,,,,,,,,,,,,,,,,,,,,,,,,,,,,,,,,0.04,,,1.84,,,,,,,,,,,,,,,,,,,,,,,,,,,,,,,,,,,,,,,,,,,,,,,,,2019-04-23,,1.88,,post-market,,,,,,,,,,,,,2.1739,,,,,,,,,,,,
2019-06-30,SYK,,,,,,,,,,,,,,,,,,,,,,,,,,,,,,,,,,,,,,0.04,,,1.94,,,,,,,,,,,,,,,,,,,,,,,,,,,,,,,,,,,,,,,,,,,,,,,,,2019-07-25,,1.98,,post-market,,,,,,,,,,,,,2.0619,,,,,,,,,,,,
2019-09-30,SYK,,,,,,,,,,,,,,,,,,,,,,,,,,,,,,,,,,,,,,0.01,,,1.9,,,,,,,,,,,,,,,,,,,,,,,,,,,,,,,,,,,,,,,,,,,,,,,,,2019-10-29,,1.91,,post-market,,,,,,,,,,,,,0.5263,,,,,,,,,,,,
2019-12-31,SYK,,,,,,,,,,,,,,,,,,,,,,,,,,,,,,,,,,,,,,0.03,,,2.46,,,,,,,,,,,,,,,,,,,,,,,,,,,,,,,,,,,,,,,,,,,,,,,,,2020-01-28,,2.49,,post-market,,,,,,,,,,,,,1.2195,,,,,,,,,,,,
2020-03-31,SYK,,,,,,,,,,,,,,,,,,,,,,,,,,,,,,,,,,,,,,0.1,,,1.74,,,,,,,,,,,,,,,,,,,,,,,,,,,,,,,,,,,,,,,,,,,,,,,,,2020-04-30,,1.84,,post-market,,,,,,,,,,,,,5.7471,,,,,,,,,,,,
2020-06-30,SYK,,,,,,,,,,,,,,,,,,,,,,,,,,,,,,,,,,,,,,0.07,,,0.57,,,,,,,,,,,,,,,,,,,,,,,,,,,,,,,,,,,,,,,,,,,,,,,,,2020-07-30,,0.64,,post-market,,,,,,,,,,,,,12.2807,,,,,,,,,,,,
2020-09-30,SYK,,,,,,,,,,,,,,,,,,,,,,,,,,,,,,,,,,,,,,0.71,,,1.43,,,,,,,,,,,,,,,,,,,,,,,,,,,,,,,,,,,,,,,,,,,,,,,,,2020-10-29,,2.14,,post-market,,,,,,,,,,,,,49.6503,,,,,,,,,,,,
2020-12-31,SYK,,,,,,,,,,,,,,,,,,,,,,,,,,,,,,,,,,,,,,0.26,,,2.55,,,,,,,,,,,,,,,,,,,,,,,,,,,,,,,,,,,,,,,,,,,,,,,,,2021-01-27,,2.81,,post-market,,,,,,,,,,,,,10.1961,,,,,,,,,,,,
2021-03-31,SYK,,,,,,,,,,,,,,,,,,,,,,,,,,,,,,,,,,,,,,-0.05,,,1.98,,,,,,,,,,,,,,,,,,,,,,,,,,,,,,,,,,,,,,,,,,,,,,,,,2021-04-27,,1.93,,post-market,,,,,,,,,,,,,-2.5253,,,,,,,,,,,,
2021-06-30,SYK,,,,,,,,,,,,,,,,,,,,,,,,,,,,,,,,,,,,,,0.12,,,2.13,,,,,,,,,,,,,,,,,,,,,,,,,,,,,,,,,,,,,,,,,,,,,,,,,2021-07-27,,2.25,,post-market,,,,,,,,,,,,,5.6338,,,,,,,,,,,,
2021-09-30,SYK,,,,,,,,,,,,,,,,,,,,,,,,,,,,,,,,,,,,,,-0.08,,,2.28,,,,,,,,,,,,,,,,,,,,,,,,,,,,,,,,,,,,,,,,,,,,,,,,,2021-10-28,,2.2,,post-market,,,,,,,,,,,,,-3.5088,,,,,,,,,,,,
2021-12-31,SYK,,,,,,,,,,,,,,,,,,,,,,,,,,,,,,,,,,,,,,-0.01,,,2.72,,,,,,,,,,,,,,,,,,,,,,,,,,,,,,,,,,,,,,,,,,,,,,,,,2022-01-27,,2.71,,post-market,,,,,,,,,,,,,-0.3676,,,,,,,,,,,,
2022-03-31,SYK,,,,,,,,,,,,,,,,,,,,,,,,,,,,,,,,,,,,,,0.05,,,1.92,,,,,,,,,,,,,,,,,,,,,,,,,,,,,,,,,,,,,,,,,,,,,,,,,2022-04-28,,1.97,,post-market,,,,,,,,,,,,,2.6042,,,,,,,,,,,,
2022-06-30,SYK,,,,,,,,,,,,,,,,,,,,,,,,,,,,,,,,,,,,,,-0.03,,,2.28,,,,,,,,,,,,,,,,,,,,,,,,,,,,,,,,,,,,,,,,,,,,,,,,,2022-07-26,,2.25,,post-market,,,,,,,,,,,,,-1.3158,,,,,,,,,,,,
2022-09-30,SYK,,,,,,,,,,,,,,,,,,,,,,,,,,,,,,,,,,,,,,-0.11,,,2.23,,,,,,,,,,,,,,,,,,,,,,,,,,,,,,,,,,,,,,,,,,,,,,,,,2022-10-31,,2.12,,post-market,,,,,,,,,,,,,-4.9327,,,,,,,,,,,,
2022-12-31,SYK,,,,,,,,,,,,,,,,,,,,,,,,,,,,,,,,,,,,,,0.16,,,2.84,,,,,,,,,,,,,,,,,,,,,,,,,,,,,,,,,,,,,,,,,,,,,,,,,2023-01-31,,3.0,,post-market,,,,,,,,,,,,,5.6338,,,,,,,,,,,,
2023-03-31,SYK,,,,,,,,,,,,,,,,,,,,,,,,,,,,,,,,,,,,,,0.14,,,2.0,,,,,,,,,,,,,,,,,,,,,,,,,,,,,,,,,,,,,,,,,,,,,,,,,2023-05-01,,2.14,,post-market,,,,,,,,,,,,,7.0,,,,,,,,,,,,
2023-06-30,SYK,,,,,,,,,,,,,,,,,,,,,,,,,,,,,,,,,,,,,,0.16,,,2.38,,,,,,,,,,,,,,,,,,,,,,,,,,,,,,,,,,,,,,,,,,,,,,,,,2023-08-03,,2.54,,post-market,,,,,,,,,,,,,6.7227,,,,,,,,,,,,
2023-09-30,SYK,,,,,,,,,,,,,,,,,,,,,,,,,,,,,,,,,,,,,,0.02,,,2.44,,,,,,,,,,,,,,,,,,,,,,,,,,,,,,,,,,,,,,,,,,,,,,,,,2023-11-02,,2.46,,post-market,,,,,,,,,,,,,0.8197,,,,,,,,,,,,
2023-12-31,SYK,,,,,,,,,,,,,,,,,,,,,,,,,,,,,,,,,,,,,,0.19,,,3.27,,,,,,,,,,,,,,,,,,,,,,,,,,,,,,,,,,,,,,,,,,,,,,,,,2024-01-30,,3.46,,post-market,,,,,,,,,,,,,5.8104,,,,,,,,,,,,
2024-03-31,SYK,,,,,,,,,,,,,,,,,,,,,,,,,,,,,,,,,,,,,,0.14,,,2.36,,,,,,,,,,,,,,,,,,,,,,,,,,,,,,,,,,,,,,,,,,,,,,,,,2024-04-30,,2.5,,post-market,,,,,,,,,,,,,5.9322,,,,,,,,,,,,
2024-06-30,SYK,,,,,,,,,,,,,,,,,,,,,,,,,,,,,,,,,,,,,,0.02,,,2.79,,,,,,,,,,,,,,,,,,,,,,,,,,,,,,,,,,,,,,,,,,,,,,,,,2024-07-30,,2.81,,post-market,,,,,,,,,,,,,0.7168,,,,,,,,,,,,
2024-09-30,SYK,,,,,,,,,,,,,,,,,,,,,,,,,,,,,,,,,,,,,,0.1,,,2.77,,,,,,,,,,,,,,,,,,,,,,,,,,,,,,,,,,,,,,,,,,,,,,,,,2024-10-29,,2.87,,post-market,,,,,,,,,,,,,3.6101,,,,,,,,,,,,
2024-12-31,SYK,,,,,,,,,,,,,,,,,,,,,,,,,,,,,,,,,,,,,,0.14,,,3.87,,,,,,,,,,,,,,,,,,,,,,,,,,,,,,,,,,,,,,,,,,,,,,,,,2025-01-28,,4.01,,post-market,,,,,,,,,,,,,3.6176,,,,,,,,,,,,
2025-03-31,SYK,,,,,,,,,,,,,,,,,,,,,,,,,,,,,,,,,,,,,,0.11,,,2.73,,,,,,,,,,,,,,,,,,,,,,,,,,,,,,,,,,,,,,,,,,,,,,,,,2025-05-01,,2.84,,post-market,,,,,,,,,,,,,4.0293,,,,,,,,,,,,
2025-06-30,SYK,,,,,,,,,,,,,,,,,,,,,,,,,,,,,,,,,,,,,,0.06,,,3.07,,,,,,,,,,,,,,,,,,,,,,,,,,,,,,,,,,,,,,,,,,,,,,,,,2025-07-31,,3.13,,post-market,,,,,,,,,,,,,1.9544,,,,,,,,,,,,
2025-09-30,SYK,,,,,,,,,,,,,,,,,,,,,,,,,,,,,,,,,,,,,,0.06,,,3.13,,,,,,,,,,,,,,,,,,,,,,,,,,,,,,,,,,,,,,,,,,,,,,,,,2025-10-30,,3.19,,post-market,,,,,,,,,,,,,1.9169,,,,,,,,,,,,
2025-12-28,SYK,7.62,24381000000.0,46.49,,0.895,56.97,,,,,,,,,,,,,,,,,,,,,,,,,,3.36,0.0095,,,,0.028,0.06,,,3.13,,23.75,,15859000000.0,,,,,,,,,,,,,,,,,,,0.223,,,,,,,,,,,,,1.465,6.22,5.56,,,,,,,,0.121,,,2025-10-30,,3.19,,post-market,,,0.075,0.14,0.102,63.84,,,,,375.08,364.49,1.9169,,,,,,,,,46.49,,403.95,327.71
2025-12-28,SYK,7.62,24381000000.0,46.49,,0.895,56.97,,,,,,,,,,,,,,,None,2205000000,2205000000,,,,,,None,334000000,,3.36,0.0095,,,,0.028,0.06,1029000000,1363000000,3.13,2025-09-30,23.75,,15859000000.0,3852000000,1029000000,170000000,,,None,None,28000000,,None,,,,,859000000,859000000,None,None,0.223,,2717000000,1135000000,,,,,None,,,,,1.465,6.22,5.56,,,,,,,,0.121,,,2025-10-30,quarterly,3.19,USD,post-market,410000000,,0.075,0.14,0.102,63.84,2045000000,,,,375.08,364.49,1.9169,,,,,,,6057000000,,46.49,,403.95,327.71
2025-12-28,SYK,7.62,24381000000.0,46.49,,0.895,56.97,,,,,,,,,,,,,,,None,2272000000,2272000000,,,,,,None,296000000,,3.36,0.0095,,,,0.028,0.06,1175000000,1471000000,3.13,2025-06-30,23.75,,15859000000.0,3750000000,1016000000,132000000,,,None,159000000,24000000,,None,,,,,884000000,884000000,None,None,0.223,,2389000000,1361000000,,,,,None,,,,,1.465,6.22,5.56,,,,,,,,0.121,,,2025-10-30,quarterly,3.19,USD,post-market,396000000,,0.075,0.14,0.102,63.84,1993000000,,,,375.08,364.49,1.9169,,,,,,,6022000000,,46.49,,403.95,327.71
2025-12-28,SYK,7.62,24381000000.0,46.49,,0.895,56.97,,,,,,,,,,,,,,,None,2186000000,2186000000,,,,,,None,272000000,,3.36,0.0095,,,,0.028,0.06,764000000,1036000000,3.13,2025-03-31,23.75,,15859000000.0,3680000000,764000000,110000000,,,None,None,38000000,,None,,,,,654000000,654000000,None,None,0.223,,2501000000,1179000000,,,,,None,,,,,1.465,6.22,5.56,,,,,,,,0.121,,,2025-10-30,quarterly,3.19,USD,post-market,393000000,,0.075,0.14,0.102,63.84,2300000000,,,,375.08,364.49,1.9169,,,,,,,5866000000,,46.49,,403.95,327.71
2025-12-28,SYK,7.62,24381000000.0,46.49,,0.895,56.97,,,,,,,,,,,,,,,None,2447000000,2447000000,,,,,,None,264000000,,3.36,0.0095,,,,0.028,0.06,528000000,792000000,3.13,2024-12-31,23.75,,15859000000.0,3989000000,528000000,-18000000,,,None,None,47000000,,None,,,,,546000000,546000000,None,None,0.223,,2326000000,1663000000,,,,,None,,,,,1.465,6.22,5.56,,,,,,,,0.121,,,2025-10-30,quarterly,3.19,USD,post-market,342000000,,0.075,0.14,0.102,63.84,2102000000,,,,375.08,364.49,1.9169,,,,,,,6436000000,,46.49,,403.95,327.71
2025-12-28,SYK,7.62,24381000000.0,46.49,,0.895,56.97,,,,,,,,,,,,,,,None,2101000000,2101000000,,,,,,None,268000000,,3.36,0.0095,,,,0.028,0.06,1043000000,1311000000,3.13,2024-09-30,23.75,,15859000000.0,3393000000,1043000000,209000000,,,None,None,30000000,,None,,,,,834000000,834000000,None,None,0.223,,2185000000,1208000000,,,,,None,,,,,1.465,6.22,5.56,,,,,,,,0.121,,,2025-10-30,quarterly,3.19,USD,post-market,364000000,,0.075,0.14,0.102,63.84,1896000000,,,,375.08,364.49,1.9169,,,,,,,5494000000,,46.49,,403.95,327.71
2025-12-28,SYK,7.62,24381000000.0,46.49,,0.895,56.97,,,,,,,,,,,,,,,None,2098000000,2098000000,,,,,,None,258000000,,3.36,0.0095,,,,0.028,0.06,998000000,1256000000,3.13,2024-06-30,23.75,,15859000000.0,3324000000,998000000,173000000,,,None,None,None,,None,,,,,825000000,825000000,None,None,0.223,,2166000000,1158000000,,,,,None,,,,,1.465,6.22,5.56,,,,,,,,0.121,,,2025-10-30,quarterly,3.19,USD,post-market,352000000,,0.075,0.14,0.102,63.84,1847000000,,,,375.08,364.49,1.9169,,,,,,,5422000000,,46.49,,403.95,327.71
2025-12-28,SYK,7.62,24381000000.0,46.49,,0.895,56.97,,,,,,,,,,,,,,,None,2049000000,2049000000,,,,,,None,260000000,,3.36,0.0095,,,,0.028,0.06,923000000,1183000000,3.13,2024-03-31,23.75,,15859000000.0,3194000000,923000000,135000000,,,None,None,None,,None,,,,,788000000,788000000,None,None,0.223,,2191000000,1003000000,,,,,None,,,,,1.465,6.22,5.56,,,,,,,,0.121,,,2025-10-30,quarterly,3.19,USD,post-market,356000000,,0.075,0.14,0.102,63.84,1840000000,,,,375.08,364.49,1.9169,,,,,,,5243000000,,46.49,,403.95,327.71
2025-12-28,SYK,7.62,24381000000.0,46.49,,0.895,56.97,,,,,,,,,,,,,,,None,2261000000,2261000000,,,,,,None,250000000,,3.36,0.0095,,,,0.028,0.06,1226000000,1476000000,3.13,2023-12-31,23.75,,15859000000.0,3554000000,1226000000,83000000,,,None,None,None,,None,,,,,1143000000,1143000000,None,None,0.223,,2129000000,1425000000,,,,,None,,,,,1.465,6.22,5.56,,,,,,,,0.121,,,2025-10-30,quarterly,3.19,USD,post-market,328000000,,0.075,0.14,0.102,63.84,1941000000,,,,375.08,364.49,1.9169,,,,,,,5815000000,,46.49,,403.95,327.71
2025-12-28,SYK,7.62,24381000000.0,46.49,,0.895,56.97,,,,,,,,,,,,,,,None,1889000000,1889000000,,,,,,None,262000000,,3.36,0.0095,,,,0.028,0.06,869000000,1131000000,3.13,2023-09-30,23.75,,15859000000.0,3020000000,869000000,177000000,,,None,None,15000000,,None,,,,,692000000,692000000,None,None,0.223,,2029000000,991000000,,,,,None,,,,,1.465,6.22,5.56,,,,,,,,0.121,,,2025-10-30,quarterly,3.19,USD,post-market,335000000,,0.075,0.14,0.102,63.84,1701000000,,,,375.08,364.49,1.9169,,,,,,,4909000000,,46.49,,403.95,327.71
2025-12-28,SYK,7.62,24381000000.0,46.49,,0.895,56.97,,,,,,,,,,,,,,,None,1958000000,1958000000,,,,,,None,259000000,,3.36,0.0095,,,,0.028,0.06,899000000,1158000000,3.13,2023-06-30,23.75,,15859000000.0,3038000000,899000000,161000000,,,None,None,11000000,,None,,,,,738000000,738000000,None,None,0.223,,1974000000,1064000000,,,,,-66000000,,,,,1.465,6.22,5.56,,,,,,,,0.121,,,2025-10-30,quarterly,3.19,USD,post-market,319000000,,0.075,0.14,0.102,63.84,1706000000,,,,375.08,364.49,1.9169,,,,,,,4996000000,,46.49,,403.95,327.71
2025-12-28,SYK,7.62,24381000000.0,46.49,,0.895,56.97,,,,,,,,,,,,,,,None,1908000000,1908000000,,,,,,None,257000000,,3.36,0.0095,,,,0.028,0.06,679000000,936000000,3.13,2023-03-31,23.75,,15859000000.0,2870000000,679000000,87000000,,,None,56000000,14000000,,None,,,,,592000000,592000000,None,None,0.223,,2012000000,858000000,,,,,-56000000,,,,,1.465,6.22,5.56,,,,,,,,0.121,,,2025-10-30,quarterly,3.19,USD,post-market,311000000,,0.075,0.14,0.102,63.84,1781000000,,,,375.08,364.49,1.9169,,,,,,,4778000000,,46.49,,403.95,327.71
2025-12-28,SYK,7.62,24381000000.0,46.49,,0.895,56.97,,,,,,,,,,,,,,,None,2130000000,2130000000,,,,,,None,253000000,,3.36,0.0095,,,,0.028,0.06,761000000,1014000000,3.13,2022-12-31,23.75,,15859000000.0,3072000000,761000000,198000000,,,None,53000000,33000000,,None,,,,,563000000,563000000,None,None,0.223,,1877000000,1195000000,,,,,-53000000,,,,,1.465,6.22,5.56,,,,,,,,0.121,,,2025-10-30,quarterly,3.19,USD,post-market,284000000,,0.075,0.14,0.102,63.84,1593000000,,,,375.08,364.49,1.9169,,,,,,,5202000000,,46.49,,403.95,327.71
2025-12-28,SYK,7.62,24381000000.0,46.49,,0.895,56.97,,,,,,,,,,,,,,,None,1829000000,1829000000,,,,,,None,250000000,,3.36,0.0095,,,,0.028,0.06,816000000,1066000000,3.13,2022-09-30,23.75,,15859000000.0,2650000000,816000000,-8000000,,,None,8000000,26000000,,None,,,,,816000000,816000000,None,None,0.223,,1801000000,849000000,,,,,8000000,,,,,1.465,6.22,5.56,,,,,,,,0.121,,,2025-10-30,quarterly,3.19,USD,post-market,317000000,,0.075,0.14,0.102,63.84,1455000000,,,,375.08,364.49,1.9169,,,,,,,4479000000,,46.49,,403.95,327.71
2025-12-28,SYK,7.62,24381000000.0,46.49,,0.895,56.97,,,,,,,,,,,,,,,None,1807000000,1807000000,,,,,,None,253000000,,3.36,0.0095,,,,0.028,0.06,720000000,973000000,3.13,2022-06-30,23.75,,15859000000.0,2686000000,720000000,64000000,,,None,52000000,20000000,,None,,,,,656000000,656000000,None,None,0.223,,1780000000,906000000,,,,,-52000000,,,,,1.465,6.22,5.56,,,,,,,,0.121,,,2025-10-30,quarterly,3.19,USD,post-market,323000000,,0.075,0.14,0.102,63.84,1539000000,,,,375.08,364.49,1.9169,,,,,,,4493000000,,46.49,,403.95,327.71
2025-12-28,SYK,7.62,24381000000.0,46.49,,0.895,56.97,,,,,,,,,,,,,,,None,1684000000,1684000000,,,,,,None,242000000,,3.36,0.0095,,,,0.028,0.06,386000000,628000000,3.13,2022-03-31,23.75,,15859000000.0,2591000000,386000000,63000000,,,None,61000000,15000000,,None,,,,,323000000,323000000,None,None,0.223,,1807000000,784000000,,,,,-61000000,,,,,1.465,6.22,5.56,,,,,,,,0.121,,,2025-10-30,quarterly,3.19,USD,post-market,306000000,,0.075,0.14,0.102,63.84,1710000000,,,,375.08,364.49,1.9169,,,,,,,4275000000,,46.49,,403.95,327.71
2025-12-28,SYK,7.62,24381000000.0,46.49,,0.895,56.97,,,,,,,,,,,,,,,None,1773000000,1773000000,,,,,,None,238000000,,3.36,0.0095,,,,0.028,0.06,1091000000,1329000000,3.13,2021-12-31,23.75,,15859000000.0,2928000000,757000000,95000000,,,None,None,18000000,,None,,,,,662000000,662000000,None,None,0.223,,1838000000,1090000000,,,,,-62000000,,,,,1.465,6.22,5.56,,,,,,,,0.121,,,2025-10-30,quarterly,3.19,USD,post-market,331000000,,0.075,0.14,0.102,63.84,1507000000,,,,375.08,364.49,1.9169,,,,,,,4701000000,,46.49,,403.95,327.71
2025-12-28,SYK,7.62,24381000000.0,46.49,,0.895,56.97,,,,,,,,,,,,,,,None,1539000000,1539000000,,,,,,None,235000000,,3.36,0.0095,,,,0.028,0.06,495000000,730000000,3.13,2021-09-30,23.75,,15859000000.0,2621000000,495000000,57000000,,,None,None,15000000,,None,,,,,438000000,438000000,None,None,0.223,,1725000000,896000000,,,,,-79000000,,,,,1.465,6.22,5.56,,,,,,,,0.121,,,2025-10-30,quarterly,3.19,USD,post-market,306000000,,0.075,0.14,0.102,63.84,1419000000,,,,375.08,364.49,1.9169,,,,,,,4160000000,,46.49,,403.95,327.71
2025-12-28,SYK,7.62,24381000000.0,46.49,,0.895,56.97,,,,,,,,,,,,,,,None,1611000000,1611000000,,,,,,None,241000000,,3.36,0.0095,,,,0.028,0.06,662000000,903000000,3.13,2021-06-30,23.75,,15859000000.0,2683000000,662000000,70000000,,,None,None,18000000,,None,,,,,592000000,592000000,None,None,0.223,,1746000000,937000000,,,,,-70000000,,,,,1.465,6.22,5.56,,,,,,,,0.121,,,2025-10-30,quarterly,3.19,USD,post-market,310000000,,0.075,0.14,0.102,63.84,1505000000,,,,375.08,364.49,1.9169,,,,,,,4294000000,,46.49,,403.95,327.71
2025-12-28,SYK,7.62,24381000000.0,46.49,,0.895,56.97,,,,,,,,,,,,,,,None,1547000000,1547000000,,,,,,None,276000000,,3.36,0.0095,,,,0.028,0.06,367000000,643000000,3.13,2021-03-31,23.75,,15859000000.0,2406000000,367000000,65000000,,,None,None,17000000,,None,,,,,302000000,302000000,None,None,0.223,,1678000000,728000000,,,,,-92000000,,,,,1.465,6.22,5.56,,,,,,,,0.121,,,2025-10-30,quarterly,3.19,USD,post-market,288000000,,0.075,0.14,0.102,63.84,1575000000,,,,375.08,364.49,1.9169,,,,,,,3953000000,,46.49,,403.95,327.71
2025-12-28,SYK,7.62,24381000000.0,46.49,,0.895,56.97,,,,,,,,,,,,,,,None,1618000000,1618000000,,,,,,None,223000000,,3.36,0.0095,,,,0.028,0.06,671000000,894000000,3.13,2020-12-31,23.75,,15859000000.0,2644000000,671000000,103000000,,,None,None,18000000,,None,,,,,568000000,568000000,None,None,0.223,,1548000000,1096000000,,,,,-78000000,,,,,1.465,6.22,5.56,,,,,,,,0.121,,,2025-10-30,quarterly,3.19,USD,post-market,255000000,,0.075,0.14,0.102,63.84,1562000000,,,,375.08,364.49,1.9169,,,,,,,4262000000,,46.49,,403.95,327.71
2025-12-28,SYK,7.62,24381000000.0,46.49,,0.895,56.97,,,,,,,,,,,,,,,None,1390000000,1390000000,,,,,,None,198000000,,3.36,0.0095,,,,0.028,0.06,780000000,978000000,3.13,2020-09-30,23.75,,15859000000.0,2347000000,780000000,159000000,,,None,None,19000000,,None,,,,,621000000,621000000,None,None,0.223,,1428000000,919000000,,,,,-79000000,,,,,1.465,6.22,5.56,,,,,,,,0.121,,,2025-10-30,quarterly,3.19,USD,post-market,242000000,,0.075,0.14,0.102,63.84,1244000000,,,,375.08,364.49,1.9169,,,,,,,3737000000,,46.49,,403.95,327.71
2025-12-28,SYK,7.62,24381000000.0,46.49,,0.895,56.97,,,,,,,,,,,,,,,None,1326000000,1326000000,,,,,,None,193000000,,3.36,0.0095,,,,0.028,0.06,-87000000,106000000,3.13,2020-06-30,23.75,,15859000000.0,1438000000,-87000000,-4000000,,,None,None,25000000,,None,,,,,-83000000,-83000000,None,None,0.223,,1230000000,208000000,,,,,-67000000,,,,,1.465,6.22,5.56,,,,,,,,0.121,,,2025-10-30,quarterly,3.19,USD,post-market,233000000,,0.075,0.14,0.102,63.84,1225000000,,,,375.08,364.49,1.9169,,,,,,,2764000000,,46.49,,403.95,327.71
2025-12-28,SYK,7.62,24381000000.0,46.49,,0.895,56.97,,,,,,,,,,,,,,,None,1375000000,1375000000,,,,,,None,198000000,,3.36,0.0095,,,,0.028,0.06,590000000,788000000,3.13,2020-03-31,23.75,,15859000000.0,2213000000,590000000,97000000,,,None,None,40000000,,None,,,,,493000000,493000000,None,None,0.223,,1499000000,714000000,,,,,-45000000,,,,,1.465,6.22,5.56,,,,,,,,0.121,,,2025-10-30,quarterly,3.19,USD,post-market,254000000,,0.075,0.14,0.102,63.84,1330000000,,,,375.08,364.49,1.9169,,,,,,,3588000000,,46.49,,403.95,327.71
2025-12-28,SYK,7.62,24381000000.0,46.49,,0.895,56.97,,,,,,,,,,,,,,,None,1504000000,1504000000,,,,,,None,195000000,,3.36,0.0095,,,,0.028,0.06,936000000,1131000000,3.13,2019-12-31,23.75,,15859000000.0,2627000000,936000000,211000000,,,None,287000000,56000000,,None,,,,,725000000,725000000,None,None,0.223,,1590000000,1037000000,,,,,-8000000,,,,,1.465,6.22,5.56,,,,,,,,0.121,,,2025-10-30,quarterly,3.19,USD,post-market,254000000,,0.075,0.14,0.102,63.84,1380000000,,,,375.08,364.49,1.9169,,,,,,,4131000000,,46.49,,403.95,327.71
2025-12-28,SYK,7.62,24381000000.0,46.49,,0.895,56.97,,,,,,,,,,,,,,,None,1375000000,1375000000,,,,,,None,194000000,,3.36,0.0095,,,,0.028,0.06,581000000,775000000,3.13,2019-09-30,23.75,,15859000000.0,2212000000,581000000,115000000,,,None,287000000,37000000,,None,,,,,466000000,466000000,None,None,0.223,,1460000000,752000000,,,,,-47000000,,,,,1.465,6.22,5.56,,,,,,,,0.121,,,2025-10-30,quarterly,3.19,USD,post-market,246000000,,0.075,0.14,0.102,63.84,1291000000,,,,375.08,364.49,1.9169,,,,,,,3587000000,,46.49,,403.95,327.71
2025-12-28,SYK,7.62,24381000000.0,46.49,,0.895,56.97,,,,,,,,,,,,,,,None,1392000000,1392000000,,,,,,None,199000000,,3.36,0.0095,,,,0.028,0.06,565000000,764000000,3.13,2019-06-30,23.75,,15859000000.0,2258000000,565000000,85000000,,,None,287000000,32000000,,None,,,,,480000000,480000000,None,None,0.223,,1438000000,820000000,,,,,-48000000,,,,,1.465,6.22,5.56,,,,,,,,0.121,,,2025-10-30,quarterly,3.19,USD,post-market,246000000,,0.075,0.14,0.102,63.84,1282000000,,,,375.08,364.49,1.9169,,,,,,,3650000000,,46.49,,403.95,327.71
2025-12-28,SYK,7.62,24381000000.0,46.49,,0.895,56.97,,,,,,,,,,,,,,,None,1347000000,1347000000,,,,,,None,190000000,,3.36,0.0095,,,,0.028,0.06,480000000,670000000,3.13,2019-03-31,23.75,,15859000000.0,2169000000,480000000,68000000,,,None,287000000,37000000,,None,,,,,412000000,412000000,None,None,0.223,,1437000000,732000000,,,,,-48000000,,,,,1.465,6.22,5.56,,,,,,,,0.121,,,2025-10-30,quarterly,3.19,USD,post-market,225000000,,0.075,0.14,0.102,63.84,1403000000,,,,375.08,364.49,1.9169,,,,,,,3516000000,,46.49,,403.95,327.71
2025-12-28,SYK,7.62,24381000000.0,46.49,,0.895,56.97,,,,,,,,,,,,,,,None,1419000000,1419000000,,,,,,None,176000000,,3.36,0.0095,,,,0.028,0.06,618000000,794000000,3.13,2018-12-31,23.75,,15859000000.0,2377000000,657000000,-1411000000,,,None,264000000,None,,None,,,,,2068000000,2068000000,None,None,0.223,,1461000000,916000000,,,,,-41000000,,,,,1.465,6.22,5.56,,,,,,,,0.121,,,2025-10-30,quarterly,3.19,USD,post-market,221000000,,0.075,0.14,0.102,63.84,1431000000,,,,375.08,364.49,1.9169,,,,,,,3796000000,,46.49,,403.95,327.71
2025-12-28,SYK,7.62,24381000000.0,46.49,,0.895,56.97,,,,,,,,,,,,,,,None,1199000000,1199000000,,,,,,None,185000000,,3.36,0.0095,,,,0.028,0.06,534000000,719000000,3.13,2018-09-30,23.75,,15859000000.0,2043000000,534000000,-56000000,,,None,264000000,None,,None,,,,,590000000,590000000,None,None,0.223,,1350000000,693000000,,,,,-42000000,,,,,1.465,6.22,5.56,,,,,,,,0.121,,,2025-10-30,quarterly,3.19,USD,post-market,221000000,,0.075,0.14,0.102,63.84,1242000000,,,,375.08,364.49,1.9169,,,,,,,3242000000,,46.49,,403.95,327.71
2025-12-28,SYK,7.62,24381000000.0,46.49,,0.895,56.97,,,,,,,,,,,,,,,None,1242000000,1242000000,,,,,,None,186000000,,3.36,0.0095,,,,0.028,0.06,623000000,809000000,3.13,2018-06-30,23.75,,15859000000.0,2080000000,623000000,171000000,,,None,264000000,None,,None,,,,,452000000,452000000,None,None,0.223,,1337000000,743000000,,,,,-49000000,,,,,1.465,6.22,5.56,,,,,,,,0.121,,,2025-10-30,quarterly,3.19,USD,post-market,216000000,,0.075,0.14,0.102,63.84,1190000000,,,,375.08,364.49,1.9169,,,,,,,3322000000,,46.49,,403.95,327.71
2025-12-28,SYK,7.62,24381000000.0,46.49,,0.895,56.97,,,,,,,,,,,,,,,None,1206000000,1206000000,,,,,,None,176000000,,3.36,0.0095,,,,0.028,0.06,542000000,718000000,3.13,2018-03-31,23.75,,15859000000.0,2035000000,542000000,99000000,,,None,264000000,None,,None,,,,,443000000,443000000,None,None,0.223,,1339000000,696000000,,,,,-49000000,,,,,1.465,6.22,5.56,,,,,,,,0.121,,,2025-10-30,quarterly,3.19,USD,post-market,204000000,,0.075,0.14,0.102,63.84,1236000000,,,,375.08,364.49,1.9169,,,,,,,3241000000,,46.49,,403.95,327.71
2025-12-28,SYK,7.62,24381000000.0,46.49,,0.895,56.97,,,,,,,,,,,,,,,None,1326000000,1326000000,,,,,,None,169000000,,3.36,0.0095,,,,0.028,0.06,579000000,748000000,3.13,2017-12-31,23.75,,15859000000.0,2145000000,649000000,898000000,,,None,247000000,None,,None,,,,,-249000000,-249000000,None,None,0.223,,1382000000,763000000,,,,,-63000000,,,,,1.465,6.22,5.56,,,,,,,,0.121,,,2025-10-30,quarterly,3.19,USD,post-market,205000000,,0.075,0.14,0.102,63.84,1217000000,,,,375.08,364.49,1.9169,,,,,,,3471000000,,46.49,,403.95,327.71
2025-12-28,SYK,7.62,24381000000.0,46.49,,0.895,56.97,,,,,,,,,,,,,,,None,1116000000,1116000000,,,,,,None,163000000,,3.36,0.0095,,,,0.028,0.06,471000000,634000000,3.13,2017-09-30,23.75,,15859000000.0,1890000000,471000000,37000000,,,None,0,None,,None,,,,,434000000,434000000,None,None,0.223,,1257000000,633000000,,,,,-52000000,,,,,1.465,6.22,5.56,,,,,,,,0.121,,,2025-10-30,quarterly,3.19,USD,post-market,198000000,,0.075,0.14,0.102,63.84,1103000000,,,,375.08,364.49,1.9169,,,,,,,3006000000,,46.49,,403.95,327.71
2025-12-28,SYK,7.62,24381000000.0,46.49,,0.895,56.97,,,,,,,,,,,,,,,None,1117000000,1117000000,,,,,,None,160000000,,3.36,0.0095,,,,0.028,0.06,444000000,604000000,3.13,2017-06-30,23.75,,15859000000.0,1895000000,444000000,53000000,,,None,0,None,,None,,,,,391000000,391000000,None,None,0.223,,1245000000,650000000,,,,,-57000000,,,,,1.465,6.22,5.56,,,,,,,,0.121,,,2025-10-30,quarterly,3.19,USD,post-market,192000000,,0.075,0.14,0.102,63.84,1130000000,,,,375.08,364.49,1.9169,,,,,,,3012000000,,46.49,,403.95,327.71
2025-12-28,SYK,7.62,24381000000.0,46.49,,0.895,56.97,,,,,,,,,,,,,,,None,1081000000,1081000000,,,,,,None,150000000,,3.36,0.0095,,,,0.028,0.06,499000000,649000000,3.13,2017-03-31,23.75,,15859000000.0,1874000000,499000000,55000000,,,None,0,None,,None,,,,,444000000,444000000,None,None,0.223,,1251000000,623000000,,,,,-55000000,,,,,1.465,6.22,5.56,,,,,,,,0.121,,,2025-10-30,quarterly,3.19,USD,post-market,192000000,,0.075,0.14,0.102,63.84,1102000000,,,,375.08,364.49,1.9169,,,,,,,2955000000,,46.49,,403.95,327.71
2025-12-28,SYK,7.62,24381000000.0,46.49,,0.895,56.97,,,,,,,,,,,,,,,None,1153000000,1153000000,,,,,,None,151000000,,3.36,0.0095,,,,0.028,0.06,588000000,739000000,3.13,2016-12-31,23.75,,15859000000.0,2004000000,588000000,78000000,,,None,228000000,None,,None,,,,,510000000,510000000,None,None,0.223,,1282000000,722000000,,,,,-73000000,,,,,1.465,6.22,5.56,,,,,,,,0.121,,,2025-10-30,quarterly,3.19,USD,post-market,189000000,,0.075,0.14,0.102,63.84,1093000000,,,,375.08,364.49,1.9169,,,,,,,3157000000,,46.49,,403.95,327.71
2025-12-28,SYK,7.62,24381000000.0,46.49,,0.895,56.97,,,,,,,,,,,,,,,None,1045000000,1045000000,,,,,,None,148000000,,3.36,0.0095,,,,0.028,0.06,419000000,567000000,3.13,2016-09-30,23.75,,15859000000.0,1788000000,419000000,64000000,,,None,0,None,,None,,,,,355000000,355000000,None,None,0.223,,1171000000,617000000,,,,,-67000000,,,,,1.465,6.22,5.56,,,,,,,,0.121,,,2025-10-30,quarterly,3.19,USD,post-market,184000000,,0.075,0.14,0.102,63.84,1057000000,,,,375.08,364.49,1.9169,,,,,,,2833000000,,46.49,,403.95,327.71
2025-12-28,SYK,7.62,24381000000.0,46.49,,0.895,56.97,,,,,,,,,,,,,,,None,998000000,998000000,,,,,,None,145000000,,3.36,0.0095,,,,0.028,0.06,616000000,761000000,3.13,2016-06-30,23.75,,15859000000.0,1842000000,433000000,53000000,,,None,0,None,,None,,,,,380000000,380000000,None,None,0.223,,1314000000,500000000,,,,,-67000000,,,,,1.465,6.22,5.56,,,,,,,,0.121,,,2025-10-30,quarterly,3.19,USD,post-market,183000000,,0.075,0.14,0.102,63.84,1043000000,,,,375.08,364.49,1.9169,,,,,,,2840000000,,46.49,,403.95,327.71
2025-12-28,SYK,7.62,24381000000.0,46.49,,0.895,56.97,,,,,,,,,,,,,,,None,801000000,801000000,,,,,,None,102000000,,3.36,0.0095,,,,0.028,0.06,551000000,653000000,3.13,2016-03-31,23.75,,15859000000.0,1694000000,481000000,79000000,,,None,0,None,,None,,,,,402000000,402000000,None,None,0.223,,1156000000,519000000,,,,,-38000000,,,,,1.465,6.22,5.56,,,,,,,,0.121,,,2025-10-30,quarterly,3.19,USD,post-market,159000000,,0.075,0.14,0.102,63.84,944000000,,,,375.08,364.49,1.9169,,,,,,,2495000000,,46.49,,403.95,327.71
2025-12-28,SYK,7.62,24381000000.0,46.49,,0.895,56.97,,,,,,,,,,,,,,,None,895000000,895000000,,,,,,None,108000000,,3.36,0.0095,,,,0.028,0.06,686000000,794000000,3.13,2015-12-31,23.75,,15859000000.0,1820000000,612000000,90000000,,,None,108000000,None,,None,,,,,522000000,522000000,None,None,0.223,,1192000000,648000000,,,,,-36000000,,,,,1.465,6.22,5.56,,,,,,,,0.121,,,2025-10-30,quarterly,3.19,USD,post-market,164000000,,0.075,0.14,0.102,63.84,970000000,,,,375.08,364.49,1.9169,,,,,,,2715000000,,46.49,,403.95,327.71
2025-12-28,SYK,7.62,24381000000.0,46.49,,0.895,56.97,,,,,,,,,,,,,,,None,796000000,796000000,,,,,,None,101000000,,3.36,0.0095,,,,0.028,0.06,549000000,650000000,3.13,2015-09-30,23.75,,15859000000.0,1624000000,345000000,44000000,,,None,0,None,,None,,,,,301000000,301000000,None,None,0.223,,1096000000,378000000,,,,,-33000000,,,,,1.465,6.22,5.56,,,,,,,,0.121,,,2025-10-30,quarterly,3.19,USD,post-market,155000000,,0.075,0.14,0.102,63.84,887000000,,,,375.08,364.49,1.9169,,,,,,,2420000000,,46.49,,403.95,327.71
2025-12-28,SYK,7.62,24381000000.0,46.49,,0.895,56.97,,,,,,,,,,,,,,,None,827000000,827000000,,,,,,None,49000000,,3.36,0.0095,,,,0.028,0.06,574000000,623000000,3.13,2015-06-30,23.75,,15859000000.0,1605000000,401000000,9000000,,,None,0,None,,None,,,,,392000000,392000000,None,None,0.223,,1064000000,429000000,,,,,-28000000,,,,,1.465,6.22,5.56,,,,,,,,0.121,,,2025-10-30,quarterly,3.19,USD,post-market,154000000,,0.075,0.14,0.102,63.84,861000000,,,,375.08,364.49,1.9169,,,,,,,2432000000,,46.49,,403.95,327.71
2025-12-28,SYK,7.62,24381000000.0,46.49,,0.895,56.97,,,,,,,,,,,,,,,None,826000000,826000000,,,,,,None,49000000,,3.36,0.0095,,,,0.028,0.06,551000000,600000000,3.13,2015-03-31,23.75,,15859000000.0,1553000000,377000000,153000000,,,None,0,None,,None,,,,,224000000,224000000,None,None,0.223,,1093000000,406000000,,,,,-29000000,,,,,1.465,6.22,5.56,,,,,,,,0.121,,,2025-10-30,quarterly,3.19,USD,post-market,152000000,,0.075,0.14,0.102,63.84,892000000,,,,375.08,364.49,1.9169,,,,,,,2379000000,,46.49,,403.95,327.71
2025-12-28,SYK,7.62,24381000000.0,46.49,,0.895,56.97,,,,,,,,,,,,,,,None,892000000,892000000,,,,,,None,96000000,,3.36,0.0095,,,,0.028,0.06,675000000,771000000,3.13,2014-12-31,23.75,,15859000000.0,1726000000,461000000,201000000,,,None,113000000,None,,None,,,,,260000000,260000000,None,None,0.223,,1258000000,468000000,,,,,-7000000,,,,,1.465,6.22,5.56,,,,,,,,0.121,,,2025-10-30,quarterly,3.19,USD,post-market,153000000,,0.075,0.14,0.102,63.84,312000000,,,,375.08,364.49,1.9169,,,,,,,2618000000,,46.49,,403.95,327.71
2025-12-28,SYK,7.62,24381000000.0,46.49,,0.895,56.97,,,,,,,,,,,,,,,None,822000000,822000000,,,,,,None,97000000,,3.36,0.0095,,,,0.028,0.06,522000000,619000000,3.13,2014-09-30,23.75,,15859000000.0,1567000000,425000000,368000000,,,None,0,None,,None,,,,,57000000,57000000,None,None,0.223,,1113000000,450000000,,,,,-25000000,,,,,1.465,6.22,5.56,,,,,,,,0.121,,,2025-10-30,quarterly,3.19,USD,post-market,153000000,,0.075,0.14,0.102,63.84,910000000,,,,375.08,364.49,1.9169,,,,,,,2389000000,,46.49,,403.95,327.71
2025-12-28,SYK,7.62,24381000000.0,46.49,,0.895,56.97,,,,,,,,,,,,,,,None,808000000,808000000,,,,,,None,94000000,,3.36,0.0095,,,,0.028,0.06,513000000,607000000,3.13,2014-06-30,23.75,,15859000000.0,1555000000,277000000,62000000,,,None,0,None,,None,,,,,215000000,128000000,None,None,0.223,,1243000000,307000000,,,,,-30000000,,,,,1.465,6.22,5.56,,,,,,,,0.121,,,2025-10-30,quarterly,3.19,USD,post-market,158000000,,0.075,0.14,0.102,63.84,1148000000,,,,375.08,364.49,1.9169,,,,,,,2363000000,,46.49,,403.95,327.71
2025-12-28,SYK,7.62,24381000000.0,46.49,,0.895,56.97,,,,,,,,,,,,,,,None,769000000,769000000,,,,,,None,91000000,,3.36,0.0095,,,,0.028,0.06,511000000,602000000,3.13,2014-03-31,23.75,,15859000000.0,1536000000,107000000,37000000,,,None,0,None,,None,,,,,70000000,70000000,None,None,0.223,,1400000000,131000000,,,,,-24000000,,,,,1.465,6.22,5.56,,,,,,,,0.121,,,2025-10-30,quarterly,3.19,USD,post-market,150000000,,0.075,0.14,0.102,63.84,1205000000,,,,375.08,364.49,1.9169,,,,,,,2305000000,,46.49,,403.95,327.71
2025-12-28,SYK,7.62,24381000000.0,46.49,,0.895,56.97,,,,,,,,,,,,,,,None,852000000,852000000,,,,,,None,82000000,,3.36,0.0095,,,,0.028,0.06,1118000000,1200000000,3.13,2013-12-31,23.75,,15859000000.0,1616000000,431000000,45000000,,,None,83000000,None,,None,,,,,386000000,386000000,None,None,0.223,,1174000000,430000000,,,,,1000000,,,,,1.465,6.22,5.56,,,,,,,,0.121,,,2025-10-30,quarterly,3.19,USD,post-market,139000000,,0.075,0.14,0.102,63.84,999000000,,,,375.08,364.49,1.9169,,,,,,,2468000000,,46.49,,403.95,327.71
2025-12-28,SYK,7.62,24381000000.0,46.49,,0.895,56.97,,,,,,,,,,,,,,,None,682000000,682000000,,,,,,None,76000000,,3.36,0.0095,,,,0.028,0.06,179000000,255000000,3.13,2013-09-30,23.75,,15859000000.0,1469000000,137000000,34000000,,,None,0,None,,None,,,,,103000000,103000000,None,None,0.223,,1306000000,150000000,,,,,-13000000,,,,,1.465,6.22,5.56,,,,,,,,0.121,,,2025-10-30,quarterly,3.19,USD,post-market,136000000,,0.075,0.14,0.102,63.84,1136000000,,,,375.08,364.49,1.9169,,,,,,,2151000000,,46.49,,403.95,327.71
2025-12-28,SYK,7.62,24381000000.0,46.49,,0.895,56.97,,,,,,,,,,,,,,,None,730000000,730000000,,,,,,None,79000000,,3.36,0.0095,,,,0.028,0.06,299000000,378000000,3.13,2013-06-30,23.75,,15859000000.0,1482000000,269000000,56000000,,,None,0,None,,None,,,,,213000000,213000000,None,None,0.223,,1183000000,290000000,,,,,-21000000,,,,,1.465,6.22,5.56,,,,,,,,0.121,,,2025-10-30,quarterly,3.19,USD,post-market,132000000,,0.075,0.14,0.102,63.84,1015000000,,,,375.08,364.49,1.9169,,,,,,,2212000000,,46.49,,403.95,327.71
2025-12-28,SYK,7.62,24381000000.0,46.49,,0.895,56.97,,,,,,,,,,,,,,,None,713000000,713000000,,,,,,None,70000000,,3.36,0.0095,,,,0.028,0.06,400000000,470000000,3.13,2013-03-31,23.75,,15859000000.0,1477000000,375000000,71000000,,,None,0,None,,None,,,,,304000000,304000000,None,None,0.223,,1077000000,386000000,,,,,-11000000,,,,,1.465,6.22,5.56,,,,,,,,0.121,,,2025-10-30,quarterly,3.19,USD,post-market,129000000,,0.075,0.14,0.102,63.84,916000000,,,,375.08,364.49,1.9169,,,,,,,2190000000,,46.49,,403.95,327.71
2025-12-28,SYK,7.62,24381000000.0,46.49,,0.895,56.97,,,,,,,,,,,,,,,None,744000000,744000000,,,,,,None,122000000,,3.36,0.0095,,,,0.028,0.06,317000000,439000000,3.13,2012-12-31,23.75,,15859000000.0,1593000000,358000000,88000000,,,None,18000000,None,,None,,,,,270000000,270000000,None,None,0.223,,1193000000,370000000,,,,,-12000000,,,,,1.465,6.22,5.56,,,,,,,,0.121,,,2025-10-30,quarterly,3.19,USD,post-market,129000000,,0.075,0.14,0.102,63.84,1033000000,,,,375.08,364.49,1.9169,,,,,,,2337000000,,46.49,,403.95,327.71
2025-12-28,SYK,7.62,24381000000.0,46.49,,0.895,56.97,,,,,,,,,,,,,,,None,655000000,655000000,,,,,,None,120000000,,3.36,0.0095,,,,0.028,0.06,410000000,530000000,3.13,2012-09-30,23.75,,15859000000.0,1397000000,444000000,91000000,,,None,18000000,None,,None,,,,,353000000,353000000,None,None,0.223,,935000000,450000000,,,,,-6000000,,,,,1.465,6.22,5.56,,,,,,,,0.121,,,2025-10-30,quarterly,3.19,USD,post-market,114000000,,0.075,0.14,0.102,63.84,791000000,,,,375.08,364.49,1.9169,,,,,,,2052000000,,46.49,,403.95,327.71
2025-12-28,SYK,7.62,24381000000.0,46.49,,0.895,56.97,,,,,,,,,,,,,,,None,672000000,672000000,,,,,,None,121000000,,3.36,0.0095,,,,0.028,0.06,412000000,533000000,3.13,2012-06-30,23.75,,15859000000.0,1434000000,435000000,110000000,,,None,0,None,,None,,,,,325000000,325000000,None,None,0.223,,970000000,445000000,,,,,-10000000,,,,,1.465,6.22,5.56,,,,,,,,0.121,,,2025-10-30,quarterly,3.19,USD,post-market,116000000,,0.075,0.14,0.102,63.84,823000000,,,,375.08,364.49,1.9169,,,,,,,2106000000,,46.49,,403.95,327.71
2025-12-28,SYK,7.62,24381000000.0,46.49,,0.895,56.97,,,,,,,,,,,,,,,None,709000000,709000000,,,,,,None,123000000,,3.36,0.0095,,,,0.028,0.06,437000000,560000000,3.13,2012-03-31,23.75,,15859000000.0,1452000000,468000000,118000000,,,None,0,None,,None,,,,,350000000,350000000,None,None,0.223,,962000000,476000000,,,,,-8000000,,,,,1.465,6.22,5.56,,,,,,,,0.121,,,2025-10-30,quarterly,3.19,USD,post-market,112000000,,0.075,0.14,0.102,63.84,819000000,,,,375.08,364.49,1.9169,,,,,,,2161000000,,46.49,,403.95,327.71
2025-12-28,SYK,7.62,24381000000.0,46.49,,0.895,56.97,,,,,,,,,,,,,,,None,740000000,740000000,,,,,,None,122000000,,3.36,0.0095,,,,0.028,0.06,452000000,574000000,3.13,2011-12-31,23.75,,15859000000.0,1475000000,433000000,32000000,,,None,17000000,None,,None,,,,,401000000,401500000,None,None,0.223,,981000000,418000000,,,,,None,,,,,1.465,6.22,5.56,,,,,,,,0.121,,,2025-10-30,quarterly,3.19,USD,post-market,115000000,,0.075,0.14,0.102,63.84,834000000,,,,375.08,364.49,1.9169,,,,,,,2215000000,,46.49,,403.95,327.71
2025-12-28,SYK,7.62,24381000000.0,46.49,,0.895,56.97,,,,,,,,,,,,,,,None,669000000,669000000,,,,,,None,123400000,,3.36,0.0095,,,,0.028,0.06,453600000,577000000,3.13,2011-09-30,23.75,,15859000000.0,1362000000,431000000,104000000,,,None,22000000,None,,None,,,,,327000000,327000000,None,None,0.223,,918000000,444000000,,,,,-13000000,,,,,1.465,6.22,5.56,,,,,,,,0.121,,,2025-10-30,quarterly,3.19,USD,post-market,122000000,,0.075,0.14,0.102,63.84,765000000,,,,375.08,364.49,1.9169,,,,,,,2031000000,,46.49,,403.95,327.71
2025-12-28,SYK,7.62,24381000000.0,46.49,,0.895,56.97,,,,,,,,,,,,,,,None,712800000,712800000,,,,,,None,120700000,,3.36,0.0095,,,,0.028,0.06,400300000,521000000,3.13,2011-06-30,23.75,,15859000000.0,1332700000,410000000,100900000,,,None,0,None,,None,,,,,310000000,309100000,None,None,0.223,,932400000,400300000,,,,,9700000,,,,,1.465,6.22,5.56,,,,,,,,0.121,,,2025-10-30,quarterly,3.19,USD,post-market,114500000,,0.075,0.14,0.102,63.84,785800000,,,,375.08,364.49,1.9169,,,,,,,2045500000,,46.49,,403.95,327.71
2025-12-28,SYK,7.62,24381000000.0,46.49,,0.895,56.97,,,,,,,,,,,,,,,None,688900000,688900000,,,,,,None,114900000,,3.36,0.0095,,,,0.028,0.06,411100000,526000000,3.13,2011-03-31,23.75,,15859000000.0,1326300000,411800000,104400000,,,None,17000000,None,,None,,,,,307000000,307400000,None,None,0.223,,902800000,423500000,,,,,-11700000,,,,,1.465,6.22,5.56,,,,,,,,0.121,,,2025-10-30,quarterly,3.19,USD,post-market,110900000,,0.075,0.14,0.102,63.84,765200000,,,,375.08,364.49,1.9169,,,,,,,2015200000,,46.49,,403.95,327.71
2025-12-28,SYK,7.62,24381000000.0,46.49,,0.895,56.97,,,,,,,,,,,,,,,None,624200000,624200000,,,,,,None,111300000,,3.36,0.0095,,,,0.028,0.06,509900000,621200000,3.13,2010-12-31,23.75,,15859000000.0,1370900000,379300000,84300000,,,None,26500000,None,,None,,,,,295000000,295000000,None,None,0.223,,861000000,386400000,,,,,-7100000,,,,,1.465,6.22,5.56,,,,,,,,0.121,,,2025-10-30,quarterly,3.19,USD,post-market,110700000,,0.075,0.14,0.102,63.84,734400000,,,,375.08,364.49,1.9169,,,,,,,1995100000,,46.49,,403.95,327.71
2025-12-28,SYK,7.62,24381000000.0,46.49,,0.895,56.97,,,,,,,,,,,,,,,None,540800000,540800000,,,,,,None,101100000,,3.36,0.0095,,,,0.028,0.06,471100000,572200000,3.13,2010-09-30,23.75,,15859000000.0,1226800000,461900000,124200000,,,None,19600000,None,,None,,,,,337000000,337700000,None,None,0.223,,756300000,470500000,,,,,-8600000,,,,,1.465,6.22,5.56,,,,,,,,0.121,,,2025-10-30,quarterly,3.19,USD,post-market,98600000,,0.075,0.14,0.102,63.84,643300000,,,,375.08,364.49,1.9169,,,,,,,1767600000,,46.49,,403.95,327.71
2025-12-28,SYK,7.62,24381000000.0,46.49,,0.895,56.97,,,,,,,,,,,,,,,None,539300000,539300000,,,,,,None,98600000,,3.36,0.0095,,,,0.028,0.06,349500000,448100000,3.13,2010-06-30,23.75,,15859000000.0,1218900000,442600000,123600000,,,None,16300000,None,,None,,,,,319000000,319000000,None,None,0.223,,770800000,448100000,,,,,-5500000,,,,,1.465,6.22,5.56,,,,,,,,0.121,,,2025-10-30,quarterly,3.19,USD,post-market,94600000,,0.075,0.14,0.102,63.84,661800000,,,,375.08,364.49,1.9169,,,,,,,1758200000,,46.49,,403.95,327.71
2025-12-28,SYK,7.62,24381000000.0,46.49,,0.895,56.97,,,,,,,,,,,,,,,None,581400000,581400000,,,,,,None,99200000,,3.36,0.0095,,,,0.028,0.06,460900000,560100000,3.13,2010-03-31,23.75,,15859000000.0,1217700000,445800000,124100000,,,None,15100000,None,,None,,,,,321700000,321700000,None,None,0.223,,771300000,446400000,,,,,-600000,,,,,1.465,6.22,5.56,,,,,,,,0.121,,,2025-10-30,quarterly,3.19,USD,post-market,90000000,,0.075,0.14,0.102,63.84,667800000,,,,375.08,364.49,1.9169,,,,,,,1799100000,,46.49,,403.95,327.71
2025-12-28,SYK,7.62,24381000000.0,46.49,,0.895,56.97,,,,,,,,,,,,,,,None,593200000,593200000,,,,,,None,104800000,,3.36,0.0095,,,,0.028,0.06,514000000,618800000,3.13,2009-12-31,23.75,,15859000000.0,1241000000,523100000,217100000,,,None,5000000,None,,None,,,,,306000000,0,None,None,0.223,,727000000,514000000,,,,,None,,,,,1.465,6.22,5.56,,,,,,,,0.121,,,2025-10-30,quarterly,3.19,USD,post-market,89500000,,0.075,0.14,0.102,63.84,628700000,,,,375.08,364.49,1.9169,,,,,,,1834200000,,46.49,,403.95,327.71
2025-12-28,SYK,7.62,24381000000.0,46.49,,0.895,56.97,,,,,,,,,,,,,,,None,538700000,538700000,,,,,,None,96600000,,3.36,0.0095,,,,0.028,0.06,378400000,475000000,3.13,2009-09-30,23.75,,15859000000.0,1114600000,314400000,85400000,,,None,5400000,None,,None,,,,,229000000,229000000,None,None,0.223,,736200000,311400000,,,,,3000000,,,,,1.465,6.22,5.56,,,,,,,,0.121,,,2025-10-30,quarterly,3.19,USD,post-market,83700000,,0.075,0.14,0.102,63.84,643900000,,,,375.08,364.49,1.9169,,,,,,,1653300000,,46.49,,403.95,327.71
2025-12-28,SYK,7.62,24381000000.0,46.49,,0.895,56.97,,,,,,,,,,,,,,,None,536300000,536300000,,,,,,None,92200000,,3.36,0.0095,,,,0.028,0.06,297600000,389800000,3.13,2009-06-30,23.75,,15859000000.0,1098000000,400000000,108700000,,,None,4000000,None,,None,,,,,291300000,291300000,None,None,0.223,,708200000,389800000,,,,,10200000,,,,,1.465,6.22,5.56,,,,,,,,0.121,,,2025-10-30,quarterly,3.19,USD,post-market,82600000,,0.075,0.14,0.102,63.84,617100000,,,,375.08,364.49,1.9169,,,,,,,1634300000,,46.49,,403.95,327.71
2025-12-28,SYK,7.62,24381000000.0,46.49,,0.895,56.97,,,,,,,,,,,,,,,None,515500000,515500000,,,,,,None,91700000,,3.36,0.0095,,,,0.028,0.06,287500000,379200000,3.13,2009-03-31,23.75,,15859000000.0,1085800000,386400000,105300000,,,None,8000000,None,,None,,,,,281100000,0,None,None,0.223,,706600000,379200000,,,,,None,,,,,1.465,6.22,5.56,,,,,,,,0.121,,,2025-10-30,quarterly,3.19,USD,post-market,80400000,,0.075,0.14,0.102,63.84,616600000,,,,375.08,364.49,1.9169,,,,,,,1601300000,,46.49,,403.95,327.71
2025-12-28,SYK,7.62,24381000000.0,46.49,,0.895,56.97,,,,,,,,,,,,,,,None,556000000,556000000,,,,,,None,93100000,,3.36,0.0095,,,,0.028,0.06,484100000,577200000,3.13,2008-12-31,23.75,,15859000000.0,1162200000,380100000,102400000,,,None,30500000,None,,None,,,,,277700000,0,None,None,0.223,,757000000,370300000,,,,,None,,,,,1.465,6.22,5.56,,,,,,,,0.121,,,2025-10-30,quarterly,3.19,USD,post-market,99800000,,0.075,0.14,0.102,63.84,647600000,,,,375.08,364.49,1.9169,,,,,,,1718200000,,46.49,,403.95,327.71
2025-12-28,SYK,7.62,24381000000.0,46.49,,0.895,56.97,,,,,,,,,,,,,,,None,541700000,541700000,,,,,,None,97600000,,3.36,0.0095,,,,0.028,0.06,266500000,364100000,3.13,2008-09-30,23.75,,15859000000.0,1111300000,376000000,102200000,,,None,0,None,,None,,,,,273800000,0,None,None,0.223,,747200000,364100000,,,,,None,,,,,1.465,6.22,5.56,,,,,,,,0.121,,,2025-10-30,quarterly,3.19,USD,post-market,92600000,,0.075,0.14,0.102,63.84,644800000,,,,375.08,364.49,1.9169,,,,,,,1653000000,,46.49,,403.95,327.71
2025-12-28,SYK,7.62,24381000000.0,46.49,,0.895,56.97,,,,,,,,,,,,,,,None,533200000,533200000,,,,,,None,98700000,,3.36,0.0095,,,,0.028,0.06,302200000,400900000,3.13,2008-06-30,23.75,,15859000000.0,1179400000,420100000,114300000,,,None,0,None,,None,,,,,305800000,0,None,None,0.223,,778500000,400900000,,,,,None,,,,,1.465,6.22,5.56,,,,,,,,0.121,,,2025-10-30,quarterly,3.19,USD,post-market,90300000,,0.075,0.14,0.102,63.84,678200000,,,,375.08,364.49,1.9169,,,,,,,1712600000,,46.49,,403.95,327.71
2025-12-28,SYK,7.62,24381000000.0,46.49,,0.895,56.97,,,,,,,,,,,,,,,None,500500000,500500000,,,,,,None,98200000,,3.36,0.0095,,,,0.028,0.06,285500000,383700000,3.13,2008-03-31,23.75,,15859000000.0,1133900000,404000000,113500000,,,None,0,None,,None,,,,,290500000,0,None,None,0.223,,750200000,383700000,,,,,None,,,,,1.465,6.22,5.56,,,,,,,,0.121,,,2025-10-30,quarterly,3.19,USD,post-market,85100000,,0.075,0.14,0.102,63.84,654500000,,,,375.08,364.49,1.9169,,,,,,,1634400000,,46.49,,403.95,327.71
2025-12-28,SYK,7.62,24381000000.0,46.49,,0.895,56.97,,,,,,,,,,,,,,,None,524500000,524500000,,,,,,None,95500000,,3.36,0.0095,,,,0.028,0.06,362900000,458400000,3.13,2007-12-31,23.75,,15859000000.0,1133600000,384000000,107900000,,,None,22200000,None,,None,,,,,276100000,0,None,None,0.223,,770700000,362900000,,,,,None,,,,,1.465,6.22,5.56,,,,,,,,0.121,,,2025-10-30,quarterly,3.19,USD,post-market,101800000,,0.075,0.14,0.102,63.84,658900000,,,,375.08,364.49,1.9169,,,,,,,1658100000,,46.49,,403.95,327.71
2025-12-28,SYK,7.62,24381000000.0,46.49,,0.895,56.97,,,,,,,,,,,,,,,None,457000000,457000000,,,,,,None,73900000,,3.36,0.0095,,,,0.028,0.06,688900000,762800000,3.13,2007-09-30,23.75,,15859000000.0,996200000,317900000,89200000,,,None,0,None,,None,,,,,228700000,0,None,None,0.223,,307300000,688900000,,,,,None,,,,,1.465,6.22,5.56,,,,,,,,0.121,,,2025-10-30,quarterly,3.19,USD,post-market,96800000,,0.075,0.14,0.102,63.84,582900000,,,,375.08,364.49,1.9169,,,,,,,1453200000,,46.49,,403.95,327.71
2025-12-28,SYK,7.62,24381000000.0,46.49,,0.895,56.97,,,,,,,,,,,,,,,None,444300000,444300000,,,,,,None,108200000,,3.36,0.0095,,,,0.028,0.06,206700000,314900000,3.13,2007-06-30,23.75,,15859000000.0,1019400000,331800000,91700000,,,None,0,None,,None,,,,,509200000,0,None,None,0.223,,704500000,314900000,,,,,None,,,,,1.465,6.22,5.56,,,,,,,,0.121,,,2025-10-30,quarterly,3.19,USD,post-market,92100000,,0.075,0.14,0.102,63.84,581600000,,,,375.08,364.49,1.9169,,,,,,,1463700000,,46.49,,403.95,327.71
2025-12-28,SYK,7.62,24381000000.0,46.49,,0.895,56.97,,,,,,,,,,,,,,,None,496700000,496700000,,,,,,None,89000000,,3.36,0.0095,,,,0.028,0.06,311500000,400500000,3.13,2007-03-31,23.75,,15859000000.0,992600000,339100000,95600000,,,None,0,None,,None,,,,,241800000,0,None,None,0.223,,667300000,325300000,,,,,None,,,,,1.465,6.22,5.56,,,,,,,,0.121,,,2025-10-30,quarterly,3.19,USD,post-market,84600000,,0.075,0.14,0.102,63.84,571400000,,,,375.08,364.49,1.9169,,,,,,,1489300000,,46.49,,403.95,327.71
2025-12-28,SYK,7.62,24381000000.0,46.49,,0.895,56.97,,,,,,,,,,,,,,,None,501600000,501600000,,,,,,None,87300000,,3.36,0.0095,,,,0.028,0.06,305900000,393200000,3.13,2006-12-31,23.75,,15859000000.0,961200000,317500000,89600000,,,None,9500000,None,,None,,,,,227900000,0,None,None,0.223,,655300000,305900000,,,,,None,,,,,1.465,6.22,5.56,,,,,,,,0.121,,,2025-10-30,quarterly,3.19,USD,post-market,91200000,,0.075,0.14,0.102,63.84,552600000,,,,375.08,364.49,1.9169,,,,,,,1462800000,,46.49,,403.95,327.71
2025-12-28,SYK,7.62,24381000000.0,46.49,,0.895,56.97,,,,,,,,,,,,,,,None,441700000,441700000,,,,,,None,84800000,,3.36,0.0095,,,,0.028,0.06,592400000,677200000,3.13,2006-09-30,23.75,,15859000000.0,852300000,262400000,74000000,,,None,0,None,,None,,,,,187000000,0,None,None,0.223,,597900000,254400000,,,,,None,,,,,1.465,6.22,5.56,,,,,,,,0.121,,,2025-10-30,quarterly,3.19,USD,post-market,80400000,,0.075,0.14,0.102,63.84,506400000,,,,375.08,364.49,1.9169,,,,,,,1294000000,,46.49,,403.95,327.71
2025-12-28,SYK,7.62,24381000000.0,46.49,,0.895,56.97,,,,,,,,,,,,,,,None,452500000,452500000,,,,,,None,81900000,,3.36,0.0095,,,,0.028,0.06,284900000,366800000,3.13,2006-06-30,23.75,,15859000000.0,875400000,296600000,82700000,,,None,0,None,,None,,,,,213900000,0,None,None,0.223,,583500000,291900000,,,,,None,,,,,1.465,6.22,5.56,,,,,,,,0.121,,,2025-10-30,quarterly,3.19,USD,post-market,75900000,,0.075,0.14,0.102,63.84,497000000,,,,375.08,364.49,1.9169,,,,,,,1327900000,,46.49,,403.95,327.71
2025-12-28,SYK,7.62,24381000000.0,46.49,,0.895,56.97,,,,,,,,,,,,,,,None,452900000,452900000,,,,,,None,77800000,,3.36,0.0095,,,,0.028,0.06,274800000,352600000,3.13,2006-03-31,23.75,,15859000000.0,868000000,227300000,79800000,,,None,0,None,,None,,,,,147500000,0,None,None,0.223,,593200000,222100000,,,,,None,,,,,1.465,6.22,5.56,,,,,,,,0.121,,,2025-10-30,quarterly,3.19,USD,post-market,77100000,,0.075,0.14,0.102,63.84,505700000,,,,375.08,364.49,1.9169,,,,,,,1320900000,,46.49,,403.95,327.71
2025-12-28,SYK,7.62,24381000000.0,46.49,,0.895,56.97,,,,,,,,,,,,,,,None,447100000,447100000,,,,,,None,76600000,,3.36,0.0095,,,,0.028,0.06,274500000,351100000,3.13,2005-12-31,23.75,,15859000000.0,831400000,264500000,78800000,,,None,7700000,None,,None,,,,,185700000,0,None,None,0.223,,556900000,258600000,,,,,None,,,,,1.465,6.22,5.56,,,,,,,,0.121,,,2025-10-30,quarterly,3.19,USD,post-market,83000000,,0.075,0.14,0.102,63.84,463400000,,,,375.08,364.49,1.9169,,,,,,,1278500000,,46.49,,403.95,327.71
2025-12-28,SYK,7.62,24381000000.0,46.49,,0.895,56.97,,,,,,,,,,,,,,,None,415500000,415500000,,,,,,None,70000000,,3.36,0.0095,,,,0.028,0.06,214900000,284900000,3.13,2005-09-30,23.75,,15859000000.0,756400000,231800000,99700000,,,None,0,None,,None,,,,,120700000,0,None,None,0.223,,524000000,232400000,,,,,None,,,,,1.465,6.22,5.56,,,,,,,,0.121,,,2025-10-30,quarterly,3.19,USD,post-market,70300000,,0.075,0.14,0.102,63.84,443200000,,,,375.08,364.49,1.9169,,,,,,,1171900000,,46.49,,403.95,327.71
2025-12-28,SYK,7.62,24381000000.0,46.49,,0.895,56.97,,,,,,,,,,,,,,,None,8615000000,8615000000,,,,,,None,1050000000,,3.36,0.0095,,,,0.028,0.06,3888000000,4938000000,3.13,2024-12-31,23.75,,15859000000.0,13980000000,3492000000,499000000,,,None,396000000,257000000,,None,,,,,2993000000,2993000000,None,None,0.223,,8919000000,5061000000,,,,,None,,,,,1.465,6.22,5.56,,,,,,,,0.121,,,2025-10-30,annual,3.19,USD,post-market,1414000000,,0.075,0.14,0.102,63.84,7685000000,,,,375.08,364.49,1.9169,,,,,,,22595000000,,46.49,,403.95,327.71
2025-12-28,SYK,7.62,24381000000.0,46.49,,0.895,56.97,,,,,,,,,,,,,,,None,8004000000,8004000000,,,,,,None,1028000000,,3.36,0.0095,,,,0.028,0.06,4029000000,5057000000,3.13,2023-12-31,23.75,,15859000000.0,12494000000,3673000000,508000000,,,None,356000000,281000000,,None,,,,,3165000000,3165000000,None,None,0.223,,8213000000,4281000000,,,,,None,,,,,1.465,6.22,5.56,,,,,,,,0.121,,,2025-10-30,annual,3.19,USD,post-market,1293000000,,0.075,0.14,0.102,63.84,7129000000,,,,375.08,364.49,1.9169,,,,,,,20498000000,,46.49,,403.95,327.71
2025-12-28,SYK,7.62,24381000000.0,46.49,,0.895,56.97,,,,,,,,,,,,,,,None,7409000000,7409000000,,,,,,None,998000000,,3.36,0.0095,,,,0.028,0.06,3020000000,4018000000,3.13,2022-12-31,23.75,,15859000000.0,11040000000,2683000000,325000000,,,None,337000000,243000000,,None,,,,,2358000000,2358000000,None,None,0.223,,7306000000,3734000000,,,,,-158000000,,,,,1.465,6.22,5.56,,,,,,,,0.121,,,2025-10-30,annual,3.19,USD,post-market,1230000000,,0.075,0.14,0.102,63.84,6035000000,,,,375.08,364.49,1.9169,,,,,,,18449000000,,46.49,,403.95,327.71
2025-12-28,SYK,7.62,24381000000.0,46.49,,0.895,56.97,,,,,,,,,,,,,,,None,6399000000,6399000000,,,,,,None,990000000,,3.36,0.0095,,,,0.028,0.06,2618000000,3608000000,3.13,2021-12-31,23.75,,15859000000.0,10709000000,2281000000,287000000,,,None,337000000,269000000,,None,,,,,1994000000,1994000000,None,None,0.223,,6946000000,3763000000,,,,,-303000000,,,,,1.465,6.22,5.56,,,,,,,,0.121,,,2025-10-30,annual,3.19,USD,post-market,1133000000,,0.075,0.14,0.102,63.84,5752000000,,,,375.08,364.49,1.9169,,,,,,,17108000000,,46.49,,403.95,327.71
2025-12-28,SYK,7.62,24381000000.0,46.49,,0.895,56.97,,,,,,,,,,,,,,,None,5598000000,5598000000,,,,,,None,812000000,,3.36,0.0095,,,,0.028,0.06,2269000000,3081000000,3.13,2020-12-31,23.75,,15859000000.0,8753000000,1954000000,355000000,,,None,315000000,213000000,,None,,,,,1599000000,1599000000,None,None,0.223,,5725000000,3028000000,,,,,-269000000,,,,,1.465,6.22,5.56,,,,,,,,0.121,,,2025-10-30,annual,3.19,USD,post-market,905000000,,0.075,0.14,0.102,63.84,5361000000,,,,375.08,364.49,1.9169,,,,,,,14351000000,,46.49,,403.95,327.71
2025-12-28,SYK,7.62,24381000000.0,46.49,,0.895,56.97,,,,,,,,,,,,,,,None,5502000000,5502000000,,,,,,None,778000000,,3.36,0.0095,,,,0.028,0.06,2849000000,3627000000,3.13,2019-12-31,23.75,,15859000000.0,9382000000,2562000000,479000000,,,None,287000000,125000000,,None,,,,,2083000000,2083000000,None,None,0.223,,5994000000,3388000000,,,,,-151000000,,,,,1.465,6.22,5.56,,,,,,,,0.121,,,2025-10-30,annual,3.19,USD,post-market,971000000,,0.075,0.14,0.102,63.84,5356000000,,,,375.08,364.49,1.9169,,,,,,,14884000000,,46.49,,403.95,327.71
2025-12-28,SYK,7.62,24381000000.0,46.49,,0.895,56.97,,,,,,,,,,,,,,,None,5001000000,5001000000,,,,,,None,723000000,,3.36,0.0095,,,,0.028,0.06,2620000000,3343000000,3.13,2018-12-31,23.75,,15859000000.0,8600000000,2356000000,-1197000000,,,None,264000000,139000000,,None,,,,,3553000000,3553000000,None,None,0.223,,5496000000,3104000000,,,,,-181000000,,,,,1.465,6.22,5.56,,,,,,,,0.121,,,2025-10-30,annual,3.19,USD,post-market,862000000,,0.075,0.14,0.102,63.84,5099000000,,,,375.08,364.49,1.9169,,,,,,,13601000000,,46.49,,403.95,327.71
2025-12-28,SYK,7.62,24381000000.0,46.49,,0.895,56.97,,,,,,,,,,,,,,,None,4541000000,4541000000,,,,,,None,642000000,,3.36,0.0095,,,,0.028,0.06,2310000000,2952000000,3.13,2017-12-31,23.75,,15859000000.0,7903000000,2063000000,1043000000,,,None,247000000,178000000,,None,,,,,1020000000,1020000000,None,None,0.223,,5136000000,2767000000,,,,,-227000000,,,,,1.465,6.22,5.56,,,,,,,,0.121,,,2025-10-30,annual,3.19,USD,post-market,787000000,,0.075,0.14,0.102,63.84,4552000000,,,,375.08,364.49,1.9169,,,,,,,12444000000,,46.49,,403.95,327.71
2025-12-28,SYK,7.62,24381000000.0,46.49,,0.895,56.97,,,,,,,,,,,,,,,None,4079000000,4079000000,,,,,,None,546000000,,3.36,0.0095,,,,0.028,0.06,2149000000,2695000000,3.13,2016-12-31,23.75,,15859000000.0,7246000000,1921000000,274000000,,,None,228000000,180000000,,None,,,,,1647000000,1647000000,None,None,0.223,,4669000000,2577000000,,,,,-245000000,,,,,1.465,6.22,5.56,,,,,,,,0.121,,,2025-10-30,annual,3.19,USD,post-market,715000000,,0.075,0.14,0.102,63.84,4137000000,,,,375.08,364.49,1.9169,,,,,,,11325000000,,46.49,,403.95,327.71
2025-12-28,SYK,7.62,24381000000.0,46.49,,0.895,56.97,,,,,,,,,,,,,,,None,3559000000,3559000000,,,,,,None,397000000,,3.36,0.0095,,,,0.028,0.06,1843000000,2240000000,3.13,2015-12-31,23.75,,15859000000.0,6387000000,1735000000,296000000,,,None,108000000,55000000,,None,,,,,1439000000,1439000000,None,None,0.223,,4135000000,2252000000,,,,,-126000000,,,,,1.465,6.22,5.56,,,,,,,,0.121,,,2025-10-30,annual,3.19,USD,post-market,625000000,,0.075,0.14,0.102,63.84,3610000000,,,,375.08,364.49,1.9169,,,,,,,9946000000,,46.49,,403.95,327.71
2025-12-28,SYK,7.62,24381000000.0,46.49,,0.895,56.97,,,,,,,,,,,,,,,None,3452000000,3452000000,,,,,,None,378000000,,3.36,0.0095,,,,0.028,0.06,1273000000,1651000000,3.13,2014-12-31,23.75,,15859000000.0,6223000000,1160000000,645000000,,,None,113000000,None,,None,,,,,515000000,515000000,None,None,0.223,,3994000000,2229000000,,,,,-86000000,,,,,1.465,6.22,5.56,,,,,,,,0.121,,,2025-10-30,annual,3.19,USD,post-market,614000000,,0.075,0.14,0.102,63.84,3575000000,,,,375.08,364.49,1.9169,,,,,,,9675000000,,46.49,,403.95,327.71
2025-12-28,SYK,7.62,24381000000.0,46.49,,0.895,56.97,,,,,,,,,,,,,,,None,3078000000,3078000000,,,,,,None,307000000,,3.36,0.0095,,,,0.028,0.06,1307000000,1614000000,3.13,2013-12-31,23.75,,15859000000.0,5943000000,1212000000,206000000,,,None,95000000,None,,None,,,,,1006000000,1006000000,None,None,0.223,,3844000000,2099000000,,,,,-44000000,,,,,1.465,6.22,5.56,,,,,,,,0.121,,,2025-10-30,annual,3.19,USD,post-market,536000000,,0.075,0.14,0.102,63.84,4066000000,,,,375.08,364.49,1.9169,,,,,,,9021000000,,46.49,,403.95,327.71
2025-12-28,SYK,7.62,24381000000.0,46.49,,0.895,56.97,,,,,,,,,,,,,,,None,2881000000,2881000000,,,,,,None,277000000,,3.36,0.0095,,,,0.028,0.06,1772000000,2049000000,3.13,2012-12-31,23.75,,15859000000.0,5776000000,1705000000,407000000,,,None,67000000,None,,None,,,,,1298000000,1298000000,None,None,0.223,,3859000000,1917000000,,,,,-36000000,,,,,1.465,6.22,5.56,,,,,,,,0.121,,,2025-10-30,annual,3.19,USD,post-market,471000000,,0.075,0.14,0.102,63.84,3466000000,,,,375.08,364.49,1.9169,,,,,,,8657000000,,46.49,,403.95,327.71
2025-12-28,SYK,7.62,24381000000.0,46.49,,0.895,56.97,,,,,,,,,,,,,,,None,2790000000,2790000000,,,,,,None,481000000,,3.36,0.0095,,,,0.028,0.06,1780000000,2261000000,3.13,2011-12-31,23.75,,15859000000.0,5517000000,1686000000,341000000,,,None,94000000,None,,None,,,,,1345000000,1345000000,None,None,0.223,,3546000000,1971000000,,,,,None,,,,,1.465,6.22,5.56,,,,,,,,0.121,,,2025-10-30,annual,3.19,USD,post-market,462000000,,0.075,0.14,0.102,63.84,3150000000,,,,375.08,364.49,1.9169,,,,,,,8307000000,,46.49,,403.95,327.71
2025-12-28,SYK,7.62,24381000000.0,46.49,,0.895,56.97,,,,,,,,,,,,,,,None,2343900000,2343900000,,,,,,None,410200000,,3.36,0.0095,,,,0.028,0.06,1807100000,2217300000,3.13,2010-12-31,23.75,,15859000000.0,4976100000,1729600000,456200000,,,None,77500000,None,,None,,,,,1273400000,1273400000,None,None,0.223,,3125500000,1850600000,,,,,-21800000,,,,,1.465,6.22,5.56,,,,,,,,0.121,,,2025-10-30,annual,3.19,USD,post-market,393900000,,0.075,0.14,0.102,63.84,2707300000,,,,375.08,364.49,1.9169,,,,,,,7320000000,,46.49,,403.95,327.71
2025-12-28,SYK,7.62,24381000000.0,46.49,,0.895,56.97,,,,,,,,,,,,,,,None,2219200000,2219200000,,,,,,None,385300000,,3.36,0.0095,,,,0.028,0.06,1638400000,2023700000,3.13,2009-12-31,23.75,,15859000000.0,4503900000,1623900000,516500000,,,None,14500000,None,,None,,,,,1107400000,1107400000,None,None,0.223,,2780000000,1723900000,,,,,29500000,,,,,1.465,6.22,5.56,,,,,,,,0.121,,,2025-10-30,annual,3.19,USD,post-market,336200000,,0.075,0.14,0.102,63.84,2506300000,,,,375.08,364.49,1.9169,,,,,,,6723100000,,46.49,,403.95,327.71
2025-12-28,SYK,7.62,24381000000.0,46.49,,0.895,56.97,,,,,,,,,,,,,,,None,2171400000,2171400000,,,,,,None,387600000,,3.36,0.0095,,,,0.028,0.06,1610700000,1998300000,3.13,2008-12-31,23.75,,15859000000.0,4546800000,1580200000,432400000,,,None,30500000,None,,None,,,,,1147800000,None,None,None,0.223,,2992900000,1553900000,,,,,None,,,,,1.465,6.22,5.56,,,,,,,,0.121,,,2025-10-30,annual,3.19,USD,post-market,367800000,,0.075,0.14,0.102,63.84,2625100000,,,,375.08,364.49,1.9169,,,,,,,6718200000,,46.49,,403.95,327.71
2025-12-28,SYK,7.62,24381000000.0,46.49,,0.895,56.97,,,,,,,,,,,,,,,None,1906600000,1906600000,,,,,,None,366600000,,3.36,0.0095,,,,0.028,0.06,1392300000,1758900000,3.13,2007-12-31,23.75,,15859000000.0,4093900000,1370100000,383400000,,,None,22200000,None,,None,,,,,1017400000,None,None,None,0.223,,2766800000,1327100000,,,,,None,,,,,1.465,6.22,5.56,,,,,,,,0.121,,,2025-10-30,annual,3.19,USD,post-market,375300000,,0.075,0.14,0.102,63.84,2391500000,,,,375.08,364.49,1.9169,,,,,,,6000500000,,46.49,,403.95,327.71
2025-12-28,SYK,7.62,24381000000.0,46.49,,0.895,56.97,,,,,,,,,,,,,,,None,1892300000,1892300000,,,,,,None,331800000,,3.36,0.0095,,,,0.028,0.06,1113300000,1445100000,3.13,2006-12-31,23.75,,15859000000.0,3513300000,1103800000,326100000,,,None,9500000,None,,None,,,,,777700000,None,None,None,0.223,,2386300000,1127000000,,,,,None,,,,,1.465,6.22,5.56,,,,,,,,0.121,,,2025-10-30,annual,3.19,USD,post-market,324600000,,0.075,0.14,0.102,63.84,2061700000,,,,375.08,364.49,1.9169,,,,,,,5405600000,,46.49,,403.95,327.71
2025-12-28,SYK,7.62,24381000000.0,46.49,,0.895,56.97,,,,,,,,,,,,,,,None,1767300000,1767300000,,,,,,None,289900000,,3.36,0.0095,,,,0.028,0.06,962300000,1252200000,3.13,2005-12-31,23.75,,15859000000.0,3104200000,1003300000,311000000,,,None,7700000,None,,None,,,,,675200000,None,None,None,0.223,,2138199999,966000000,,,,,None,,,,,1.465,6.22,5.56,,,,,,,,0.121,,,2025-10-30,annual,3.19,USD,post-market,284700000,,0.075,0.14,0.102,63.84,1814300000,,,,375.08,364.49,1.9169,,,,,,,4871500000,,46.49,,403.95,327.71
2025-12-28,SYK,7.62,24381000000.0,46.49,None,0.895,56.97,,None,3256000000,3256000000,,,,,,,,,38000000,386700000,None,1767300000,1767300000,1498000000,None,1750000000,3643000000,None,None,289900000,,3.36,0.0095,,,,0.028,0.06,962300000,1252200000,3.13,2025-09-30,23.75,19256000000,15859000000.0,3104200000,1003300000,311000000,5845000000,5845000000,None,7700000,None,5370000000,None,None,14845000000,None,None,675200000,None,None,None,0.223,,2138199999,966000000,1355000000,4166000000,None,2613000000,None,,,,,1.465,6.22,5.56,,,,,,,,0.121,,4273000000,2025-10-30,quarterly,3.19,USD,post-market,284700000,19960000000,0.075,0.14,0.102,63.84,1814300000,16595000000,1750000000,87000000,375.08,364.49,1.9169,47057000000,13711000000,7414000000,25272000000,33346000000,17858000000,4871500000,21785000000,46.49,None,403.95,327.71
2025-12-28,SYK,7.62,24381000000.0,46.49,None,0.895,56.97,,None,2375000000,2375000000,,,,,,,,,38000000,386400000,None,1767300000,1767300000,1442000000,None,1751000000,3918000000,None,None,289900000,,3.36,0.0095,,,,0.028,0.06,962300000,1252200000,3.13,2025-06-30,23.75,19183000000,15859000000.0,3104200000,1003300000,311000000,5962000000,5962000000,None,7700000,None,5289000000,None,None,14829000000,None,None,675200000,None,None,None,0.223,,2138199999,966000000,1332000000,3541000000,None,2628000000,None,,,,,1.465,6.22,5.56,,,,,,,,0.121,,3702000000,2025-10-30,quarterly,3.19,USD,post-market,284700000,19423000000,0.075,0.14,0.102,63.84,1814300000,17128000000,1910000000,89000000,375.08,364.49,1.9169,46331000000,13003000000,7288000000,25140000000,33328000000,17852000000,4871500000,21191000000,46.49,None,403.95,327.71
2025-12-28,SYK,7.62,24381000000.0,46.49,None,0.895,56.97,,None,2320000000,2320000000,,,,,,,,,38000000,386400000,None,1767300000,1767300000,1464000000,None,2398000000,3961000000,None,None,289900000,,3.36,0.0095,,,,0.028,0.06,962300000,1252200000,3.13,2025-03-31,23.75,19089000000,15859000000.0,3104200000,1003300000,311000000,6132000000,6132000000,None,7700000,None,5105000000,None,None,14383000000,None,None,675200000,None,None,None,0.223,,2138199999,966000000,1547000000,3534000000,None,2392000000,None,,,,,1.465,6.22,5.56,,,,,,,,0.121,,4106000000,2025-10-30,quarterly,3.19,USD,post-market,284700000,18862000000,0.075,0.14,0.102,63.84,1814300000,17356000000,2559000000,89000000,375.08,364.49,1.9169,46006000000,13022000000,7929000000,25076000000,32984000000,17147000000,4871500000,20930000000,46.49,None,403.95,327.71
2025-12-28,SYK,7.62,24381000000.0,46.49,None,0.895,56.97,,None,3652000000,3652000000,,,,,,,,,38000000,386100000,None,1767300000,1767300000,1679000000,None,1409000000,3987000000,None,None,289900000,,3.36,0.0095,,,,0.028,0.06,962300000,1252200000,3.13,2024-12-31,23.75,15855000000,15859000000.0,3104200000,1003300000,311000000,4395000000,4395000000,None,7700000,None,4774000000,None,None,12188000000,None,None,675200000,None,None,None,0.223,,2138199999,966000000,1593000000,4035000000,None,2184000000,None,,,,,1.465,6.22,5.56,,,,,,,,0.121,,3964000000,2025-10-30,quarterly,3.19,USD,post-market,284700000,18528000000,0.075,0.14,0.102,63.84,1814300000,14120000000,1553000000,841000000,375.08,364.49,1.9169,42971000000,14847000000,7616000000,22337000000,28124000000,14721000000,4871500000,20634000000,46.49,None,403.95,327.71
2025-12-28,SYK,7.62,24381000000.0,46.49,None,0.895,56.97,,None,3850000000,3850000000,,,,,,,,,38000000,385600000,None,1767300000,1767300000,1337000000,None,2159000000,3736000000,None,None,289900000,,3.36,0.0095,,,,0.028,0.06,962300000,1252200000,3.13,2024-09-30,23.75,16396000000,15859000000.0,3104200000,1003300000,311000000,4940000000,4940000000,None,7700000,None,5292000000,None,None,13325000000,None,None,675200000,None,None,None,0.223,,2138199999,966000000,961000000,3630000000,None,2322000000,None,,,,,1.465,6.22,5.56,,,,,,,,0.121,,3945000000,2025-10-30,quarterly,3.19,USD,post-market,284700000,18303000000,0.075,0.14,0.102,63.84,1814300000,16007000000,2308000000,834000000,375.08,364.49,1.9169,43833000000,14673000000,7669000000,23684000000,29160000000,16015000000,4871500000,20149000000,46.49,None,403.95,327.71
2025-12-28,SYK,7.62,24381000000.0,46.49,None,0.895,56.97,,None,1874000000,1874000000,,,,,,,,,38000000,385400000,None,1767300000,1767300000,1304000000,None,2095000000,3622000000,None,None,289900000,,3.36,0.0095,,,,0.028,0.06,962300000,1252200000,3.13,2024-06-30,23.75,15408000000,15859000000.0,3104200000,1003300000,311000000,4363000000,4363000000,None,7700000,None,5044000000,None,None,10127000000,None,None,675200000,None,None,None,0.223,,2138199999,966000000,1022000000,3050000000,None,1965000000,None,,,,,1.465,6.22,5.56,,,,,,,,0.121,,None,2025-10-30,quarterly,3.19,USD,post-market,284700000,17774000000,0.075,0.14,0.102,63.84,1814300000,12744000000,2238000000,83000000,375.08,364.49,1.9169,39130000000,11645000000,6926000000,19368000000,27485000000,12442000000,4871500000,19762000000,46.49,None,403.95,327.71
2025-12-28,SYK,7.62,24381000000.0,46.49,None,0.895,56.97,,None,2330000000,2330000000,,,,,,,,,38000000,385100000,None,1767300000,1767300000,1246000000,None,2058000000,3473000000,None,None,289900000,,3.36,0.0095,,,,0.028,0.06,962300000,1252200000,3.13,2024-03-31,23.75,15351000000,15859000000.0,3104200000,1003300000,311000000,4509000000,4509000000,None,7700000,None,5026000000,None,None,10807000000,None,None,675200000,None,None,None,0.223,,2138199999,966000000,986000000,3050000000,None,1903000000,None,,,,,1.465,6.22,5.56,,,,,,,,0.121,,None,2025-10-30,quarterly,3.19,USD,post-market,284700000,17254000000,0.075,0.14,0.102,63.84,1814300000,13400000000,2215000000,77000000,375.08,364.49,1.9169,39402000000,11892000000,6955000000,20230000000,27510000000,13275000000,4871500000,19172000000,46.49,None,403.95,327.71
2025-12-28,SYK,7.62,24381000000.0,46.49,None,0.895,56.97,,None,2971000000,2971000000,,,,,,,,,38000000,383900000,None,1767300000,1767300000,1517000000,None,2094000000,3765000000,None,None,289900000,,3.36,0.0095,,,,0.028,0.06,962300000,1252200000,3.13,2023-12-31,23.75,15243000000,15859000000.0,3104200000,1003300000,311000000,4593000000,4593000000,None,7700000,None,4843000000,None,None,10901000000,None,None,675200000,None,None,None,0.223,,2138199999,966000000,857000000,3776000000,None,1930000000,None,,,,,1.465,6.22,5.56,,,,,,,,0.121,,None,2025-10-30,quarterly,3.19,USD,post-market,284700000,16771000000,0.075,0.14,0.102,63.84,1814300000,13494000000,2237000000,82000000,375.08,364.49,1.9169,39912000000,12518000000,7921000000,21319000000,27394000000,13398000000,4871500000,18593000000,46.49,None,403.95,327.71
2025-12-28,SYK,7.62,24381000000.0,46.49,None,0.895,56.97,,None,1860000000,1860000000,,,,,,,,,38000000,384000000,None,1767300000,1767300000,1296000000,None,2308000000,3276000000,None,None,289900000,,3.36,0.0095,,,,0.028,0.06,962300000,1252200000,3.13,2023-09-30,23.75,15138000000,15859000000.0,3104200000,1003300000,311000000,4731000000,4731000000,None,7700000,None,4883000000,None,None,10382000000,None,None,675200000,None,None,None,0.223,,2138199999,966000000,950000000,-2924000000,None,1832000000,None,,,,,1.465,6.22,5.56,,,,,,,,0.121,,3106000000,2025-10-30,quarterly,3.19,USD,post-market,284700000,15933000000,0.075,0.14,0.102,63.84,1814300000,10382000000,10382000000,76000000,375.08,364.49,1.9169,38042000000,11045000000,7458000000,20137000000,26997000000,12679000000,4871500000,17905000000,46.49,None,403.95,327.71
2025-12-28,SYK,7.62,24381000000.0,46.49,-3005000000,0.895,56.97,,None,1401000000,1401000000,,,,,,,,,38000000,383900000,None,1767300000,1767300000,1326000000,None,1798000000,3261000000,None,None,289900000,,3.36,0.0095,,,,0.028,0.06,962300000,1252200000,3.13,2023-06-30,23.75,15172000000,15859000000.0,3104200000,1003300000,311000000,4917000000,4917000000,None,7700000,None,4593000000,None,None,11149000000,None,None,675200000,None,None,None,0.223,,2138199999,966000000,819000000,-4565000000,None,2315000000,None,,,,,1.465,6.22,5.56,,,,,,,,0.121,,3082000000,2025-10-30,quarterly,3.19,USD,post-market,284700000,15526000000,0.075,0.14,0.102,63.84,1814300000,11149000000,11149000000,77000000,375.08,364.49,1.9169,37409000000,10151000000,6584000000,20048000000,27258000000,13464000000,4871500000,17361000000,46.49,None,403.95,327.71
2025-12-28,SYK,7.62,24381000000.0,46.49,-2933000000,0.895,56.97,,None,1671000000,1671000000,,,,,,,,,38000000,383200000,None,1767300000,1767300000,1366000000,None,1204000000,3215000000,None,None,289900000,,3.36,0.0095,,,,0.028,0.06,962300000,1252200000,3.13,2023-03-31,23.75,14849000000,15859000000.0,3104200000,1003300000,311000000,4779000000,4779000000,None,7700000,None,4333000000,None,None,11857000000,None,None,675200000,None,None,None,0.223,,2138199999,966000000,850000000,3296000000,None,2212000000,None,,,,,1.465,6.22,5.56,,,,,,,,0.121,,3037000000,2025-10-30,quarterly,3.19,USD,post-market,284700000,15072000000,0.075,0.14,0.102,63.84,1814300000,13061000000,1204000000,86000000,375.08,364.49,1.9169,36830000000,10155000000,5866000000,19935000000,26675000000,14069000000,4871500000,16895000000,46.49,None,403.95,327.71
2025-12-28,SYK,7.62,24381000000.0,46.49,-2835000000,0.895,56.97,,None,1844000000,1844000000,,,,,,,,,38000000,382300000,None,1767300000,1767300000,1413000000,None,1191000000,3565000000,None,None,289900000,,3.36,0.0095,,,,0.028,0.06,962300000,1252200000,3.13,2022-12-31,23.75,14880000000,15859000000.0,3104200000,1003300000,311000000,4885000000,4885000000,None,7700000,None,3995000000,None,None,11857000000,None,None,675200000,None,None,None,0.223,,2138199999,966000000,787000000,3286000000,None,1467000000,None,,,,,1.465,6.22,5.56,,,,,,,,0.121,,2970000000,2025-10-30,quarterly,3.19,USD,post-market,284700000,14765000000,0.075,0.14,0.102,63.84,1814300000,13526000000,1312000000,84000000,375.08,364.49,1.9169,36884000000,10275000000,6303000000,20268000000,26609000000,13965000000,4871500000,16616000000,46.49,None,403.95,327.71
2025-12-28,SYK,7.62,24381000000.0,46.49,-2736000000,0.895,56.97,,None,1420000000,1420000000,,,,,,,,,38000000,381800000,None,1767300000,1767300000,1213000000,None,8000000,3103000000,None,None,289900000,,3.36,0.0095,,,,0.028,0.06,962300000,1252200000,3.13,2022-09-30,23.75,14993000000,15859000000.0,3104200000,1003300000,311000000,5053000000,5053000000,None,7700000,None,3883000000,None,None,12751000000,None,None,675200000,None,None,None,0.223,,2138199999,966000000,835000000,1960000000,None,1577000000,None,,,,,1.465,6.22,5.56,,,,,,,,0.121,,2798000000,2025-10-30,quarterly,3.19,USD,post-market,284700000,14486000000,0.075,0.14,0.102,63.84,1814300000,12759000000,8000000,77000000,375.08,364.49,1.9169,35983000000,9318000000,4571000000,19520000000,26665000000,14949000000,4871500000,16463000000,46.49,None,403.95,327.71
2025-12-28,SYK,7.62,24381000000.0,46.49,-2746000000,0.895,56.97,,None,1044000000,1044000000,,,,,,,,,38000000,382200000,None,1767300000,1767300000,1160000000,None,7000000,3145000000,None,None,289900000,,3.36,0.0095,,,,0.028,0.06,962300000,1252200000,3.13,2022-06-30,23.75,15115000000,15859000000.0,3104200000,1003300000,311000000,5245000000,5245000000,None,7700000,None,3749000000,None,None,13374000000,None,None,675200000,None,None,None,0.223,,2138199999,966000000,804000000,1612000000,None,2580000000,None,,,,,1.465,6.22,5.56,,,,,,,,0.121,,2803000000,2025-10-30,quarterly,3.19,USD,post-market,284700000,13933000000,0.075,0.14,0.102,63.84,1814300000,13381000000,7000000,83000000,375.08,364.49,1.9169,36032000000,8825000000,4404000000,20358000000,27207000000,15954000000,4871500000,15674000000,46.49,None,403.95,327.71
2025-12-28,SYK,7.62,24381000000.0,46.49,-2739000000,0.895,56.97,,None,1458000000,1458000000,,,,,,,,,38000000,382700000,None,1767300000,1767300000,1084000000,None,214000000,2991000000,None,None,289900000,,3.36,0.0095,,,,0.028,0.06,962300000,1252200000,3.13,2022-03-31,23.75,15228000000,15859000000.0,3104200000,1003300000,311000000,5430000000,5430000000,None,7700000,None,3525000000,None,None,13885000000,None,None,675200000,None,None,None,0.223,,2138199999,966000000,679000000,2808000000,None,2798000000,None,,,,,1.465,6.22,5.56,,,,,,,,0.121,,2793000000,2025-10-30,quarterly,3.19,USD,post-market,284700000,13540000000,0.075,0.14,0.102,63.84,1814300000,14598000000,343000000,72000000,375.08,364.49,1.9169,36137000000,8725000000,4408000000,21091000000,27412000000,16683000000,4871500000,15046000000,46.49,None,403.95,327.71
2025-12-28,SYK,7.62,24381000000.0,46.49,-2665000000,0.895,56.97,,None,2944000000,2944000000,,,,,,,,,38000000,382700000,None,1767300000,1767300000,1129000000,None,7000000,3022000000,None,None,289900000,,3.36,0.0095,,,,0.028,0.06,962300000,1252200000,3.13,2021-12-31,23.75,12918000000,15859000000.0,3104200000,1003300000,311000000,4840000000,4840000000,None,7700000,None,3314000000,None,None,12472000000,None,None,675200000,None,None,None,0.223,,2138199999,966000000,662000000,3413000000,None,1820000000,None,,,,,1.465,6.22,5.56,,,,,,,,0.121,,2833000000,2025-10-30,quarterly,3.19,USD,post-market,284700000,13480000000,0.075,0.14,0.102,63.84,1814300000,12479000000,7000000,75000000,375.08,364.49,1.9169,34631000000,10017000000,4549000000,19754000000,24614000000,15205000000,4871500000,14877000000,46.49,None,403.95,327.71
2025-12-28,SYK,7.62,24381000000.0,46.49,-2694000000,0.895,56.97,,None,2563000000,2563000000,,,,,,,,,38000000,382700000,None,1767300000,1767300000,934000000,None,22000000,2817000000,None,None,289900000,,3.36,0.0095,,,,0.028,0.06,962300000,1252200000,3.13,2021-09-30,23.75,12893000000,15859000000.0,3104200000,1003300000,311000000,5058000000,5058000000,None,7700000,None,3434000000,None,None,12629000000,None,None,675200000,None,None,None,0.223,,2138199999,966000000,570000000,3120000000,None,1960000000,None,,,,,1.465,6.22,5.56,,,,,,,,0.121,,2746000000,2025-10-30,quarterly,3.19,USD,post-market,284700000,13081000000,0.075,0.14,0.102,63.84,1814300000,12651000000,22000000,76000000,375.08,364.49,1.9169,34145000000,9460000000,4449000000,19967000000,24685000000,15518000000,4871500000,14178000000,46.49,None,403.95,327.71
2025-12-28,SYK,7.62,24381000000.0,46.49,-2624000000,0.895,56.97,,None,2241000000,2241000000,,,,,,,,,38000000,382300000,None,1767300000,1767300000,864000000,None,6000000,2714000000,None,None,289900000,,3.36,0.0095,,,,0.028,0.06,962300000,1252200000,3.13,2021-06-30,23.75,12802000000,15859000000.0,3104200000,1003300000,311000000,5261000000,5261000000,None,7700000,None,3431000000,None,None,12734000000,None,None,675200000,None,None,None,0.223,,2138199999,966000000,562000000,3082000000,None,1965000000,None,,,,,1.465,6.22,5.56,,,,,,,,0.121,,3142000000,2025-10-30,quarterly,3.19,USD,post-market,284700000,12881000000,0.075,0.14,0.102,63.84,1814300000,12740000000,6000000,84000000,375.08,364.49,1.9169,33698000000,9032000000,4252000000,19878000000,24666000000,15626000000,4871500000,13820000000,46.49,None,403.95,327.71
2025-12-28,SYK,7.62,24381000000.0,46.49,-2496000000,0.895,56.97,,None,2238000000,2238000000,,,,,,,,,38000000,381700000,None,1767300000,1767300000,767000000,None,15000000,2616000000,None,None,289900000,,3.36,0.0095,,,,0.028,0.06,962300000,1252200000,3.13,2021-03-31,23.75,12803000000,15859000000.0,3104200000,1003300000,311000000,5378000000,5378000000,None,7700000,None,3473000000,None,None,13059000000,None,None,675200000,None,None,None,0.223,,2138199999,966000000,578000000,2918000000,None,2941000000,None,,,,,1.465,6.22,5.56,,,,,,,,0.121,,2710000000,2025-10-30,quarterly,3.19,USD,post-market,284700000,12525000000,0.075,0.14,0.102,63.84,1814300000,13074000000,15000000,74000000,375.08,364.49,1.9169,33455000000,8979000000,3953000000,19953000000,24476000000,16000000000,4871500000,13502000000,46.49,None,403.95,327.71
2025-12-28,SYK,7.62,24381000000.0,46.49,-2430000000,0.895,56.97,,None,2943000000,2943000000,,,,,,,,,38000000,381300000,None,1767300000,1767300000,810000000,None,761000000,2701000000,None,None,289900000,,3.36,0.0095,,,,0.028,0.06,962300000,1252200000,3.13,2020-12-31,23.75,12778000000,15859000000.0,3104200000,1003300000,311000000,5554000000,5554000000,None,7700000,None,3494000000,None,None,13230000000,None,None,675200000,None,None,None,0.223,,2138199999,966000000,488000000,3263000000,None,2975000000,None,,,,,1.465,6.22,5.56,,,,,,,,0.121,,2752000000,2025-10-30,quarterly,3.19,USD,post-market,284700000,12462000000,0.075,0.14,0.102,63.84,1814300000,13991000000,761000000,81000000,375.08,364.49,1.9169,34330000000,9707000000,5041000000,21246000000,24623000000,16205000000,4871500000,13084000000,46.49,None,403.95,327.71
2025-12-28,SYK,7.62,24381000000.0,46.49,-2310000000,0.895,56.97,,None,7083000000,7083000000,,,,,,,,,38000000,380200000,None,1767300000,1767300000,647000000,None,1119000000,2426000000,None,None,289900000,,3.36,0.0095,,,,0.028,0.06,962300000,1252200000,3.13,2020-09-30,23.75,9128000000,15859000000.0,3104200000,1003300000,311000000,3917000000,3917000000,None,7700000,None,3459000000,None,None,12008000000,None,None,675200000,None,None,None,0.223,,2138199999,966000000,499000000,2662000000,None,1604000000,None,,,,,1.465,6.22,5.56,,,,,,,,0.121,,2930000000,2025-10-30,quarterly,3.19,USD,post-market,284700000,12129000000,0.075,0.14,0.102,63.84,1814300000,13127000000,1119000000,78000000,375.08,364.49,1.9169,32286000000,13545000000,4689000000,19300000000,18741000000,14611000000,4871500000,12986000000,46.49,None,403.95,327.71
2025-12-28,SYK,7.62,24381000000.0,46.49,-2248000000,0.895,56.97,,None,6539000000,6539000000,,,,,,,,,38000000,375500000,None,1767300000,1767300000,635000000,None,1110000000,2203000000,None,None,289900000,,3.36,0.0095,,,,0.028,0.06,962300000,1252200000,3.13,2020-06-30,23.75,9074000000,15859000000.0,3104200000,1003300000,311000000,4012000000,4012000000,None,7700000,None,3442000000,None,None,11811000000,None,None,675200000,None,None,None,0.223,,2138199999,966000000,537000000,2446000000,None,2513000000,None,,,,,1.465,6.22,5.56,,,,,,,,0.121,,2527000000,2025-10-30,quarterly,3.19,USD,post-market,284700000,11725000000,0.075,0.14,0.102,63.84,1814300000,12921000000,1110000000,80000000,375.08,364.49,1.9169,31483000000,12801000000,4405000000,18729000000,18682000000,14324000000,4871500000,12754000000,46.49,None,403.95,327.71
2025-12-28,SYK,7.62,24381000000.0,46.49,-2169000000,0.895,56.97,,None,3964000000,3964000000,,,,,,,,,38000000,379700000,None,1767300000,1767300000,736000000,None,1103000000,2646000000,None,None,289900000,,3.36,0.0095,,,,0.028,0.06,962300000,1252200000,3.13,2020-03-31,23.75,9025000000,15859000000.0,3104200000,1003300000,311000000,4107000000,4107000000,None,7700000,None,3359000000,None,None,9404000000,None,None,675200000,None,None,None,0.223,,2138199999,966000000,683000000,2096000000,None,2759000000,None,,,,,1.465,6.22,5.56,,,,,,,,0.121,,2607000000,2025-10-30,quarterly,3.19,USD,post-market,284700000,12024000000,0.075,0.14,0.102,63.84,1814300000,10507000000,1103000000,84000000,375.08,364.49,1.9169,29440000000,10736000000,4162000000,16325000000,18704000000,12163000000,4871500000,13115000000,46.49,None,403.95,327.71
2025-12-28,SYK,7.62,24381000000.0,46.49,-2147000000,0.895,56.97,,None,4337000000,4337000000,,,,,,,,,37000000,380100000,None,1767300000,1767300000,675000000,None,859000000,2893000000,None,None,289900000,,3.36,0.0095,,,,0.028,0.06,962300000,1252200000,3.13,2019-12-31,23.75,9069000000,15859000000.0,3104200000,1003300000,311000000,4227000000,4227000000,None,7700000,None,3282000000,None,None,10231000000,None,None,675200000,None,None,None,0.223,,2138199999,966000000,760000000,2695000000,None,2729000000,None,,,,,1.465,6.22,5.56,,,,,,,,0.121,,2567000000,2025-10-30,quarterly,3.19,USD,post-market,284700000,11748000000,0.075,0.14,0.102,63.84,1814300000,11090000000,859000000,88000000,375.08,364.49,1.9169,30167000000,11360000000,4400000000,17360000000,18807000000,12960000000,4871500000,12807000000,46.49,None,403.95,327.71
2025-12-28,SYK,7.62,24381000000.0,46.49,-2143000000,0.895,56.97,,None,1948000000,1948000000,,,,,,,,,37000000,380300000,None,1767300000,1767300000,659000000,None,526000000,2438000000,None,None,289900000,,3.36,0.0095,,,,0.028,0.06,962300000,1252200000,3.13,2019-09-30,23.75,8704000000,15859000000.0,3104200000,1003300000,311000000,4056000000,4056000000,None,7700000,None,3269000000,None,None,7889000000,None,None,675200000,None,None,None,0.223,,2138199999,966000000,823000000,2649000000,None,2534000000,None,,,,,1.465,6.22,5.56,,,,,,,,0.121,,2460000000,2025-10-30,quarterly,3.19,USD,post-market,284700000,11238000000,0.075,0.14,0.102,63.84,1814300000,8415000000,526000000,88000000,375.08,364.49,1.9169,26659000000,8566000000,3921000000,14344000000,18093000000,10423000000,4871500000,12315000000,46.49,None,403.95,327.71
2025-12-28,SYK,7.62,24381000000.0,46.49,-2091000000,0.895,56.97,,None,1754000000,1754000000,,,,,,,,,37000000,379500000,None,1767300000,1767300000,616000000,None,539000000,2408000000,None,None,289900000,,3.36,0.0095,,,,0.028,0.06,962300000,1252200000,3.13,2019-06-30,23.75,8762000000,15859000000.0,3104200000,1003300000,311000000,4184000000,4184000000,None,7700000,None,3198000000,None,None,7974000000,None,None,675200000,None,None,None,0.223,,2138199999,966000000,740000000,2652000000,None,2491000000,None,,,,,1.465,6.22,5.56,,,,,,,,0.121,,2387000000,2025-10-30,quarterly,3.19,USD,post-market,284700000,10967000000,0.075,0.14,0.102,63.84,1814300000,8513000000,539000000,85000000,375.08,364.49,1.9169,26354000000,8185000000,3946000000,14411000000,18169000000,10465000000,4871500000,11943000000,46.49,None,403.95,327.71
2025-12-28,SYK,7.62,24381000000.0,46.49,-2045000000,0.895,56.97,,None,1674000000,1674000000,,,,,,,,,37000000,379300000,None,1767300000,1767300000,619000000,None,521000000,2284000000,None,None,289900000,,3.36,0.0095,,,,0.028,0.06,962300000,1252200000,3.13,2019-03-31,23.75,8710000000,15859000000.0,3104200000,1003300000,311000000,4240000000,4240000000,None,7700000,None,3064000000,None,None,7950000000,None,None,675200000,None,None,None,0.223,,2138199999,966000000,782000000,2419000000,None,2581000000,None,,,,,1.465,6.22,5.56,,,,,,,,0.121,,2297000000,2025-10-30,quarterly,3.19,USD,post-market,284700000,10683000000,0.075,0.14,0.102,63.84,1814300000,8471000000,521000000,84000000,375.08,364.49,1.9169,25937000000,7888000000,3713000000,14244000000,18049000000,10531000000,4871500000,11693000000,46.49,None,403.95,327.71
2025-12-28,SYK,7.62,24381000000.0,46.49,-1986000000,0.895,56.97,,None,3616000000,3616000000,,,,,,,,,37000000,380200000,None,1767300000,1767300000,646000000,None,1373000000,2332000000,None,None,289900000,,3.36,0.0095,,,,0.028,0.06,962300000,1252200000,3.13,2018-12-31,23.75,8563000000,15859000000.0,3104200000,1003300000,311000000,4163000000,4163000000,None,7700000,None,2955000000,None,None,8486000000,None,None,675200000,None,None,None,0.223,,2138199999,966000000,747000000,2630000000,None,2206000000,None,,,,,1.465,6.22,5.56,,,,,,,,0.121,,2291000000,2025-10-30,quarterly,3.19,USD,post-market,284700000,10765000000,0.075,0.14,0.102,63.84,1814300000,9859000000,1373000000,83000000,375.08,364.49,1.9169,27229000000,9733000000,4807000000,15499000000,17496000000,10692000000,4871500000,11730000000,46.49,None,403.95,327.71
2025-12-28,SYK,7.62,24381000000.0,46.49,-1974000000,0.895,56.97,,None,1918000000,1918000000,,,,,,,,,37000000,380200000,None,1767300000,1767300000,563000000,None,1275000000,2076000000,None,None,289900000,,3.36,0.0095,,,,0.028,0.06,962300000,1252200000,3.13,2018-09-30,23.75,7634000000,15859000000.0,3104200000,1003300000,311000000,3463000000,3463000000,None,7700000,None,2893000000,None,None,5928000000,None,None,675200000,None,None,None,0.223,,2138199999,966000000,739000000,2215000000,None,2143000000,None,,,,,1.465,6.22,5.56,,,,,,,,0.121,,2178000000,2025-10-30,quarterly,3.19,USD,post-market,284700000,8892000000,0.075,0.14,0.102,63.84,1814300000,7203000000,1275000000,292000000,375.08,364.49,1.9169,22084000000,7918000000,4153000000,12224000000,14166000000,8071000000,4871500000,9860000000,46.49,0,403.95,327.71
2025-12-28,SYK,7.62,24381000000.0,46.49,-1935000000,0.895,56.97,,None,1641000000,1641000000,,,,,,,,,37000000,380100000,None,1767300000,1767300000,561000000,None,1277000000,2089000000,None,None,289900000,,3.36,0.0095,,,,0.028,0.06,962300000,1252200000,3.13,2018-06-30,23.75,7636000000,15859000000.0,3104200000,1003300000,311000000,3567000000,3567000000,None,7700000,None,2740000000,None,None,5925000000,None,None,675200000,None,None,None,0.223,,2138199999,966000000,664000000,2078000000,None,2139000000,None,,,,,1.465,6.22,5.56,,,,,,,,0.121,,2101000000,2025-10-30,quarterly,3.19,USD,post-market,284700000,8477000000,0.075,0.14,0.102,63.84,1814300000,7202000000,1277000000,279000000,375.08,364.49,1.9169,21570000000,7413000000,4046000000,12110000000,14157000000,8064000000,4871500000,9460000000,46.49,0,403.95,327.71
2025-12-28,SYK,7.62,24381000000.0,46.49,-1927000000,0.895,56.97,,None,2179000000,2179000000,,,,,,,,,37000000,380700000,None,1767300000,1767300000,529000000,None,1884000000,2108000000,None,None,289900000,,3.36,0.0095,,,,0.028,0.06,962300000,1252200000,3.13,2018-03-31,23.75,7723000000,15859000000.0,3104200000,1003300000,311000000,3689000000,3689000000,None,7700000,None,2664000000,None,None,5920000000,None,None,675200000,None,None,None,0.223,,2138199999,966000000,624000000,2101000000,None,2190000000,None,,,,,1.465,6.22,5.56,,,,,,,,0.121,,2054000000,2025-10-30,quarterly,3.19,USD,post-market,284700000,8201000000,0.075,0.14,0.102,63.84,1814300000,7904000000,1984000000,276000000,375.08,364.49,1.9169,22133000000,7851000000,4800000000,12910000000,14282000000,8110000000,4871500000,9223000000,46.49,0,403.95,327.71
2025-12-28,SYK,7.62,24381000000.0,46.49,-1825000000,0.895,56.97,,None,2542000000,2542000000,,,,,,,,,37000000,380900000,None,1767300000,1767300000,487000000,None,632000000,2198000000,None,None,289900000,,3.36,0.0095,,,,0.028,0.06,962300000,1252200000,3.13,2017-12-31,23.75,7168000000,15859000000.0,3104200000,1003300000,311000000,3477000000,3477000000,None,7700000,None,2465000000,None,None,6590000000,None,5000000,675200000,None,None,None,0.223,,2138199999,966000000,537000000,2223000000,None,2142000000,None,,,,,1.465,6.22,5.56,,,,,,,,0.121,,1975000000,2025-10-30,quarterly,3.19,USD,post-market,284700000,8986000000,0.075,0.14,0.102,63.84,1814300000,7222000000,632000000,251000000,375.08,364.49,1.9169,22183000000,7993000000,3289000000,12189000000,14190000000,8900000000,4871500000,9994000000,46.49,0,403.95,327.71
2025-12-28,SYK,7.62,24381000000.0,46.49,-1837000000,0.895,56.97,,None,2592000000,2592000000,,,,,,,,,37000000,380200000,None,1767300000,1767300000,458000000,None,632000000,1965000000,None,None,289900000,,3.36,0.0095,,,,0.028,0.06,962300000,1252200000,3.13,2017-09-30,23.75,7026000000,15859000000.0,3104200000,1003300000,311000000,3470000000,3470000000,None,7700000,None,2454000000,None,None,6593000000,None,None,675200000,None,None,None,0.223,,2138199999,966000000,602000000,2025000000,None,1209000000,None,,,,,1.465,6.22,5.56,,,,,,,,0.121,,1852000000,2025-10-30,quarterly,3.19,USD,post-market,284700000,9411000000,0.075,0.14,0.102,63.84,1814300000,7225000000,632000000,97000000,375.08,364.49,1.9169,21485000000,7710000000,3021000000,11060000000,13775000000,8039000000,4871500000,10425000000,46.49,0,403.95,327.71
2025-12-28,SYK,7.62,24381000000.0,46.49,-1760000000,0.895,56.97,,None,3649000000,3649000000,,,,,,,,,37000000,379800000,None,1767300000,1767300000,427000000,None,7366000000,1905000000,None,None,289900000,,3.36,0.0095,,,,0.028,0.06,962300000,1252200000,3.13,2017-06-30,23.75,6471000000,15859000000.0,3104200000,1003300000,311000000,3382000000,3382000000,None,7700000,None,2279000000,None,None,6592000000,None,None,675200000,None,None,None,0.223,,2138199999,966000000,547000000,2271000000,None,1113000000,None,,,,,1.465,6.22,5.56,,,,,,,,0.121,,1758000000,2025-10-30,quarterly,3.19,USD,post-market,284700000,9136000000,0.075,0.14,0.102,63.84,1814300000,7366000000,774000000,98000000,375.08,364.49,1.9169,21292000000,8478000000,3014000000,11257000000,12814000000,8243000000,4871500000,10035000000,46.49,0,403.95,327.71
2025-12-28,SYK,7.62,24381000000.0,46.49,-1678000000,0.895,56.97,,None,3213000000,3213000000,,,,,,,,,37000000,379300000,None,1767300000,1767300000,456000000,None,7219000000,1875000000,None,None,289900000,,3.36,0.0095,,,,0.028,0.06,962300000,1252200000,3.13,2017-03-31,23.75,6393000000,15859000000.0,3104200000,1003300000,311000000,3446000000,3446000000,None,7700000,None,2172000000,None,None,7184000000,None,None,675200000,None,None,None,0.223,,2138199999,966000000,563000000,2020000000,None,1075000000,None,,,,,1.465,6.22,5.56,,,,,,,,0.121,,1655000000,2025-10-30,quarterly,3.19,USD,post-market,284700000,8903000000,0.075,0.14,0.102,63.84,1814300000,7219000000,35000000,66000000,375.08,364.49,1.9169,20517000000,7889000000,2033000000,10813000000,12628000000,8780000000,4871500000,9704000000,46.49,0,403.95,327.71
2025-12-28,SYK,7.62,24381000000.0,46.49,-1592000000,0.895,56.97,,None,3316000000,3316000000,,,,,,,,,37000000,379100000,None,1767300000,1767300000,437000000,None,28000000,1967000000,None,None,289900000,,3.36,0.0095,,,,0.028,0.06,962300000,1252200000,3.13,2016-12-31,23.75,6356000000,15859000000.0,3104200000,1003300000,311000000,3508000000,3508000000,None,7700000,None,2030000000,None,None,6686000000,None,9000000,675200000,None,None,None,0.223,,2138199999,966000000,480000000,2443000000,None,1051000000,None,,,,,1.465,6.22,5.56,,,,,,,,0.121,,1569000000,2025-10-30,quarterly,3.19,USD,post-market,284700000,8842000000,0.075,0.14,0.102,63.84,1814300000,6914000000,228000000,68000000,375.08,364.49,1.9169,20435000000,7861000000,2554000000,10885000000,12574000000,8331000000,4871500000,9550000000,46.49,0,403.95,327.71
2025-12-28,SYK,7.62,24381000000.0,46.49,-1618000000,0.895,56.97,,None,2953000000,2953000000,,,,,,,,,37000000,379000000,None,1767300000,1767300000,420000000,None,135000000,1803000000,None,None,289900000,,3.36,0.0095,,,,0.028,0.06,962300000,1252200000,3.13,2016-09-30,23.75,6475000000,15859000000.0,3104200000,1003300000,311000000,3608000000,3608000000,None,7700000,None,2092000000,None,None,6713000000,None,None,675200000,None,None,None,0.223,,2138199999,966000000,449000000,2258000000,None,1116000000,None,,,,,1.465,6.22,5.56,,,,,,,,0.121,,1505000000,2025-10-30,quarterly,3.19,USD,post-market,284700000,8491000000,0.075,0.14,0.102,63.84,1814300000,6848000000,135000000,69000000,375.08,364.49,1.9169,20187000000,7366000000,2423000000,10855000000,12821000000,8432000000,4871500000,9332000000,46.49,0,403.95,327.71
2025-12-28,SYK,7.62,24381000000.0,46.49,-1624000000,0.895,56.97,,None,3490000000,3490000000,,,,,,,,,37000000,378500000,None,1767300000,1767300000,425000000,None,927000000,1758000000,None,None,289900000,,3.36,0.0095,,,,0.028,0.06,962300000,1252200000,3.13,2016-06-30,23.75,6372000000,15859000000.0,3104200000,1003300000,311000000,3728000000,3728000000,None,7700000,None,1989000000,None,None,6717000000,None,None,675200000,None,None,None,0.223,,2138199999,966000000,421000000,2087000000,None,1100000000,None,,,,,1.465,6.22,5.56,,,,,,,,0.121,,1446000000,2025-10-30,quarterly,3.19,USD,post-market,284700000,8278000000,0.075,0.14,0.102,63.84,1814300000,7644000000,927000000,166000000,375.08,364.49,1.9169,20520000000,7824000000,3605000000,11422000000,12696000000,7817000000,4871500000,9098000000,46.49,0,403.95,327.71
2025-12-28,SYK,7.62,24381000000.0,46.49,-1587000000,0.895,56.97,,None,6976000000,6976000000,,,,,,,,,37000000,377400000,None,1767300000,1767300000,394000000,None,None,1591000000,None,None,289900000,,3.36,0.0095,,,,0.028,0.06,962300000,1252200000,3.13,2016-03-31,23.75,4165000000,15859000000.0,3104200000,1003300000,311000000,1780000000,1780000000,None,7700000,None,1768000000,None,None,6706000000,None,None,675200000,None,None,None,0.223,,2138199999,966000000,483000000,1871000000,None,968000000,None,,,,,1.465,6.22,5.56,,,,,,,,0.121,,1224000000,2025-10-30,quarterly,3.19,USD,post-market,284700000,8040000000,0.075,0.14,0.102,63.84,1814300000,7476000000,770000000,507000000,375.08,364.49,1.9169,19668000000,11325000000,2580000000,10860000000,8343000000,8280000000,4871500000,8808000000,46.49,0,403.95,327.71
2025-12-28,SYK,7.62,24381000000.0,46.49,-1531000000,0.895,56.97,,None,3379000000,3379000000,,,,,,,,,37000000,378400000,None,1767300000,1767300000,410000000,None,772000000,1662000000,None,None,289900000,,3.36,0.0095,,,,0.028,0.06,962300000,1252200000,3.13,2015-12-31,23.75,4136000000,15859000000.0,3104200000,1003300000,311000000,1794000000,1794000000,None,7700000,None,1639000000,None,None,3253000000,None,15000000,675200000,None,None,None,0.223,,2138199999,966000000,564000000,2183000000,None,980000000,None,,,,,1.465,6.22,5.56,,,,,,,,0.121,,1199000000,2025-10-30,quarterly,3.19,USD,post-market,284700000,7792000000,0.075,0.14,0.102,63.84,1814300000,4022000000,769000000,700000000,375.08,364.49,1.9169,16247000000,7944000000,2809000000,7736000000,8303000000,4927000000,4871500000,8511000000,46.49,0,403.95,327.71
2025-12-28,SYK,7.62,24381000000.0,46.49,-1528000000,0.895,56.97,,None,3163000000,3163000000,,,,,,,,,38000000,380700000,None,1767300000,1767300000,340000000,None,None,1496000000,None,None,289900000,,3.36,0.0095,,,,0.028,0.06,962300000,1252200000,3.13,2015-09-30,23.75,4160000000,15859000000.0,3104200000,1003300000,311000000,1861000000,1861000000,None,7700000,None,1665000000,None,None,2511000000,None,None,675200000,None,None,None,0.223,,2138199999,966000000,1500000000,2084000000,None,1369000000,None,,,,,1.465,6.22,5.56,,,,,,,,0.121,,1128000000,2025-10-30,quarterly,3.19,USD,post-market,284700000,7656000000,0.075,0.14,0.102,63.84,1814300000,3482000000,971000000,209000000,375.08,364.49,1.9169,15917000000,8033000000,2856000000,7433000000,7884000000,4577000000,4871500000,8484000000,46.49,0,403.95,327.71
2025-12-28,SYK,7.62,24381000000.0,46.49,-1502000000,0.895,56.97,,None,3626000000,3626000000,,,,,,,,,38000000,381100000,None,1767300000,1767300000,342000000,None,None,1500000000,None,None,289900000,,3.36,0.0095,,,,0.028,0.06,962300000,1252200000,3.13,2015-06-30,23.75,4125000000,15859000000.0,3104200000,1003300000,311000000,1925000000,1925000000,None,7700000,None,1619000000,None,None,3242000000,None,None,675200000,None,None,None,0.223,,2138199999,966000000,1540000000,2997000000,None,1349000000,None,,,,,1.465,6.22,5.56,,,,,,,,0.121,,1102000000,2025-10-30,quarterly,3.19,USD,post-market,284700000,7600000000,0.075,0.14,0.102,63.84,1814300000,3469000000,227000000,651000000,375.08,364.49,1.9169,16819000000,8936000000,2035000000,8314000000,7883000000,6279000000,4871500000,8505000000,46.49,0,403.95,327.71
2025-12-28,SYK,7.62,24381000000.0,46.49,-1459000000,0.895,56.97,,None,1674000000,1674000000,,,,,,,,,38000000,383500000,None,1767300000,1767300000,333000000,None,None,1521000000,None,None,289900000,,3.36,0.0095,,,,0.028,0.06,962300000,1252200000,3.13,2015-03-31,23.75,4099000000,15859000000.0,3104200000,1003300000,311000000,1960000000,1960000000,None,7700000,None,1582000000,None,None,3257000000,None,None,675200000,None,None,None,0.223,,2138199999,966000000,1361000000,2849000000,None,1307000000,None,,,,,1.465,6.22,5.56,,,,,,,,0.121,,1069000000,2025-10-30,quarterly,3.19,USD,post-market,284700000,7527000000,0.075,0.14,0.102,63.84,1814300000,3482000000,225000000,2589000000,375.08,364.49,1.9169,16580000000,8727000000,2107000000,8259000000,7853000000,6152000000,4871500000,8321000000,46.49,0,403.95,327.71
2025-12-28,SYK,7.62,24381000000.0,46.49,-1499000000,0.895,56.97,,None,1795000000,1795000000,,,,,,,,,38000000,383000000,None,1767300000,1767300000,329000000,None,527000000,1572000000,None,None,289900000,,3.36,0.0095,,,,0.028,0.06,962300000,1252200000,3.13,2014-12-31,23.75,4186000000,15859000000.0,3104200000,1003300000,311000000,2018000000,2018000000,None,7700000,None,1588000000,None,None,3246000000,None,10000000,675200000,None,None,None,0.223,,2138199999,966000000,1513000000,2418000000,None,1408000000,None,,,,,1.465,6.22,5.56,,,,,,,,0.121,,1098000000,2025-10-30,quarterly,3.19,USD,post-market,284700000,7559000000,0.075,0.14,0.102,63.84,1814300000,3973000000,727000000,3205000000,375.08,364.49,1.9169,17713000000,9673000000,4463000000,9117000000,8040000000,4654000000,4871500000,8596000000,46.49,0,403.95,327.71
2025-12-28,SYK,7.62,24381000000.0,46.49,-1498000000,0.895,56.97,,None,1356000000,1356000000,,,,,,,,,38000000,382500000,None,1767300000,1767300000,335000000,None,None,1529000000,None,None,289900000,,3.36,0.0095,,,,0.028,0.06,962300000,1252200000,3.13,2014-09-30,23.75,4257000000,15859000000.0,3104200000,1003300000,311000000,2108000000,2108000000,None,7700000,None,1666000000,None,None,3231000000,None,None,675200000,None,None,None,0.223,,2138199999,966000000,1454000000,2771000000,None,1449000000,None,,,,,1.465,6.22,5.56,,,,,,,,0.121,,1104000000,2025-10-30,quarterly,3.19,USD,post-market,284700000,7430000000,0.075,0.14,0.102,63.84,1814300000,3962000000,731000000,3321000000,375.08,364.49,1.9169,17515000000,9326000000,4211000000,8891000000,8189000000,4680000000,4871500000,8624000000,46.49,0,403.95,327.71
2025-12-28,SYK,7.62,24381000000.0,46.49,-1499000000,0.895,56.97,,None,1319000000,1319000000,,,,,,,,,38000000,382700000,None,1767300000,1767300000,337000000,None,None,1503000000,None,None,289900000,,3.36,0.0095,,,,0.028,0.06,962300000,1252200000,3.13,2014-06-30,23.75,4101000000,15859000000.0,3104200000,1003300000,311000000,2090000000,2090000000,None,7700000,None,1587000000,None,None,3237000000,None,None,675200000,None,None,None,0.223,,2138199999,966000000,1523000000,2649000000,None,1277000000,None,,,,,1.465,6.22,5.56,,,,,,,,0.121,,1127000000,2025-10-30,quarterly,3.19,USD,post-market,284700000,7525000000,0.075,0.14,0.102,63.84,1814300000,3867000000,630000000,3426000000,375.08,364.49,1.9169,17206000000,9358000000,3529000000,8117000000,7848000000,4588000000,4871500000,9089000000,46.49,0,403.95,327.71
2025-12-28,SYK,7.62,24381000000.0,46.49,-1467000000,0.895,56.97,,None,1381000000,1381000000,,,,,,,,,38000000,382600000,None,1767300000,1767300000,350000000,None,None,1430000000,None,None,289900000,,3.36,0.0095,,,,0.028,0.06,962300000,1252200000,3.13,2014-03-31,23.75,3997000000,15859000000.0,3104200000,1003300000,311000000,2085000000,2085000000,None,7700000,None,1498000000,None,None,2244000000,None,None,675200000,None,None,None,0.223,,2138199999,966000000,1471000000,2270000000,None,1294000000,None,,,,,1.465,6.22,5.56,,,,,,,,0.121,,1117000000,2025-10-30,quarterly,3.19,USD,post-market,284700000,7571000000,0.075,0.14,0.102,63.84,1814300000,3064000000,820000000,2666000000,375.08,364.49,1.9169,16159000000,8446000000,3558000000,7096000000,7713000000,3538000000,4871500000,9063000000,46.49,0,403.95,327.71
2025-12-28,SYK,7.62,24381000000.0,46.49,-1416000000,0.895,56.97,,None,1339000000,1339000000,,,,,,,,,38000000,382300000,None,1767300000,1767300000,314000000,None,None,1518000000,None,None,289900000,,3.36,0.0095,,,,0.028,0.06,962300000,1252200000,3.13,2013-12-31,23.75,3844000000,15859000000.0,3104200000,1003300000,311000000,1989000000,1989000000,None,7700000,None,1422000000,None,None,2739000000,None,None,675200000,None,None,None,0.223,,2138199999,966000000,1415000000,1438000000,None,1300000000,None,,,,,1.465,6.22,5.56,,,,,,,,0.121,,1081000000,2025-10-30,quarterly,3.19,USD,post-market,284700000,7617000000,0.075,0.14,0.102,63.84,1814300000,2764000000,25000000,2641000000,375.08,364.49,1.9169,15743000000,8335000000,2657000000,6696000000,7408000000,4039000000,4871500000,9047000000,46.49,0,403.95,327.71
2025-12-28,SYK,7.62,24381000000.0,46.49,-1373000000,0.895,56.97,,None,1110000000,1110000000,,,,,,,,,38000000,381700000,None,1767300000,1767300000,278000000,None,None,1370000000,None,None,289900000,,3.36,0.0095,,,,0.028,0.06,962300000,1252200000,3.13,2013-09-30,23.75,2603000000,15859000000.0,3104200000,1003300000,311000000,1539000000,1539000000,None,7700000,None,1404000000,None,None,2743000000,None,None,675200000,None,None,None,0.223,,2138199999,966000000,1275000000,1990000000,None,1079000000,None,,,,,1.465,6.22,5.56,,,,,,,,0.121,,1036000000,2025-10-30,quarterly,3.19,USD,post-market,284700000,7411000000,0.075,0.14,0.102,63.84,1814300000,2774000000,31000000,4028000000,375.08,364.49,1.9169,14883000000,9187000000,2324000000,6146000000,5696000000,3822000000,4871500000,8737000000,46.49,0,403.95,327.71
2025-12-28,SYK,7.62,24381000000.0,46.49,-1324000000,0.895,56.97,,None,971000000,971000000,,,,,,,,,38000000,381000000,None,1767300000,1767300000,277000000,None,None,1413000000,None,None,289900000,,3.36,0.0095,,,,0.028,0.06,962300000,1252200000,3.13,2013-06-30,23.75,2573000000,15859000000.0,3104200000,1003300000,311000000,1545000000,1545000000,None,7700000,None,1345000000,None,None,2742000000,None,None,675200000,None,None,None,0.223,,2138199999,966000000,1279000000,1612000000,None,1066000000,None,,,,,1.465,6.22,5.56,,,,,,,,0.121,,1021000000,2025-10-30,quarterly,3.19,USD,post-market,284700000,7410000000,0.075,0.14,0.102,63.84,1814300000,2771000000,29000000,3681000000,375.08,364.49,1.9169,14382000000,8689000000,1971000000,5779000000,5693000000,3808000000,4871500000,8603000000,46.49,0,403.95,327.71
2025-12-28,SYK,7.62,24381000000.0,46.49,-1296000000,0.895,56.97,,None,1913000000,1913000000,,,,,,,,,38000000,383000000,None,1767300000,1767300000,297000000,None,None,1408000000,None,None,289900000,,3.36,0.0095,,,,0.028,0.06,962300000,1252200000,3.13,2013-03-31,23.75,2592000000,15859000000.0,3104200000,1003300000,311000000,1520000000,1520000000,None,7700000,None,1323000000,None,None,2738000000,None,None,675200000,None,None,None,0.223,,2138199999,966000000,1203000000,1372000000,None,1087000000,None,,,,,1.465,6.22,5.56,,,,,,,,0.121,,1002000000,2025-10-30,quarterly,3.19,USD,post-market,284700000,7296000000,0.075,0.14,0.102,63.84,1814300000,2772000000,34000000,2574000000,375.08,364.49,1.9169,14089000000,8421000000,1808000000,5633000000,5668000000,3825000000,4871500000,8456000000,46.49,0,403.95,327.71
2025-12-28,SYK,7.62,24381000000.0,46.49,-1284000000,0.895,56.97,,None,1395000000,1395000000,,,,,,,,,38000000,382700000,None,1767300000,1767300000,288000000,None,None,1430000000,None,None,289900000,,3.36,0.0095,,,,0.028,0.06,962300000,1252200000,3.13,2012-12-31,23.75,2142000000,15859000000.0,3104200000,1003300000,311000000,1424000000,1424000000,None,7700000,None,1265000000,None,None,1746000000,None,None,675200000,None,None,None,0.223,,2138199999,966000000,1138000000,722000000,None,987000000,None,,,,,1.465,6.22,5.56,,,,,,,,0.121,,948000000,2025-10-30,quarterly,3.19,USD,post-market,284700000,7332000000,0.075,0.14,0.102,63.84,1814300000,1762000000,16000000,2890000000,375.08,364.49,1.9169,13467000000,8118000000,1837000000,4870000000,5349000000,3033000000,4871500000,8597000000,46.49,0,403.95,327.71
2025-12-28,SYK,7.62,24381000000.0,46.49,-1240000000,0.895,56.97,,None,1423000000,1423000000,,,,,,,,,38000000,382500000,None,1767300000,1767300000,270000000,None,None,1356000000,None,None,289900000,,3.36,0.0095,,,,0.028,0.06,962300000,1252200000,3.13,2012-09-30,23.75,2060000000,15859000000.0,3104200000,1003300000,311000000,1342000000,1342000000,None,7700000,None,1315000000,None,None,1751000000,None,None,675200000,None,None,None,0.223,,2138199999,966000000,1106000000,1229000000,None,1089000000,None,,,,,1.465,6.22,5.56,,,,,,,,0.121,,929000000,2025-10-30,quarterly,3.19,USD,post-market,284700000,7162000000,0.075,0.14,0.102,63.84,1814300000,1769000000,18000000,2440000000,375.08,364.49,1.9169,12777000000,7640000000,1576000000,4416000000,5137000000,2840000000,4871500000,8361000000,46.49,0,403.95,327.71
2025-12-28,SYK,7.62,24381000000.0,46.49,-1202000000,0.895,56.97,,None,1393000000,1393000000,,,,,,,,,38000000,383300000,None,1767300000,1767300000,295000000,None,None,1368000000,None,None,289900000,,3.36,0.0095,,,,0.028,0.06,962300000,1252200000,3.13,2012-06-30,23.75,2028000000,15859000000.0,3104200000,1003300000,311000000,1349000000,1349000000,None,7700000,None,1289000000,None,None,1750000000,None,None,675200000,None,None,None,0.223,,2138199999,966000000,1081000000,1178000000,None,1071000000,None,,,,,1.465,6.22,5.56,,,,,,,,0.121,,898000000,2025-10-30,quarterly,3.19,USD,post-market,284700000,6908000000,0.075,0.14,0.102,63.84,1814300000,1766000000,16000000,2067000000,375.08,364.49,1.9169,12262000000,7198000000,1489000000,4310000000,5064000000,2821000000,4871500000,7952000000,46.49,0,403.95,327.71
2025-12-28,SYK,7.62,24381000000.0,46.49,-1212000000,0.895,56.97,,None,690000000,690000000,,,,,,,,,38000000,383800000,None,1767300000,1767300000,311000000,None,None,1472000000,None,None,289900000,,3.36,0.0095,,,,0.028,0.06,962300000,1252200000,3.13,2012-03-31,23.75,2082000000,15859000000.0,3104200000,1003300000,311000000,1425000000,1425000000,None,7700000,None,1318000000,None,None,1751000000,None,None,675200000,None,None,None,0.223,,2138199999,966000000,1142000000,1130000000,None,1137000000,None,,,,,1.465,6.22,5.56,,,,,,,,0.121,,909000000,2025-10-30,quarterly,3.19,USD,post-market,284700000,6701000000,0.075,0.14,0.102,63.84,1814300000,1774000000,23000000,2607000000,375.08,364.49,1.9169,12459000000,7229000000,1549000000,4437000000,5230000000,2888000000,4871500000,8022000000,46.49,0,403.95,327.71
2025-12-28,SYK,7.62,24381000000.0,46.49,-1167000000,0.895,56.97,,None,905000000,905000000,,,,,,,,,38000000,383800000,None,1767300000,1767300000,345000000,None,None,1417000000,None,None,289900000,,3.36,0.0095,,,,0.028,0.06,962300000,1252200000,3.13,2011-12-31,23.75,2072000000,15859000000.0,3104200000,1003300000,311000000,1442000000,1442000000,None,7700000,None,1283000000,None,None,1751000000,None,None,675200000,None,None,None,0.223,,2138199999,966000000,1089000000,1350000000,None,1143000000,None,,,,,1.465,6.22,5.56,,,,,,,,0.121,,888000000,2025-10-30,quarterly,3.19,USD,post-market,284700000,6479000000,0.075,0.14,0.102,63.84,1814300000,1768000000,17000000,2513000000,375.08,364.49,1.9169,12405000000,7211000000,1828000000,4722000000,5194000000,2894000000,4871500000,7683000000,46.49,0,403.95,327.71
2025-12-28,SYK,7.62,24381000000.0,46.49,None,0.895,56.97,,None,810000000,810000000,,,,,,,,,38000000,388000000,None,1767300000,1767300000,282000000,None,None,1319000000,None,None,289900000,,3.36,0.0095,,,,0.028,0.06,962300000,1252200000,3.13,2011-09-30,23.75,2042000000,15859000000.0,3104200000,1003300000,311000000,1454000000,1454000000,None,7700000,None,1297000000,None,None,1755000000,None,None,675200000,None,None,None,0.223,,2138199999,966000000,1102000000,1196000000,None,1209000000,None,,,,,1.465,6.22,5.56,,,,,,,,0.121,,888000000,2025-10-30,quarterly,3.19,USD,post-market,284700000,6240000000,0.075,0.14,0.102,63.84,1814300000,1780000000,25000000,2403000000,375.08,364.49,1.9169,12083000000,6931000000,1562000000,4526000000,5152000000,2964000000,4871500000,7557000000,46.49,0,403.95,327.71
2025-12-28,SYK,7.62,24381000000.0,46.49,None,0.895,56.97,,None,497100000,497100000,,,,,,,,,38800000,392000000,None,1767300000,1767300000,307000000,None,None,1348200000,None,None,289900000,,3.36,0.0095,,,,0.028,0.06,962300000,1252200000,3.13,2011-06-30,23.75,2027500000,15859000000.0,3104200000,1003300000,311000000,1398200000,1398200000,None,7700000,None,1284400000,None,None,996700000,None,None,675200000,None,None,None,0.223,,2138199999,966000000,1195100000,1243700000,None,1218200000,None,,,,,1.465,6.22,5.56,,,,,,,,0.121,,886000000,2025-10-30,quarterly,3.19,USD,post-market,284700000,6254100000,0.075,0.14,0.102,63.84,1814300000,1021100000,24400000,2177900000,375.08,364.49,1.9169,11596400000,6502700000,1603500000,3818400000,5093700000,2214900000,4871500000,7778000000,46.49,0,403.95,327.71
2025-12-28,SYK,7.62,24381000000.0,46.49,None,0.895,56.97,,None,735100000,735100000,,,,,,,,,38800000,394200000,None,1767300000,1767300000,292000000,None,None,1310300000,None,None,289900000,,3.36,0.0095,,,,0.028,0.06,962300000,1252200000,3.13,2011-03-31,23.75,1853500000,15859000000.0,3104200000,1003300000,311000000,1312000000,1312000000,None,7700000,None,1220500000,None,None,996600000,None,None,675200000,None,None,None,0.223,,2138199999,966000000,1084500000,1127100000,None,1195200000,None,,,,,1.465,6.22,5.56,,,,,,,,0.121,,845000000,2025-10-30,quarterly,3.19,USD,post-market,284700000,6014800000,0.075,0.14,0.102,63.84,1814300000,1024800000,28200000,2150800000,375.08,364.49,1.9169,11231000000,6501200000,1586800000,3778600000,4729800000,2191800000,4871500000,7452400000,46.49,0,403.95,327.71
2025-12-28,SYK,7.62,24381000000.0,46.49,-1051600000,0.895,56.97,,None,1757600000,1757600000,,,,,,,,,39100000,394200000,None,1767300000,1767300000,292000000,None,None,1251900000,None,None,289900000,,3.36,0.0095,,,,0.028,0.06,962300000,1252200000,3.13,2010-12-31,23.75,1072300000,15859000000.0,3104200000,1003300000,311000000,703000000,703000000,None,7700000,None,1056800000,None,None,996500000,None,None,675200000,None,None,None,0.223,,2138199999,966000000,943000000,1240600000,None,1120000000,None,,,,,1.465,6.22,5.56,,,,,,,,0.121,,798300000,2025-10-30,quarterly,3.19,USD,post-market,284700000,6016900000,0.075,0.14,0.102,63.84,1814300000,1021800000,25000000,2622500000,375.08,364.49,1.9169,10895100000,7631400000,1605000000,3721500000,3263700000,2116500000,4871500000,7173600000,46.49,0,403.95,327.71
2025-12-28,SYK,7.62,24381000000.0,46.49,None,0.895,56.97,,None,925600000,925600000,,,,,,,,,39700000,398100000,None,1767300000,1767300000,247800000,None,None,1158600000,None,None,289900000,,3.36,0.0095,,,,0.028,0.06,962300000,1252200000,3.13,2010-09-30,23.75,951000000,15859000000.0,3104200000,1003300000,311000000,653500000,653500000,None,7700000,None,1035300000,None,None,996400000,None,None,675200000,None,None,None,0.223,,2138199999,966000000,835200000,1078900000,None,1063500000,None,,,,,1.465,6.22,5.56,,,,,,,,0.121,,931600000,2025-10-30,quarterly,3.19,USD,post-market,284700000,6091200000,0.075,0.14,0.102,63.84,1814300000,1015500000,19100000,3589000000,375.08,364.49,1.9169,10771900000,7543700000,1406000000,3465900000,3228200000,2059900000,4871500000,7306000000,46.49,0,403.95,327.71
2025-12-28,SYK,7.62,24381000000.0,46.49,None,0.895,56.97,,None,785200000,785200000,,,,,,,,,39700000,399200000,None,1767300000,1767300000,212800000,None,None,1108200000,None,None,289900000,,3.36,0.0095,,,,0.028,0.06,962300000,1252200000,3.13,2010-06-30,23.75,932300000,15859000000.0,3104200000,1003300000,311000000,654600000,654600000,None,7700000,None,968200000,None,None,996300000,None,None,675200000,None,None,None,0.223,,2138199999,966000000,794900000,1017100000,None,1023200000,None,,,,,1.465,6.22,5.56,,,,,,,,0.121,,898700000,2025-10-30,quarterly,3.19,USD,post-market,284700000,5813100000,0.075,0.14,0.102,63.84,1814300000,1015200000,18900000,3243300000,375.08,364.49,1.9169,10060100000,6899800000,1295100000,3314600000,3160300000,2019500000,4871500000,6745500000,46.49,0,403.95,327.71
2025-12-28,SYK,7.62,24381000000.0,46.49,None,0.895,56.97,,None,1202500000,1202500000,,,,,,,,,39700000,400100000,None,1767300000,1767300000,230700000,None,None,1120600000,None,None,289900000,,3.36,0.0095,,,,0.028,0.06,962300000,1252200000,3.13,2010-03-31,23.75,951200000,15859000000.0,3104200000,1003300000,311000000,666300000,666300000,None,7700000,None,961000000,None,None,996200000,None,None,675200000,None,None,None,0.223,,2138199999,966000000,856200000,980500000,None,1026600000,None,,,,,1.465,6.22,5.56,,,,,,,,0.121,,925000000,2025-10-30,quarterly,3.19,USD,post-market,284700000,5553700000,0.075,0.14,0.102,63.84,1814300000,1023800000,27600000,2735100000,375.08,364.49,1.9169,10098400000,6875400000,1404800000,3427600000,3223000000,2022800000,4871500000,6670800000,46.49,0,403.95,327.71
2025-12-28,SYK,7.62,24381000000.0,46.49,-1016100000,0.895,56.97,,None,658700000,658700000,,,,,,,,,39800000,400100000,None,1767300000,1767300000,200200000,None,None,1147100000,None,None,289900000,,3.36,0.0095,,,,0.028,0.06,962300000,1252200000,3.13,2009-12-31,23.75,956800000,15859000000.0,3104200000,1003300000,311000000,634700000,634700000,None,7700000,None,943000000,None,None,0,None,None,675200000,None,None,None,0.223,,2138199999,966000000,806300000,1088100000,None,1035200000,None,,,,,1.465,6.22,5.56,,,,,,,,0.121,,947600000,2025-10-30,quarterly,3.19,USD,post-market,284700000,5397400000,0.075,0.14,0.102,63.84,1814300000,18000000,18000000,2296100000,375.08,364.49,1.9169,9071300000,5851200000,1441000000,2476200000,3220100000,1035200000,4871500000,6595100000,46.49,0,403.95,327.71
2025-12-28,SYK,7.62,24381000000.0,46.49,None,0.895,56.97,,None,960300000,960300000,,,,,,,,,39800000,399600000,None,1767300000,1767300000,204500000,None,None,1113500000,None,None,289900000,,3.36,0.0095,,,,0.028,0.06,962300000,1252200000,3.13,2009-09-30,23.75,594600000,15859000000.0,3104200000,1003300000,311000000,360300000,360300000,None,7700000,None,977300000,None,None,0,None,None,675200000,None,None,None,0.223,,2138199999,966000000,741600000,973300000,None,820300000,None,,,,,1.465,6.22,5.56,,,,,,,,0.121,,954100000,2025-10-30,quarterly,3.19,USD,post-market,284700000,5190900000,0.075,0.14,0.102,63.84,1814300000,18100000,18100000,1969100000,375.08,364.49,1.9169,8459200000,5761800000,1198000000,2018300000,2697400000,820300000,4871500000,6440900000,46.49,0,403.95,327.71
2025-12-28,SYK,7.62,24381000000.0,46.49,None,0.895,56.97,,None,666300000,666300000,,,,,,,,,39700000,399000000,None,1767300000,1767300000,211700000,None,None,1097300000,None,None,289900000,,3.36,0.0095,,,,0.028,0.06,962300000,1252200000,3.13,2009-06-30,23.75,578000000,15859000000.0,3104200000,1003300000,311000000,364000000,364000000,None,7700000,None,991700000,None,None,None,None,None,675200000,None,None,None,0.223,,2138199999,966000000,723400000,829600000,None,790900000,None,,,,,1.465,6.22,5.56,,,,,,,,0.121,,950300000,2025-10-30,quarterly,3.19,USD,post-market,284700000,4961900000,0.075,0.14,0.102,63.84,1814300000,19400000,19400000,1761600000,375.08,364.49,1.9169,7923500000,5240300000,1075100000,1866000000,2683200000,790900000,4871500000,6057500000,46.49,None,403.95,327.71
2025-12-28,SYK,7.62,24381000000.0,46.49,None,0.895,56.97,,None,685800000,685800000,,,,,,,,,39700000,398600000,None,1767300000,1767300000,273700000,None,None,1054800000,None,None,289900000,,3.36,0.0095,,,,0.028,0.06,962300000,1252200000,3.13,2009-03-31,23.75,554400000,15859000000.0,3104200000,1003300000,311000000,355100000,355100000,None,7700000,None,990200000,None,None,None,None,None,675200000,None,None,None,0.223,,2138199999,966000000,709800000,744200000,None,None,None,,,,,1.465,6.22,5.56,,,,,,,,0.121,,944300000,2025-10-30,quarterly,3.19,USD,post-market,284700000,4670600000,0.075,0.14,0.102,63.84,1814300000,20500000,20500000,1559300000,375.08,364.49,1.9169,7585200000,4999900000,1181800000,1960100000,2585300000,778300000,4871500000,5625100000,46.49,None,403.95,327.71
2025-12-28,SYK,7.62,24381000000.0,46.49,None,0.895,56.97,,None,701100000,701100000,,,,,,,,,39600000,398600000,None,1767300000,1767300000,274300000,None,None,1129500000,None,None,289900000,,3.36,0.0095,,,,0.028,0.06,962300000,1252200000,3.13,2008-12-31,23.75,567500000,15859000000.0,3104200000,1003300000,311000000,368000000,368000000,None,7700000,None,952700000,None,None,None,None,None,675200000,None,None,None,0.223,,2138199999,966000000,701500000,1137300000,None,None,None,,,,,1.465,6.22,5.56,,,,,,,,0.121,,963800000,2025-10-30,quarterly,3.19,USD,post-market,284700000,4389500000,0.075,0.14,0.102,63.84,1814300000,20500000,20500000,1494500000,375.08,364.49,1.9169,7603300000,4979300000,1462100000,2196600000,2624000000,734500000,4871500000,5406700000,46.49,None,403.95,327.71
2025-12-28,SYK,7.62,24381000000.0,46.49,None,0.895,56.97,,None,668000000,668000000,,,,,,,,,40400000,415800000,None,1767300000,1767300000,262500000,None,None,1105100000,None,None,289900000,,3.36,0.0095,,,,0.028,0.06,962300000,1252200000,3.13,2008-09-30,23.75,531200000,15859000000.0,3104200000,1003300000,311000000,378000000,378000000,None,7700000,None,981200000,None,None,None,None,None,675200000,None,None,None,0.223,,2138199999,966000000,697400000,843600000,None,None,None,,,,,1.465,6.22,5.56,,,,,,,,0.121,,992800000,2025-10-30,quarterly,3.19,USD,post-market,284700000,4657200000,0.075,0.14,0.102,63.84,1814300000,21200000,21200000,1539500000,375.08,364.49,1.9169,7574600000,4991200000,1143400000,1829500000,2583400000,686100000,4871500000,5745100000,46.49,None,403.95,327.71
2025-12-28,SYK,7.62,24381000000.0,46.49,None,0.895,56.97,,None,421600000,421600000,,,,,,,,,41200000,417900000,None,1767300000,1767300000,268200000,None,None,1132000000,None,None,289900000,,3.36,0.0095,,,,0.028,0.06,962300000,1252200000,3.13,2008-06-30,23.75,544300000,15859000000.0,3104200000,1003300000,311000000,398300000,398300000,None,7700000,None,953200000,None,None,None,None,None,675200000,None,None,None,0.223,,2138199999,966000000,707000000,798200000,None,None,None,,,,,1.465,6.22,5.56,,,,,,,,0.121,,1017800000,2025-10-30,quarterly,3.19,USD,post-market,284700000,4961000000,0.075,0.14,0.102,63.84,1814300000,23800000,23800000,2141100000,375.08,364.49,1.9169,8025300000,5354900000,1124000000,1806200000,2670400000,682200000,4871500000,6219100000,46.49,None,403.95,327.71
2025-12-28,SYK,7.62,24381000000.0,46.49,None,0.895,56.97,,None,423500000,423500000,,,,,,,,,41200000,417900000,None,1767300000,1767300000,277700000,None,None,1094600000,None,None,289900000,,3.36,0.0095,,,,0.028,0.06,962300000,1252200000,3.13,2008-03-31,23.75,548800000,15859000000.0,3104200000,1003300000,311000000,408800000,408800000,None,7700000,None,894600000,None,None,None,None,None,675200000,None,None,None,0.223,,2138199999,966000000,711900000,716400000,None,None,None,,,,,1.465,6.22,5.56,,,,,,,,0.121,,1023400000,2025-10-30,quarterly,3.19,USD,post-market,284700000,4655200000,0.075,0.14,0.102,63.84,1814300000,17700000,17700000,1939300000,375.08,364.49,1.9169,7754100000,5063900000,1149200000,1821300000,2690200000,672100000,4871500000,5932800000,46.49,None,403.95,327.71
2025-12-28,SYK,7.62,24381000000.0,46.49,None,0.895,56.97,,None,290500000,290500000,,,,,,,,,41100000,417900000,None,1767300000,1767300000,265500000,None,None,1030700000,None,None,289900000,,3.36,0.0095,,,,0.028,0.06,962300000,1252200000,3.13,2007-12-31,23.75,527400000,15859000000.0,3104200000,1003300000,311000000,398100000,398100000,None,7700000,None,796200000,None,None,None,None,None,675200000,None,None,None,0.223,,2138199999,966000000,667200000,992000000,None,None,None,,,,,1.465,6.22,5.56,,,,,,,,0.121,,991600000,2025-10-30,quarterly,3.19,USD,post-market,284700000,4364700000,0.075,0.14,0.102,63.84,1814300000,16800000,16800000,2120300000,375.08,364.49,1.9169,7354000000,4904900000,1333000000,1975500000,2449100000,642500000,4871500000,5378500000,46.49,None,403.95,327.71
2025-12-28,SYK,7.62,24381000000.0,46.49,None,0.895,56.97,,None,170900000,170900000,,,,,,,,,41000000,417500000,None,1767300000,1767300000,240400000,None,None,954300000,None,None,289900000,,3.36,0.0095,,,,0.028,0.06,962300000,1252200000,3.13,2007-09-30,23.75,524100000,15859000000.0,3104200000,1003300000,311000000,695700000,695700000,None,7700000,None,785100000,None,None,None,None,None,675200000,None,None,None,0.223,,2138199999,966000000,626300000,781700000,None,None,None,,,,,1.465,6.22,5.56,,,,,,,,0.121,,957400000,2025-10-30,quarterly,3.19,USD,post-market,284700000,4224200000,0.075,0.14,0.102,63.84,1814300000,17400000,17400000,1902500000,375.08,364.49,1.9169,6858700000,4439100000,1087100000,1697400000,2419600000,610300000,4871500000,5161300000,46.49,None,403.95,327.71
2025-12-28,SYK,7.62,24381000000.0,46.49,None,0.895,56.97,,None,170000000,170000000,,,,,,,,,41000000,416900000,None,1767300000,1767300000,231200000,None,None,940500000,None,None,289900000,,3.36,0.0095,,,,0.028,0.06,962300000,1252200000,3.13,2007-06-30,23.75,513000000,15859000000.0,3104200000,1003300000,311000000,392300000,392300000,None,7700000,None,733400000,None,None,None,None,None,675200000,None,None,None,0.223,,2138199999,966000000,608200000,722000000,None,None,None,,,,,1.465,6.22,5.56,,,,,,,,0.121,,932700000,2025-10-30,quarterly,3.19,USD,post-market,284700000,3995500000,0.075,0.14,0.102,63.84,1814300000,17400000,17400000,1610200000,375.08,364.49,1.9169,6419900000,4062300000,1039900000,1618500000,2357600000,578600000,4871500000,4801400000,46.49,None,403.95,327.71
2025-12-28,SYK,7.62,24381000000.0,46.49,None,0.895,56.97,,None,294300000,294300000,,,,,,,,,40900000,416000000,None,1767300000,1767300000,224200000,None,None,936600000,None,None,289900000,,3.36,0.0095,,,,0.028,0.06,962300000,1252200000,3.13,2007-03-31,23.75,533000000,15859000000.0,3104200000,1003300000,311000000,400000000,400000000,None,7700000,None,710200000,None,None,100000,None,None,675200000,None,None,None,0.223,,2138199999,966000000,585100000,698800000,None,None,None,,,,,1.465,6.22,5.56,,,,,,,,0.121,,962300000,2025-10-30,quarterly,3.19,USD,post-market,284700000,3726400000,0.075,0.14,0.102,63.84,1814300000,15200000,15100000,1171900000,375.08,364.49,1.9169,6076700000,3698100000,1061400000,1588700000,2378600000,527300000,4871500000,4488000000,46.49,None,403.95,327.71
2025-12-28,SYK,7.62,24381000000.0,46.49,None,0.895,56.97,,None,416600000,416600000,,,,,,,,,40800000,416000000,None,1767300000,1767300000,247900000,None,None,867200000,None,None,289900000,,3.36,0.0095,,,,0.028,0.06,962300000,1252200000,3.13,2006-12-31,23.75,531300000,15859000000.0,3104200000,1003300000,311000000,405700000,405700000,None,7700000,None,677600000,None,None,None,None,None,675200000,None,None,None,0.223,,2138199999,966000000,574700000,880600000,None,None,None,,,,,1.465,6.22,5.56,,,,,,,,0.121,,951700000,2025-10-30,quarterly,3.19,USD,post-market,284700000,3490500000,0.075,0.14,0.102,63.84,1814300000,14800000,14800000,998200000,375.08,364.49,1.9169,5873800000,3534300000,1351500000,1682800000,2339500000,331300000,4871500000,4191000000,46.49,None,403.95,327.71
2025-12-28,SYK,7.62,24381000000.0,46.49,None,0.895,56.97,,None,182700000,182700000,,,,,,,,,40700000,411600000,None,1767300000,1767300000,204700000,None,None,844900000,None,None,289900000,,3.36,0.0095,,,,0.028,0.06,962300000,1252200000,3.13,2006-09-30,23.75,526800000,15859000000.0,3104200000,1003300000,311000000,694300000,694300000,None,7700000,None,675100000,None,None,600000,None,None,675200000,None,None,None,0.223,,2138199999,966000000,509900000,676200000,None,None,None,,,,,1.465,6.22,5.56,,,,,,,,0.121,,910700000,2025-10-30,quarterly,3.19,USD,post-market,284700000,3352300000,0.075,0.14,0.102,63.84,1814300000,15200000,14600000,902700000,375.08,364.49,1.9169,5399100000,3115300000,1112000000,1408600000,2283800000,296600000,4871500000,3990500000,46.49,None,403.95,327.71
2025-12-28,SYK,7.62,24381000000.0,46.49,None,0.895,56.97,,None,129700000,129700000,,,,,,,,,40600000,410700000,None,1767300000,1767300000,193300000,None,None,842100000,None,None,289900000,,3.36,0.0095,,,,0.028,0.06,962300000,1252200000,3.13,2006-06-30,23.75,522900000,15859000000.0,3104200000,1003300000,311000000,405900000,405900000,None,7700000,None,644100000,None,None,700000,None,None,675200000,None,None,None,0.223,,2138199999,966000000,508300000,673800000,None,None,None,,,,,1.465,6.22,5.56,,,,,,,,0.121,,892100000,2025-10-30,quarterly,3.19,USD,post-market,284700000,3163900000,0.075,0.14,0.102,63.84,1814300000,14200000,13500000,738000000,375.08,364.49,1.9169,5109000000,2862200000,1058000000,1339900000,2246800000,281900000,4871500000,3769100000,46.49,None,403.95,327.71
2025-12-28,SYK,7.62,24381000000.0,46.49,None,0.895,56.97,,None,198400000,198400000,,,,,,,,,40600000,411300000,None,1767300000,1767300000,202100000,None,None,841800000,None,None,289900000,,3.36,0.0095,,,,0.028,0.06,962300000,1252200000,3.13,2006-03-31,23.75,515300000,15859000000.0,3104200000,1003300000,311000000,402200000,402200000,None,7700000,None,595600000,None,None,99600000,None,None,675200000,None,None,None,0.223,,2138199999,966000000,509900000,654400000,None,None,None,,,,,1.465,6.22,5.56,,,,,,,,0.121,,857600000,2025-10-30,quarterly,3.19,USD,post-market,284700000,2950000000,0.075,0.14,0.102,63.84,1814300000,137400000,37800000,675700000,375.08,364.49,1.9169,4994200000,2821400000,1133400000,1505600000,2172800000,372200000,4871500000,3488600000,46.49,None,403.95,327.71
2025-12-28,SYK,7.62,24381000000.0,46.49,None,0.895,56.97,,None,491200000,491200000,,,,,,,,,40500000,411300000,None,1767300000,1767300000,206500000,None,None,770300000,None,None,289900000,,3.36,0.0095,,,,0.028,0.06,962300000,1252200000,3.13,2005-12-31,23.75,513200000,15859000000.0,3104200000,1003300000,311000000,922900000,922900000,None,7700000,None,563500000,None,None,184200000,None,None,675200000,None,None,None,0.223,,2138199999,966000000,479800000,787600000,None,None,None,,,,,1.465,6.22,5.56,,,,,,,,0.121,,831000000,2025-10-30,quarterly,3.19,USD,post-market,284700000,2928200000,0.075,0.14,0.102,63.84,1814300000,231600000,47400000,565300000,375.08,364.49,1.9169,4944100000,2870100000,1248800000,1692300000,2074000000,443500000,4871500000,3251800000,46.49,None,403.95,327.71
2025-12-28,SYK,7.62,24381000000.0,46.49,None,0.895,56.97,,None,200400000,200400000,,,,,,,,,40400000,411400000,None,1767300000,1767300000,171400000,None,None,736200000,None,None,289900000,,3.36,0.0095,,,,0.028,0.06,962300000,1252200000,3.13,2005-09-30,23.75,517200000,15859000000.0,3104200000,1003300000,311000000,939600000,939600000,None,7700000,None,587600000,None,None,900000,None,None,675200000,None,None,None,0.223,,2138199999,966000000,508800000,683900000,None,None,None,,,,,1.465,6.22,5.56,,,,,,,,0.121,,778500000,2025-10-30,quarterly,3.19,USD,post-market,284700000,2787100000,0.075,0.14,0.102,63.84,1814300000,9000000,8100000,332200000,375.08,364.49,1.9169,4396800000,2365200000,1035600000,1283100000,2031600000,247500000,4871500000,3113700000,46.49,None,403.95,327.71
2025-12-28,SYK,7.62,24381000000.0,46.49,None,0.895,56.97,,None,3652000000,3652000000,,,,,,,,,38000000,385600000,None,1767300000,1767300000,1679000000,None,1409000000,3987000000,None,None,289900000,,3.36,0.0095,,,,0.028,0.06,962300000,1252200000,3.13,2024-12-31,23.75,15855000000,15859000000.0,3104200000,1003300000,311000000,4395000000,4395000000,None,7700000,None,4774000000,None,None,12188000000,None,None,675200000,None,None,None,0.223,,2138199999,966000000,1684000000,3989000000,None,2184000000,None,,,,,1.465,6.22,5.56,,,,,,,,0.121,,3964000000,2025-10-30,annual,3.19,USD,post-market,284700000,18528000000,0.075,0.14,0.102,63.84,1814300000,1409000000,1409000000,750000000,375.08,364.49,1.9169,42971000000,14847000000,7616000000,22337000000,28124000000,14721000000,4871500000,20634000000,46.49,None,403.95,327.71
2025-12-28,SYK,7.62,24381000000.0,46.49,None,0.895,56.97,,None,2971000000,2971000000,,,,,,,,,38000000,383700000,None,1767300000,1767300000,1517000000,None,2094000000,3765000000,None,None,289900000,,3.36,0.0095,,,,0.028,0.06,962300000,1252200000,3.13,2023-12-31,23.75,15243000000,15859000000.0,3104200000,1003300000,311000000,4593000000,4593000000,None,7700000,None,4843000000,None,None,10901000000,None,None,675200000,None,None,None,0.223,,2138199999,966000000,857000000,3776000000,None,1930000000,None,,,,,1.465,6.22,5.56,,,,,,,,0.121,,3709000000,2025-10-30,annual,3.19,USD,post-market,284700000,16771000000,0.075,0.14,0.102,63.84,1814300000,13494000000,2237000000,82000000,375.08,364.49,1.9169,39912000000,12518000000,7921000000,21319000000,27394000000,13398000000,4871500000,18593000000,46.49,None,403.95,327.71
2025-12-28,SYK,7.62,24381000000.0,46.49,-2835000000,0.895,56.97,,None,1844000000,1844000000,,,,,,,,,38000000,382200000,None,1767300000,1767300000,1413000000,None,1191000000,3565000000,None,None,289900000,,3.36,0.0095,,,,0.028,0.06,962300000,1252200000,3.13,2022-12-31,23.75,14880000000,15859000000.0,3104200000,1003300000,311000000,4885000000,4885000000,None,7700000,None,3995000000,None,None,11857000000,None,None,675200000,None,None,None,0.223,,2138199999,966000000,787000000,3286000000,None,1467000000,None,,,,,1.465,6.22,5.56,,,,,,,,0.121,,2970000000,2025-10-30,annual,3.19,USD,post-market,284700000,14765000000,0.075,0.14,0.102,63.84,1814300000,13526000000,1312000000,84000000,375.08,364.49,1.9169,36884000000,10275000000,6303000000,20268000000,26609000000,13965000000,4871500000,16616000000,46.49,None,403.95,327.71
2025-12-28,SYK,7.62,24381000000.0,46.49,-2665000000,0.895,56.97,,None,2944000000,2944000000,,,,,,,,,38000000,382300000,None,1767300000,1767300000,1129000000,None,7000000,3022000000,None,None,289900000,,3.36,0.0095,,,,0.028,0.06,962300000,1252200000,3.13,2021-12-31,23.75,12918000000,15859000000.0,3104200000,1003300000,311000000,4840000000,4840000000,None,7700000,None,3314000000,None,None,12472000000,None,None,675200000,None,None,None,0.223,,2138199999,966000000,662000000,3413000000,None,1820000000,None,,,,,1.465,6.22,5.56,,,,,,,,0.121,,2833000000,2025-10-30,annual,3.19,USD,post-market,284700000,13480000000,0.075,0.14,0.102,63.84,1814300000,12479000000,7000000,75000000,375.08,364.49,1.9169,34631000000,10017000000,4549000000,19754000000,24614000000,15205000000,4871500000,14877000000,46.49,None,403.95,327.71
2025-12-28,SYK,7.62,24381000000.0,46.49,-2430000000,0.895,56.97,,None,2943000000,2943000000,,,,,,,,,38000000,380300000,None,1767300000,1767300000,810000000,None,761000000,2701000000,None,None,289900000,,3.36,0.0095,,,,0.028,0.06,962300000,1252200000,3.13,2020-12-31,23.75,12778000000,15859000000.0,3104200000,1003300000,311000000,5554000000,5554000000,None,7700000,None,3494000000,None,None,13230000000,None,None,675200000,None,None,None,0.223,,2138199999,966000000,488000000,3470000000,None,2975000000,None,,,,,1.465,6.22,5.56,,,,,,,,0.121,,2752000000,2025-10-30,annual,3.19,USD,post-market,284700000,12462000000,0.075,0.14,0.102,63.84,1814300000,13991000000,761000000,81000000,375.08,364.49,1.9169,34330000000,9707000000,5041000000,21246000000,24623000000,16205000000,4871500000,13084000000,46.49,None,403.95,327.71
2025-12-28,SYK,7.62,24381000000.0,46.49,-2147000000,0.895,56.97,,None,4337000000,4337000000,,,,,,,,,37000000,379900000,None,1767300000,1767300000,675000000,None,859000000,2893000000,None,None,289900000,,3.36,0.0095,,,,0.028,0.06,962300000,1252200000,3.13,2019-12-31,23.75,9069000000,15859000000.0,3104200000,1003300000,311000000,4227000000,4227000000,None,7700000,None,3282000000,None,None,10231000000,None,None,675200000,None,None,None,0.223,,2138199999,966000000,760000000,2866000000,None,2729000000,None,,,,,1.465,6.22,5.56,,,,,,,,0.121,,2567000000,2025-10-30,annual,3.19,USD,post-market,284700000,11748000000,0.075,0.14,0.102,63.84,1814300000,11090000000,859000000,88000000,375.08,364.49,1.9169,30167000000,11360000000,4400000000,17360000000,18807000000,12960000000,4871500000,12807000000,46.49,None,403.95,327.71
2025-12-28,SYK,7.62,24381000000.0,46.49,-1986000000,0.895,56.97,,None,3616000000,3616000000,,,,,,,,,37000000,380300000,None,1767300000,1767300000,646000000,None,1373000000,2332000000,None,None,289900000,,3.36,0.0095,,,,0.028,0.06,962300000,1252200000,3.13,2018-12-31,23.75,8563000000,15859000000.0,3104200000,1003300000,311000000,4163000000,4163000000,None,7700000,None,2955000000,None,None,8486000000,None,None,675200000,None,None,None,0.223,,2138199999,966000000,747000000,2630000000,None,2206000000,None,,,,,1.465,6.22,5.56,,,,,,,,0.121,,2291000000,2025-10-30,annual,3.19,USD,post-market,284700000,10765000000,0.075,0.14,0.102,63.84,1814300000,9859000000,1373000000,83000000,375.08,364.49,1.9169,27229000000,9733000000,4807000000,15499000000,17496000000,10692000000,4871500000,11730000000,46.49,None,403.95,327.71
2025-12-28,SYK,7.62,24381000000.0,46.49,-1825000000,0.895,56.97,,None,2542000000,2542000000,,,,,,,,,37000000,380100000,None,1767300000,1767300000,487000000,None,632000000,2198000000,None,None,289900000,,3.36,0.0095,,,,0.028,0.06,962300000,1252200000,3.13,2017-12-31,23.75,7168000000,15859000000.0,3104200000,1003300000,311000000,3477000000,3477000000,None,7700000,None,2465000000,None,None,6590000000,None,5000000,675200000,None,None,None,0.223,,2138199999,966000000,537000000,2223000000,None,2142000000,None,,,,,1.465,6.22,5.56,,,,,,,,0.121,,1975000000,2025-10-30,annual,3.19,USD,post-market,284700000,8986000000,0.075,0.14,0.102,63.84,1814300000,7222000000,632000000,251000000,375.08,364.49,1.9169,22183000000,7993000000,3289000000,12189000000,14190000000,8900000000,4871500000,9994000000,46.49,0,403.95,327.71
2025-12-28,SYK,7.62,24381000000.0,46.49,-1592000000,0.895,56.97,,None,3316000000,3316000000,,,,,,,,,37000000,378500000,None,1767300000,1767300000,437000000,None,228000000,1967000000,None,None,289900000,,3.36,0.0095,,,,0.028,0.06,962300000,1252200000,3.13,2016-12-31,23.75,6356000000,15859000000.0,3104200000,1003300000,311000000,3508000000,3508000000,None,7700000,None,2030000000,None,None,6686000000,None,9000000,675200000,None,None,None,0.223,,2138199999,966000000,480000000,2443000000,None,1051000000,None,,,,,1.465,6.22,5.56,,,,,,,,0.121,,1569000000,2025-10-30,annual,3.19,USD,post-market,284700000,8842000000,0.075,0.14,0.102,63.84,1814300000,6914000000,228000000,68000000,375.08,364.49,1.9169,20435000000,7861000000,2554000000,10885000000,12574000000,8331000000,4871500000,9550000000,46.49,0,403.95,327.71
2025-12-28,SYK,7.62,24381000000.0,46.49,-1531000000,0.895,56.97,,None,3379000000,3379000000,,,,,,,,,37000000,380900000,None,1767300000,1767300000,410000000,None,772000000,1662000000,None,None,289900000,,3.36,0.0095,,,,0.028,0.06,962300000,1252200000,3.13,2015-12-31,23.75,4136000000,15859000000.0,3104200000,1003300000,311000000,1794000000,1794000000,None,7700000,None,1639000000,None,None,3253000000,None,15000000,675200000,None,None,None,0.223,,2138199999,966000000,564000000,2183000000,None,980000000,None,,,,,1.465,6.22,5.56,,,,,,,,0.121,,1199000000,2025-10-30,annual,3.19,USD,post-market,284700000,7792000000,0.075,0.14,0.102,63.84,1814300000,4022000000,769000000,700000000,375.08,364.49,1.9169,16247000000,7944000000,2809000000,7736000000,8303000000,4927000000,4871500000,8511000000,46.49,0,403.95,327.71
2025-12-28,SYK,7.62,24381000000.0,46.49,-1499000000,0.895,56.97,,None,1795000000,1795000000,,,,,,,,,38000000,382800000,None,1767300000,1767300000,329000000,None,527000000,1572000000,None,None,289900000,,3.36,0.0095,,,,0.028,0.06,962300000,1252200000,3.13,2014-12-31,23.75,4186000000,15859000000.0,3104200000,1003300000,311000000,2018000000,2018000000,None,7700000,None,1588000000,None,None,3246000000,None,10000000,675200000,None,None,None,0.223,,2138199999,966000000,1513000000,3075000000,None,1408000000,None,,,,,1.465,6.22,5.56,,,,,,,,0.121,,1098000000,2025-10-30,annual,3.19,USD,post-market,284700000,7559000000,0.075,0.14,0.102,63.84,1814300000,3973000000,727000000,3205000000,375.08,364.49,1.9169,17713000000,9673000000,4463000000,9117000000,8040000000,4654000000,4871500000,8596000000,46.49,0,403.95,327.71
2025-12-28,SYK,7.62,24381000000.0,46.49,-1416000000,0.895,56.97,,None,1339000000,1339000000,,,,,,,,,38000000,382100000,None,1767300000,1767300000,314000000,None,None,1518000000,None,None,289900000,,3.36,0.0095,,,,0.028,0.06,962300000,1252200000,3.13,2013-12-31,23.75,3844000000,15859000000.0,3104200000,1003300000,311000000,1989000000,1989000000,None,7700000,None,1422000000,None,None,2739000000,None,None,675200000,None,None,None,0.223,,2138199999,966000000,1415000000,2187000000,None,1300000000,None,,,,,1.465,6.22,5.56,,,,,,,,0.121,,1081000000,2025-10-30,annual,3.19,USD,post-market,284700000,7617000000,0.075,0.14,0.102,63.84,1814300000,2764000000,25000000,2641000000,375.08,364.49,1.9169,15743000000,8335000000,2657000000,6696000000,7408000000,4039000000,4871500000,9047000000,46.49,0,403.95,327.71
2025-12-28,SYK,7.62,24381000000.0,46.49,-1284000000,0.895,56.97,,None,1395000000,1395000000,,,,,,,,,38000000,383000000,None,1767300000,1767300000,288000000,None,None,1430000000,None,None,289900000,,3.36,0.0095,,,,0.028,0.06,962300000,1252200000,3.13,2012-12-31,23.75,2142000000,15859000000.0,3104200000,1003300000,311000000,1424000000,1424000000,None,7700000,None,1265000000,None,None,1746000000,None,None,675200000,None,None,None,0.223,,2138199999,966000000,1138000000,1502000000,None,987000000,None,,,,,1.465,6.22,5.56,,,,,,,,0.121,,948000000,2025-10-30,annual,3.19,USD,post-market,284700000,7332000000,0.075,0.14,0.102,63.84,1814300000,1762000000,16000000,2890000000,375.08,364.49,1.9169,13467000000,8118000000,1837000000,4870000000,5349000000,3033000000,4871500000,8597000000,46.49,0,403.95,327.71
2025-12-28,SYK,7.62,24381000000.0,46.49,-1167000000,0.895,56.97,,None,905000000,905000000,,,,,,,,,38000000,389500000,None,1767300000,1767300000,345000000,None,None,1417000000,None,None,289900000,,3.36,0.0095,,,,0.028,0.06,962300000,1252200000,3.13,2011-12-31,23.75,2072000000,15859000000.0,3104200000,1003300000,311000000,1442000000,1442000000,None,7700000,None,1283000000,None,None,1751000000,None,None,675200000,None,None,None,0.223,,2138199999,966000000,1113000000,1350000000,None,1143000000,None,,,,,1.465,6.22,5.56,,,,,,,,0.121,,888000000,2025-10-30,annual,3.19,USD,post-market,284700000,6479000000,0.075,0.14,0.102,63.84,1814300000,1768000000,17000000,2513000000,375.08,364.49,1.9169,12405000000,7231000000,1841000000,4722000000,5174000000,2881000000,4871500000,7683000000,46.49,0,403.95,327.71
2025-12-28,SYK,7.62,24381000000.0,46.49,-1051600000,0.895,56.97,,None,1757600000,1757600000,,,,,,,,,39100000,399500000,None,1767300000,1767300000,291700000,None,None,1251900000,None,None,289900000,,3.36,0.0095,,,,0.028,0.06,962300000,1252200000,3.13,2010-12-31,23.75,1072300000,15859000000.0,3104200000,1003300000,311000000,703000000,703000000,None,7700000,None,1056800000,None,None,996500000,None,None,675200000,None,None,None,0.223,,2138199999,966000000,907300000,1240600000,None,1120000000,None,,,,,1.465,6.22,5.56,,,,,,,,0.121,,798300000,2025-10-30,annual,3.19,USD,post-market,284700000,6016900000,0.075,0.14,0.102,63.84,1814300000,1021800000,25300000,2622500000,375.08,364.49,1.9169,10895100000,7596100000,1605000000,3721500000,3299000000,2116500000,4871500000,7173600000,46.49,0,403.95,327.71
2025-12-28,SYK,7.62,24381000000.0,46.49,-1016100000,0.895,56.97,,None,658700000,658700000,,,,,,,,,39800000,399400000,None,1767300000,1767300000,200200000,None,None,1147100000,None,None,289900000,,3.36,0.0095,,,,0.028,0.06,962300000,1252200000,3.13,2009-12-31,23.75,956800000,15859000000.0,3104200000,1003300000,311000000,634700000,634700000,None,7700000,None,943000000,None,None,0,None,None,675200000,None,None,None,0.223,,2138199999,966000000,602200000,1088100000,None,1035200000,None,,,,,1.465,6.22,5.56,,,,,,,,0.121,,947600000,2025-10-30,annual,3.19,USD,post-market,284700000,5397400000,0.075,0.14,0.102,63.84,1814300000,18000000,18000000,2296100000,375.08,364.49,1.9169,9071300000,5851200000,1441000000,2476200000,3220100000,1035199999,4871500000,6595100000,46.49,0,403.95,327.71
2025-12-28,SYK,7.62,24381000000.0,46.49,None,0.895,56.97,,None,701100000,701100000,,,,,,,,,39600000,413600000,None,1767300000,1767300000,274300000,None,None,1129500000,None,None,289900000,,3.36,0.0095,,,,0.028,0.06,962300000,1252200000,3.13,2008-12-31,23.75,567500000,15859000000.0,3104200000,1003300000,311000000,368000000,368000000,None,7700000,None,952700000,None,None,None,None,None,675200000,None,None,None,0.223,,2138199999,966000000,701500000,1137300000,None,None,None,,,,,1.465,6.22,5.56,,,,,,,,0.121,,963800000,2025-10-30,annual,3.19,USD,post-market,284700000,4389500000,0.075,0.14,0.102,63.84,1814300000,20500000,20500000,1494500000,375.08,364.49,1.9169,7603300000,4979300000,1462100000,2196600000,2624000000,734500000,4871500000,5406700000,46.49,None,403.95,327.71
2025-12-28,SYK,7.62,24381000000.0,46.49,None,0.895,56.97,,None,290500000,290500000,,,,,,,,,41100000,417200000,None,1767300000,1767300000,265500000,None,None,1030700000,None,None,289900000,,3.36,0.0095,,,,0.028,0.06,962300000,1252200000,3.13,2007-12-31,23.75,527400000,15859000000.0,3104200000,1003300000,311000000,398100000,398100000,None,7700000,None,796200000,None,None,None,None,None,675200000,None,None,None,0.223,,2138199999,966000000,667200000,992000000,None,None,None,,,,,1.465,6.22,5.56,,,,,,,,0.121,,991600000,2025-10-30,annual,3.19,USD,post-market,284700000,4364700000,0.075,0.14,0.102,63.84,1814300000,16800000,16800000,2120300000,375.08,364.49,1.9169,7354000000,4904900000,1333000000,1975500000,2449100000,642500000,4871500000,5378500000,46.49,None,403.95,327.71
2025-12-28,SYK,7.62,24381000000.0,46.49,None,0.895,56.97,,None,416600000,416600000,,,,,,,,,40800000,411481481,None,1767300000,1767300000,252200000,None,None,907000000,None,None,289900000,,3.36,0.0095,,,,0.028,0.06,962300000,1252200000,3.13,2006-12-31,23.75,531299999,15859000000.0,3104200000,1003300000,311000000,405700000,405700000,None,7700000,None,677600000,None,None,None,None,None,675200000,None,None,None,0.223,,2138199999,966000000,534900000,876300000,None,None,None,,,,,1.465,6.22,5.56,,,,,,,,0.121,,951700000,2025-10-30,annual,3.19,USD,post-market,284700000,3490500000,0.075,0.14,0.102,63.84,1814300000,14800000,14800000,998200000,375.08,364.49,1.9169,5873800000,3534300000,1351500000,1682800000,2339500000,331299999,4871500000,4191000000,46.49,None,403.95,327.71
2025-12-28,SYK,7.62,24381000000.0,46.49,None,0.895,56.97,,None,491200000,491200000,,,,,,,,,40500000,410800000,None,1767300000,1767300000,206500000,None,None,770300000,None,None,289900000,,3.36,0.0095,,,,0.028,0.06,962300000,1252200000,3.13,2005-12-31,23.75,513200000,15859000000.0,3104200000,1003300000,311000000,409700000,409700000,None,7700000,None,563500000,None,None,184200000,None,None,675200000,None,None,None,0.223,,2138199999,966000000,479800000,787600000,None,None,None,,,,,1.465,6.22,5.56,,,,,,,,0.121,,831000000,2025-10-30,annual,3.19,USD,post-market,284700000,2802500000,0.075,0.14,0.102,63.84,1814300000,231600000,47400000,565300000,375.08,364.49,1.9169,4944100000,2870100000,1248800000,1692300000,2074000000,443500000,4871500000,3300200000,46.49,None,403.95,327.71
2025-12-28,SYK,7.62,24381000000.0,46.49,None,0.895,56.97,187000000,None,491200000,491200000,-339000000,-321000000,None,None,-147000000,None,None,None,40500000,410800000,None,1767300000,1767300000,206500000,None,None,770300000,None,None,289900000,334000000,3.36,0.0095,322000000,322000000,None,0.028,0.06,962300000,1252200000,3.13,2025-09-30,23.75,513200000,15859000000.0,3104200000,1003300000,311000000,409700000,409700000,None,7700000,None,563500000,None,None,184200000,None,None,859000000,None,None,None,0.223,1540000000,2138199999,966000000,479800000,787600000,None,None,None,None,None,None,None,1.465,6.22,5.56,None,None,None,None,None,-17000000,None,0.121,None,831000000,2025-10-30,quarterly,3.19,USD,post-market,284700000,2802500000,0.075,0.14,0.102,63.84,1814300000,231600000,47400000,565300000,375.08,364.49,1.9169,4944100000,2870100000,1248800000,1692300000,2074000000,443500000,4871500000,3300200000,46.49,None,403.95,327.71
2025-12-28,SYK,7.62,24381000000.0,46.49,None,0.895,56.97,183000000,None,491200000,491200000,-989000000,-104000000,None,None,-133000000,None,None,None,40500000,410800000,None,1767300000,1767300000,206500000,None,None,770300000,None,None,289900000,296000000,3.36,0.0095,321000000,321000000,None,0.028,0.06,962300000,1252200000,3.13,2025-06-30,23.75,513200000,15859000000.0,3104200000,1003300000,311000000,409700000,409700000,None,7700000,None,563500000,None,None,184200000,None,None,884000000,None,None,None,0.223,1111000000,2138199999,966000000,479800000,787600000,None,None,None,None,None,None,None,1.465,6.22,5.56,None,None,None,None,None,-14000000,None,0.121,None,831000000,2025-10-30,quarterly,3.19,USD,post-market,284700000,2802500000,0.075,0.14,0.102,63.84,1814300000,231600000,47400000,565300000,375.08,364.49,1.9169,4944100000,2870100000,1248800000,1692300000,2074000000,443500000,4871500000,3300200000,46.49,None,403.95,327.71
2025-12-28,SYK,7.62,24381000000.0,46.49,None,0.895,56.97,123000000,None,491200000,491200000,2534000000,-4136000000,None,None,-93000000,None,None,None,40500000,410800000,None,1767300000,1767300000,206500000,None,None,770300000,None,None,289900000,272000000,3.36,0.0095,320000000,320000000,None,0.028,0.06,962300000,1252200000,3.13,2025-03-31,23.75,513200000,15859000000.0,3104200000,1003300000,311000000,409700000,409700000,None,7700000,None,563500000,None,None,184200000,None,None,654000000,None,None,None,0.223,250000000,2138199999,966000000,479800000,787600000,None,None,None,None,None,None,None,1.465,6.22,5.56,None,None,None,None,None,-101000000,None,0.121,None,831000000,2025-10-30,quarterly,3.19,USD,post-market,284700000,2802500000,0.075,0.14,0.102,63.84,1814300000,231600000,47400000,565300000,375.08,364.49,1.9169,4944100000,2870100000,1248800000,1692300000,2074000000,443500000,4871500000,3300200000,46.49,None,403.95,327.71
2025-12-28,SYK,7.62,24381000000.0,46.49,None,0.895,56.97,266000000,None,491200000,491200000,-1794000000,-303000000,None,None,156000000,None,None,None,40500000,410800000,None,1767300000,1767300000,206500000,None,None,770300000,None,None,289900000,264000000,3.36,0.0095,305000000,305000000,None,0.028,0.06,962300000,1252200000,3.13,2024-12-31,23.75,513200000,15859000000.0,3104200000,1003300000,311000000,409700000,409700000,None,7700000,None,563500000,None,None,184200000,None,None,546000000,None,None,None,0.223,1931000000,2138199999,966000000,479800000,787600000,None,None,None,None,None,None,None,1.465,6.22,5.56,None,None,None,None,None,-49000000,None,0.121,None,831000000,2025-10-30,quarterly,3.19,USD,post-market,284700000,2802500000,0.075,0.14,0.102,63.84,1814300000,231600000,47400000,565300000,375.08,364.49,1.9169,4944100000,2870100000,1248800000,1692300000,2074000000,443500000,4871500000,3300200000,46.49,None,403.95,327.71
2025-12-28,SYK,7.62,24381000000.0,46.49,None,0.895,56.97,170000000,None,491200000,491200000,2653000000,-2172000000,None,None,-132000000,None,None,None,40500000,410800000,None,1767300000,1767300000,206500000,None,None,770300000,None,None,289900000,268000000,3.36,0.0095,305000000,305000000,None,0.028,0.06,962300000,1252200000,3.13,2024-09-30,23.75,513200000,15859000000.0,3104200000,1003300000,311000000,409700000,409700000,None,7700000,None,563500000,None,None,184200000,None,None,834000000,None,None,None,0.223,1474000000,2138199999,966000000,479800000,787600000,None,None,None,None,None,None,None,1.465,6.22,5.56,None,None,None,None,None,-19000000,None,0.121,None,831000000,2025-10-30,quarterly,3.19,USD,post-market,284700000,2802500000,0.075,0.14,0.102,63.84,1814300000,231600000,47400000,565300000,375.08,364.49,1.9169,4944100000,2870100000,1248800000,1692300000,2074000000,443500000,4871500000,3300200000,46.49,None,403.95,327.71
2025-12-28,SYK,7.62,24381000000.0,46.49,None,0.895,56.97,152000000,None,491200000,491200000,-966000000,-117000000,None,None,-46000000,None,None,None,40500000,410800000,None,1767300000,1767300000,206500000,None,None,770300000,None,None,289900000,258000000,3.36,0.0095,305000000,305000000,None,0.028,0.06,962300000,1252200000,3.13,2024-06-30,23.75,513200000,15859000000.0,3104200000,1003300000,311000000,409700000,409700000,None,7700000,None,563500000,None,None,184200000,None,None,825000000,None,None,None,0.223,633000000,2138199999,966000000,479800000,787600000,None,None,None,None,None,None,None,1.465,6.22,5.56,None,None,None,None,None,-14000000,None,0.121,None,831000000,2025-10-30,quarterly,3.19,USD,post-market,284700000,2802500000,0.075,0.14,0.102,63.84,1814300000,231600000,47400000,565300000,375.08,364.49,1.9169,4944100000,2870100000,1248800000,1692300000,2074000000,443500000,4871500000,3300200000,46.49,None,403.95,327.71
2025-12-28,SYK,7.62,24381000000.0,46.49,None,0.895,56.97,167000000,None,491200000,491200000,-418000000,-408000000,None,None,-184000000,None,None,None,40500000,410800000,None,1767300000,1767300000,206500000,None,None,770300000,None,None,289900000,260000000,3.36,0.0095,304000000,304000000,None,0.028,0.06,962300000,1252200000,3.13,2024-03-31,23.75,513200000,15859000000.0,3104200000,1003300000,311000000,409700000,409700000,None,7700000,None,563500000,None,None,184200000,None,None,788000000,None,None,None,0.223,204000000,2138199999,966000000,479800000,787600000,None,None,None,None,None,None,None,1.465,6.22,5.56,None,None,None,None,None,-113000000,None,0.121,None,831000000,2025-10-30,quarterly,3.19,USD,post-market,284700000,2802500000,0.075,0.14,0.102,63.84,1814300000,231600000,47400000,565300000,375.08,364.49,1.9169,4944100000,2870100000,1248800000,1692300000,2074000000,443500000,4871500000,3300200000,46.49,None,403.95,327.71
2025-12-28,SYK,7.62,24381000000.0,46.49,None,0.895,56.97,145000000,None,491200000,491200000,-286000000,-152000000,None,None,125000000,None,None,None,40500000,410800000,None,1767300000,1767300000,206500000,None,None,770300000,None,None,289900000,250000000,3.36,0.0095,285000000,285000000,None,0.028,0.06,962300000,1252200000,3.13,2023-12-31,23.75,513200000,15859000000.0,3104200000,1003300000,311000000,409700000,409700000,None,7700000,None,563500000,None,None,184200000,None,None,1143000000,None,None,None,0.223,1528000000,2138199999,966000000,479800000,787600000,None,None,None,None,None,None,None,1.465,6.22,5.56,None,None,None,None,None,-34000000,None,0.121,None,831000000,2025-10-30,quarterly,3.19,USD,post-market,284700000,2802500000,0.075,0.14,0.102,63.84,1814300000,231600000,47400000,565300000,375.08,364.49,1.9169,4944100000,2870100000,1248800000,1692300000,2074000000,443500000,4871500000,3300200000,46.49,None,403.95,327.71
2025-12-28,SYK,7.62,24381000000.0,46.49,None,0.895,56.97,148000000,None,491200000,491200000,-422000000,-810000000,None,None,-333000000,None,None,None,40500000,410800000,None,1767300000,1767300000,206500000,None,None,770300000,None,None,289900000,262000000,3.36,0.0095,285000000,285000000,None,0.028,0.06,962300000,1252200000,3.13,2023-09-30,23.75,513200000,15859000000.0,3104200000,1003300000,311000000,409700000,409700000,None,7700000,None,563500000,None,None,184200000,None,None,692000000,None,None,None,0.223,1050000000,2138199999,966000000,479800000,787600000,None,None,None,None,None,None,None,1.465,6.22,5.56,None,None,None,None,None,651000000,None,0.121,None,831000000,2025-10-30,quarterly,3.19,USD,post-market,284700000,2802500000,0.075,0.14,0.102,63.84,1814300000,231600000,47400000,565300000,375.08,364.49,1.9169,4944100000,2870100000,1248800000,1692300000,2074000000,443500000,4871500000,3300200000,46.49,None,403.95,327.71
2025-12-28,SYK,7.62,24381000000.0,46.49,None,0.895,56.97,152000000,None,491200000,491200000,-405000000,-533000000,-250000000,None,-275000000,None,None,-57000000,40500000,410800000,None,1767300000,1767300000,206500000,None,None,770300000,None,None,289900000,259000000,3.36,0.0095,285000000,285000000,None,0.028,0.06,962300000,1252200000,3.13,2023-06-30,23.75,513200000,15859000000.0,3104200000,1003300000,311000000,409700000,409700000,None,7700000,None,563500000,None,None,184200000,None,None,738000000,None,None,None,0.223,688000000,2138199999,966000000,479800000,787600000,None,None,None,None,None,None,None,1.465,6.22,5.56,None,None,None,None,None,101000000,None,0.121,None,831000000,2025-10-30,quarterly,3.19,USD,post-market,284700000,2802500000,0.075,0.14,0.102,63.84,1814300000,231600000,47400000,565300000,375.08,364.49,1.9169,4944100000,2870100000,1248800000,1692300000,2074000000,443500000,4871500000,3300200000,46.49,None,403.95,327.71
2025-12-28,SYK,7.62,24381000000.0,46.49,None,0.895,56.97,130000000,None,491200000,491200000,-481000000,-132000000,-168000000,None,-314000000,None,None,365000000,40500000,410800000,None,1767300000,1767300000,206500000,None,None,770300000,None,None,289900000,257000000,3.36,0.0095,284000000,284000000,None,0.028,0.06,962300000,1252200000,3.13,2023-03-31,23.75,513200000,15859000000.0,3104200000,1003300000,311000000,409700000,409700000,None,7700000,None,563500000,None,None,184200000,None,None,592000000,None,None,None,0.223,445000000,2138199999,966000000,479800000,787600000,None,None,None,None,None,None,None,1.465,6.22,5.56,None,None,None,None,None,-94000000,None,0.121,None,831000000,2025-10-30,quarterly,3.19,USD,post-market,284700000,2802500000,0.075,0.14,0.102,63.84,1814300000,231600000,47400000,565300000,375.08,364.49,1.9169,4944100000,2870100000,1248800000,1692300000,2074000000,443500000,4871500000,3300200000,46.49,None,403.95,327.71
2025-12-28,SYK,7.62,24381000000.0,46.49,None,0.895,56.97,188000000,None,491200000,491200000,-446000000,-2924000000,395000000,None,-8000000,None,None,-393000000,40500000,410800000,None,1767300000,1767300000,206500000,None,None,770300000,None,None,289900000,253000000,3.36,0.0095,263000000,263000000,None,0.028,0.06,962300000,1252200000,3.13,2022-12-31,23.75,513200000,15859000000.0,3104200000,1003300000,311000000,409700000,409700000,None,7700000,None,563500000,None,None,184200000,None,None,563000000,None,None,None,0.223,1003000000,2138199999,966000000,479800000,787600000,None,None,None,None,None,None,None,1.465,6.22,5.56,None,None,None,None,None,-33000000,None,0.121,None,831000000,2025-10-30,quarterly,3.19,USD,post-market,284700000,2802500000,0.075,0.14,0.102,63.84,1814300000,231600000,47400000,565300000,375.08,364.49,1.9169,4944100000,2870100000,1248800000,1692300000,2074000000,443500000,4871500000,3300200000,46.49,None,403.95,327.71
2025-12-28,SYK,7.62,24381000000.0,46.49,None,0.895,56.97,138000000,None,491200000,491200000,-543000000,72000000,418000000,None,-231000000,None,None,-27000000,40500000,410800000,None,1767300000,1767300000,206500000,None,None,770300000,None,None,289900000,250000000,3.36,0.0095,263000000,263000000,None,0.028,0.06,962300000,1252200000,3.13,2022-09-30,23.75,513200000,15859000000.0,3104200000,1003300000,311000000,409700000,409700000,None,7700000,None,563500000,None,None,184200000,None,None,816000000,None,None,None,0.223,889000000,2138199999,966000000,479800000,787600000,None,None,None,None,None,None,None,1.465,6.22,5.56,None,None,None,None,None,-5000000,None,0.121,None,831000000,2025-10-30,quarterly,3.19,USD,post-market,284700000,2802500000,0.075,0.14,0.102,63.84,1814300000,231600000,47400000,565300000,375.08,364.49,1.9169,4944100000,2870100000,1248800000,1692300000,2074000000,443500000,4871500000,3300200000,46.49,None,403.95,327.71
2025-12-28,SYK,7.62,24381000000.0,46.49,None,0.895,56.97,143000000,None,491200000,491200000,-753000000,-152000000,-376000000,None,-294000000,None,None,-212000000,40500000,410800000,None,1767300000,1767300000,206500000,None,None,770300000,None,None,289900000,253000000,3.36,0.0095,263000000,263000000,None,0.028,0.06,962300000,1252200000,3.13,2022-06-30,23.75,513200000,15859000000.0,3104200000,1003300000,311000000,409700000,409700000,None,7700000,None,563500000,None,None,184200000,None,None,656000000,None,None,None,0.223,529000000,2138199999,966000000,479800000,787600000,None,None,None,None,None,None,None,1.465,6.22,5.56,None,None,None,None,None,-12000000,None,0.121,None,831000000,2025-10-30,quarterly,3.19,USD,post-market,284700000,2802500000,0.075,0.14,0.102,63.84,1814300000,231600000,47400000,565300000,375.08,364.49,1.9169,4944100000,2870100000,1248800000,1692300000,2074000000,443500000,4871500000,3300200000,46.49,None,403.95,327.71
2025-12-28,SYK,7.62,24381000000.0,46.49,None,0.895,56.97,119000000,None,491200000,491200000,993000000,-2682000000,-1486000000,None,-229000000,None,None,53000000,40500000,410800000,None,1767300000,1767300000,206500000,None,None,770300000,None,None,289900000,242000000,3.36,0.0095,262000000,262000000,None,0.028,0.06,962300000,1252200000,3.13,2022-03-31,23.75,513200000,15859000000.0,3104200000,1003300000,311000000,409700000,409700000,None,7700000,None,563500000,None,None,184200000,None,None,323000000,None,None,None,0.223,203000000,2138199999,966000000,479800000,787600000,None,None,None,None,None,None,None,1.465,6.22,5.56,None,None,None,None,None,-72000000,None,0.121,None,831000000,2025-10-30,quarterly,3.19,USD,post-market,284700000,2802500000,0.075,0.14,0.102,63.84,1814300000,231600000,47400000,565300000,375.08,364.49,1.9169,4944100000,2870100000,1248800000,1692300000,2074000000,443500000,4871500000,3300200000,46.49,None,403.95,327.71
2025-12-28,SYK,7.62,24381000000.0,46.49,None,0.895,56.97,206000000,None,491200000,491200000,-288000000,-314000000,398000000,None,42000000,None,None,-232000000,40500000,410800000,None,1767300000,1767300000,206500000,None,None,770300000,None,None,289900000,238000000,3.36,0.0095,237000000,237000000,None,0.028,0.06,962300000,1252200000,3.13,2021-12-31,23.75,513200000,15859000000.0,3104200000,1003300000,311000000,409700000,409700000,None,7700000,None,563500000,None,None,184200000,None,None,662000000,None,None,None,0.223,1000000000,2138199999,966000000,479800000,787600000,None,None,None,None,None,None,None,1.465,6.22,5.56,None,None,None,None,None,-26000000,None,0.121,None,831000000,2025-10-30,quarterly,3.19,USD,post-market,284700000,2802500000,0.075,0.14,0.102,63.84,1814300000,231600000,47400000,565300000,375.08,364.49,1.9169,4944100000,2870100000,1248800000,1692300000,2074000000,443500000,4871500000,3300200000,46.49,None,403.95,327.71
2025-12-28,SYK,7.62,24381000000.0,46.49,None,0.895,56.97,130000000,None,491200000,491200000,-348000000,-247000000,338000000,None,-103000000,None,None,-121000000,40500000,410800000,None,1767300000,1767300000,206500000,None,None,770300000,None,None,289900000,235000000,3.36,0.0095,238000000,238000000,None,0.028,0.06,962300000,1252200000,3.13,2021-09-30,23.75,513200000,15859000000.0,3104200000,1003300000,311000000,409700000,409700000,None,7700000,None,563500000,None,None,184200000,None,None,438000000,None,None,None,0.223,933000000,2138199999,966000000,479800000,787600000,None,None,None,None,None,None,None,1.465,6.22,5.56,None,None,None,None,None,-14000000,None,0.121,None,831000000,2025-10-30,quarterly,3.19,USD,post-market,284700000,2802500000,0.075,0.14,0.102,63.84,1814300000,231600000,47400000,565300000,375.08,364.49,1.9169,4944100000,2870100000,1248800000,1692300000,2074000000,443500000,4871500000,3300200000,46.49,None,403.95,327.71
2025-12-28,SYK,7.62,24381000000.0,46.49,None,0.895,56.97,106000000,None,491200000,491200000,-676000000,-202000000,None,None,-55000000,None,None,-89000000,40500000,410800000,None,1767300000,1767300000,206500000,None,None,770300000,None,None,289900000,241000000,3.36,0.0095,237000000,237000000,None,0.028,0.06,962300000,1252200000,3.13,2021-06-30,23.75,513200000,15859000000.0,3104200000,1003300000,311000000,409700000,409700000,None,7700000,None,563500000,None,None,184200000,None,None,592000000,None,None,None,0.223,878000000,2138199999,966000000,479800000,787600000,None,None,None,None,None,None,None,1.465,6.22,5.56,None,None,None,None,None,-21000000,None,0.121,None,831000000,2025-10-30,quarterly,3.19,USD,post-market,284700000,2802500000,0.075,0.14,0.102,63.84,1814300000,231600000,47400000,565300000,375.08,364.49,1.9169,4944100000,2870100000,1248800000,1692300000,2074000000,443500000,4871500000,3300200000,46.49,None,403.95,327.71
2025-12-28,SYK,7.62,24381000000.0,46.49,None,0.895,56.97,83000000,None,491200000,491200000,-1053000000,-96000000,-697000000,None,-73000000,None,None,65000000,40500000,410800000,None,1767300000,1767300000,206500000,None,None,770300000,None,None,289900000,276000000,3.36,0.0095,238000000,238000000,None,0.028,0.06,962300000,1252200000,3.13,2021-03-31,23.75,513200000,15859000000.0,3104200000,1003300000,311000000,409700000,409700000,None,7700000,None,563500000,None,None,184200000,None,None,302000000,None,None,None,0.223,452000000,2138199999,966000000,479800000,787600000,None,None,None,None,None,None,None,1.465,6.22,5.56,None,None,None,None,None,-53000000,None,0.121,None,831000000,2025-10-30,quarterly,3.19,USD,post-market,284700000,2802500000,0.075,0.14,0.102,63.84,1814300000,231600000,47400000,565300000,375.08,364.49,1.9169,4944100000,2870100000,1248800000,1692300000,2074000000,443500000,4871500000,3300200000,46.49,None,403.95,327.71
2025-12-28,SYK,7.62,24381000000.0,46.49,None,0.895,56.97,165000000,None,491200000,491200000,-1057000000,-4352000000,-4172000000,None,181000000,None,None,-113000000,40500000,410800000,None,1767300000,1767300000,206500000,None,None,770300000,None,None,289900000,223000000,3.36,0.0095,216000000,216000000,None,0.028,0.06,962300000,1252200000,3.13,2020-12-31,23.75,513200000,15859000000.0,3104200000,1003300000,311000000,409700000,409700000,None,7700000,None,563500000,None,None,184200000,None,None,568000000,None,None,None,0.223,1237000000,2138199999,966000000,479800000,787600000,None,None,None,None,None,None,None,1.465,6.22,5.56,None,None,None,None,None,-31000000,None,0.121,None,831000000,2025-10-30,quarterly,3.19,USD,post-market,284700000,2802500000,0.075,0.14,0.102,63.84,1814300000,231600000,47400000,565300000,375.08,364.49,1.9169,4944100000,2870100000,1248800000,1692300000,2074000000,443500000,4871500000,3300200000,46.49,None,403.95,327.71
2025-12-28,SYK,7.62,24381000000.0,46.49,None,0.895,56.97,69000000,None,491200000,491200000,-242000000,-69000000,518000000,None,27000000,None,None,-204000000,40500000,410800000,None,1767300000,1767300000,206500000,None,None,770300000,None,None,289900000,198000000,3.36,0.0095,216000000,216000000,None,0.028,0.06,962300000,1252200000,3.13,2020-09-30,23.75,513200000,15859000000.0,3104200000,1003300000,311000000,409700000,409700000,None,7700000,None,563500000,None,None,184200000,None,None,621000000,None,None,None,0.223,829000000,2138199999,966000000,479800000,787600000,None,None,None,None,None,None,None,1.465,6.22,5.56,None,None,None,None,None,-11000000,None,0.121,None,831000000,2025-10-30,quarterly,3.19,USD,post-market,284700000,2802500000,0.075,0.14,0.102,63.84,1814300000,231600000,47400000,565300000,375.08,364.49,1.9169,4944100000,2870100000,1248800000,1692300000,2074000000,443500000,4871500000,3300200000,46.49,None,403.95,327.71
2025-12-28,SYK,7.62,24381000000.0,46.49,None,0.895,56.97,109000000,None,491200000,491200000,2056000000,-117000000,2559000000,None,-59000000,None,None,467000000,40500000,410800000,None,1767300000,1767300000,206500000,None,None,770300000,None,None,289900000,193000000,3.36,0.0095,216000000,216000000,None,0.028,0.06,962300000,1252200000,3.13,2020-06-30,23.75,513200000,15859000000.0,3104200000,1003300000,311000000,409700000,409700000,None,7700000,None,563500000,None,None,184200000,None,None,-83000000,None,None,None,0.223,620000000,2138199999,966000000,479800000,787600000,None,None,None,None,None,None,None,1.465,6.22,5.56,None,None,None,None,None,-12000000,None,0.121,None,831000000,2025-10-30,quarterly,3.19,USD,post-market,284700000,2802500000,0.075,0.14,0.102,63.84,1814300000,231600000,47400000,565300000,375.08,364.49,1.9169,4944100000,2870100000,1248800000,1692300000,2074000000,443500000,4871500000,3300200000,46.49,None,403.95,327.71
2025-12-28,SYK,7.62,24381000000.0,46.49,None,0.895,56.97,144000000,None,491200000,491200000,-768000000,-163000000,-340000000,None,-122000000,None,None,204000000,40500000,410800000,None,1767300000,1767300000,206500000,None,None,770300000,None,None,289900000,198000000,3.36,0.0095,215000000,215000000,None,0.028,0.06,962300000,1252200000,3.13,2020-03-31,23.75,513200000,15859000000.0,3104200000,1003300000,311000000,409700000,409700000,None,7700000,None,563500000,None,None,184200000,None,None,493000000,None,None,None,0.223,591000000,2138199999,966000000,479800000,787600000,None,None,None,None,None,None,None,1.465,6.22,5.56,None,None,None,None,None,-56000000,None,0.121,None,831000000,2025-10-30,quarterly,3.19,USD,post-market,284700000,2802500000,0.075,0.14,0.102,63.84,1814300000,231600000,47400000,565300000,375.08,364.49,1.9169,4944100000,2870100000,1248800000,1692300000,2074000000,443500000,4871500000,3300200000,46.49,None,403.95,327.71
2025-12-28,SYK,7.62,24381000000.0,46.49,None,0.895,56.97,199000000,None,491200000,491200000,2363000000,-719000000,2389000000,10000000,14000000,None,None,-439000000,40500000,410800000,None,1767300000,1767300000,206500000,None,None,770300000,None,None,289900000,195000000,3.36,0.0095,193000000,193000000,None,0.028,0.06,962300000,1252200000,3.13,2019-12-31,23.75,513200000,15859000000.0,3104200000,1003300000,311000000,409700000,409700000,None,7700000,None,563500000,None,None,184200000,None,None,725000000,None,None,None,0.223,735000000,2138199999,966000000,479800000,787600000,None,None,None,None,None,None,None,1.465,6.22,5.56,None,None,None,None,None,-6000000,None,0.121,None,831000000,2025-10-30,quarterly,3.19,USD,post-market,284700000,2802500000,0.075,0.14,0.102,63.84,1814300000,231600000,47400000,565300000,375.08,364.49,1.9169,4944100000,2870100000,1248800000,1692300000,2074000000,443500000,4871500000,3300200000,46.49,None,403.95,327.71
2025-12-28,SYK,7.62,24381000000.0,46.49,None,0.895,56.97,163000000,None,491200000,491200000,-225000000,-186000000,194000000,-24000000,-129000000,None,None,-52000000,40500000,410800000,None,1767300000,1767300000,206500000,None,None,770300000,None,None,289900000,194000000,3.36,0.0095,195000000,195000000,None,0.028,0.06,962300000,1252200000,3.13,2019-09-30,23.75,513200000,15859000000.0,3104200000,1003300000,311000000,409700000,409700000,None,7700000,None,563500000,None,None,184200000,None,None,466000000,None,None,None,0.223,629000000,2138199999,966000000,479800000,787600000,None,None,None,None,None,None,None,1.465,6.22,5.56,None,None,None,None,None,-19000000,None,0.121,None,831000000,2025-10-30,quarterly,3.19,USD,post-market,284700000,2802500000,0.075,0.14,0.102,63.84,1814300000,231600000,47400000,565300000,375.08,364.49,1.9169,4944100000,2870100000,1248800000,1692300000,2074000000,443500000,4871500000,3300200000,46.49,None,403.95,327.71
2025-12-28,SYK,7.62,24381000000.0,46.49,None,0.895,56.97,165000000,None,491200000,491200000,-188000000,-247000000,80000000,1000000,-146000000,None,None,-122000000,40500000,410800000,None,1767300000,1767300000,206500000,None,None,770300000,None,None,289900000,199000000,3.36,0.0095,195000000,195000000,None,0.028,0.06,962300000,1252200000,3.13,2019-06-30,23.75,513200000,15859000000.0,3104200000,1003300000,311000000,409700000,409700000,None,7700000,None,563500000,None,None,184200000,None,None,480000000,None,None,None,0.223,514000000,2138199999,966000000,479800000,787600000,None,None,None,None,None,None,None,1.465,6.22,5.56,None,None,None,None,None,-14000000,None,0.121,None,831000000,2025-10-30,quarterly,3.19,USD,post-market,284700000,2802500000,0.075,0.14,0.102,63.84,1814300000,231600000,47400000,565300000,375.08,364.49,1.9169,4944100000,2870100000,1248800000,1692300000,2074000000,443500000,4871500000,3300200000,46.49,None,403.95,327.71
2025-12-28,SYK,7.62,24381000000.0,46.49,None,0.895,56.97,122000000,None,491200000,491200000,-1947000000,-303000000,-1942000000,-5000000,-139000000,None,None,50000000,40500000,410800000,None,1767300000,1767300000,206500000,None,None,770300000,None,None,289900000,190000000,3.36,0.0095,195000000,195000000,None,0.028,0.06,962300000,1252200000,3.13,2019-03-31,23.75,513200000,15859000000.0,3104200000,1003300000,311000000,409700000,409700000,None,7700000,None,563500000,None,None,184200000,None,None,412000000,None,None,None,0.223,313000000,2138199999,966000000,479800000,787600000,None,None,None,None,None,None,None,1.465,6.22,5.56,None,None,None,None,None,-307000000,None,0.121,None,831000000,2025-10-30,quarterly,3.19,USD,post-market,284700000,2802500000,0.075,0.14,0.102,63.84,1814300000,231600000,47400000,565300000,375.08,364.49,1.9169,4944100000,2870100000,1248800000,1692300000,2074000000,443500000,4871500000,3300200000,46.49,None,403.95,327.71
2025-12-28,SYK,7.62,24381000000.0,46.49,None,0.895,56.97,154000000,None,491200000,491200000,2280000000,-1628000000,1698000000,None,54000000,None,None,-179000000,40500000,410800000,None,1767300000,1767300000,206500000,None,None,770300000,None,None,289900000,176000000,3.36,0.0095,175000000,175000000,None,0.028,0.06,962300000,1252200000,3.13,2018-12-31,23.75,513200000,15859000000.0,3104200000,1003300000,311000000,409700000,409700000,None,7700000,None,563500000,None,None,184200000,None,None,2068000000,None,None,None,0.223,1046000000,2138199999,966000000,479800000,787600000,None,None,None,None,None,None,None,1.465,6.22,5.56,None,None,None,None,None,-16000000,None,0.121,None,831000000,2025-10-30,quarterly,3.19,USD,post-market,284700000,2802500000,0.075,0.14,0.102,63.84,1814300000,231600000,47400000,565300000,375.08,364.49,1.9169,4944100000,2870100000,1248800000,1692300000,2074000000,443500000,4871500000,3300200000,46.49,None,403.95,327.71
2025-12-28,SYK,7.62,24381000000.0,46.49,None,0.895,56.97,140000000,None,491200000,491200000,-179000000,-156000000,277000000,-6000000,-145000000,None,None,4000000,40500000,410800000,None,1767300000,1767300000,206500000,None,None,770300000,None,None,289900000,185000000,3.36,0.0095,176000000,176000000,None,0.028,0.06,962300000,1252200000,3.13,2018-09-30,23.75,513200000,15859000000.0,3104200000,1003300000,311000000,409700000,409700000,None,7700000,None,563500000,None,None,184200000,None,None,590000000,None,None,None,0.223,618000000,2138199999,966000000,479800000,787600000,None,None,None,None,None,None,None,1.465,6.22,5.56,None,None,None,None,None,-8000000,None,0.121,None,831000000,2025-10-30,quarterly,3.19,USD,post-market,284700000,2802500000,0.075,0.14,0.102,63.84,1814300000,231600000,47400000,565300000,375.08,364.49,1.9169,4944100000,2870100000,1248800000,1692300000,2074000000,443500000,4871500000,3300200000,46.49,None,403.95,327.71
2025-12-28,SYK,7.62,24381000000.0,46.49,None,0.895,56.97,157000000,None,491200000,491200000,-917000000,-224000000,-538000000,-46000000,-150000000,None,None,-24000000,40500000,410800000,None,1767300000,1767300000,206500000,None,None,770300000,None,None,289900000,186000000,3.36,0.0095,176000000,176000000,None,0.028,0.06,962300000,1252200000,3.13,2018-06-30,23.75,513200000,15859000000.0,3104200000,1003300000,311000000,409700000,409700000,None,7700000,None,563500000,None,None,184200000,None,None,452000000,None,None,None,0.223,649000000,2138199999,966000000,479800000,787600000,None,None,None,None,None,None,None,1.465,6.22,5.56,None,None,None,None,None,-21000000,None,0.121,None,831000000,2025-10-30,quarterly,3.19,USD,post-market,284700000,2802500000,0.075,0.14,0.102,63.84,1814300000,231600000,47400000,565300000,375.08,364.49,1.9169,4944100000,2870100000,1248800000,1692300000,2074000000,443500000,4871500000,3300200000,46.49,None,403.95,327.71
2025-12-28,SYK,7.62,24381000000.0,46.49,None,0.895,56.97,121000000,None,491200000,491200000,145000000,-849000000,-363000000,44000000,-144000000,None,None,139000000,40500000,410800000,None,1767300000,1767300000,206500000,None,None,770300000,None,None,289900000,176000000,3.36,0.0095,176000000,176000000,None,0.028,0.06,962300000,1252200000,3.13,2018-03-31,23.75,513200000,15859000000.0,3104200000,1003300000,311000000,409700000,409700000,None,7700000,None,563500000,None,None,184200000,None,None,443000000,None,None,None,0.223,297000000,2138199999,966000000,479800000,787600000,None,None,None,None,None,None,None,1.465,6.22,5.56,None,None,None,None,None,-300000000,None,0.121,None,831000000,2025-10-30,quarterly,3.19,USD,post-market,284700000,2802500000,0.075,0.14,0.102,63.84,1814300000,231600000,47400000,565300000,375.08,364.49,1.9169,4944100000,2870100000,1248800000,1692300000,2074000000,443500000,4871500000,3300200000,46.49,None,403.95,327.71
2025-12-28,SYK,7.62,24381000000.0,46.49,None,0.895,56.97,186000000,None,491200000,491200000,-272000000,-460000000,-50000000,3000000,2000000,None,None,-234000000,40500000,410800000,None,1767300000,1767300000,206500000,None,None,770300000,None,None,289900000,169000000,3.36,0.0095,159000000,159000000,None,0.028,0.06,962300000,1252200000,3.13,2017-12-31,23.75,513200000,15859000000.0,3104200000,1003300000,311000000,409700000,409700000,None,7700000,None,563500000,None,None,184200000,None,None,-249000000,None,None,None,0.223,679000000,2138199999,966000000,479800000,787600000,None,None,None,None,None,None,None,1.465,6.22,5.56,None,None,None,None,None,-12000000,None,0.121,None,831000000,2025-10-30,quarterly,3.19,USD,post-market,284700000,2802500000,0.075,0.14,0.102,63.84,1814300000,231600000,47400000,565300000,375.08,364.49,1.9169,4944100000,2870100000,1248800000,1692300000,2074000000,443500000,4871500000,3300200000,46.49,None,403.95,327.71
2025-12-28,SYK,7.62,24381000000.0,46.49,None,0.895,56.97,142000000,None,491200000,491200000,-345000000,-815000000,-1057000000,24000000,-130000000,None,None,-25000000,40500000,410800000,None,1767300000,1767300000,206500000,None,None,770300000,None,None,289900000,163000000,3.36,0.0095,159000000,159000000,None,0.028,0.06,962300000,1252200000,3.13,2017-09-30,23.75,513200000,15859000000.0,3104200000,1003300000,311000000,409700000,409700000,None,7700000,None,563500000,None,None,184200000,None,None,434000000,None,None,None,0.223,79000000,2138199999,966000000,479800000,787600000,None,None,None,None,None,None,None,1.465,6.22,5.56,None,None,None,None,None,-10000000,None,0.121,None,831000000,2025-10-30,quarterly,3.19,USD,post-market,284700000,2802500000,0.075,0.14,0.102,63.84,1814300000,231600000,47400000,565300000,375.08,364.49,1.9169,4944100000,2870100000,1248800000,1692300000,2074000000,443500000,4871500000,3300200000,46.49,None,403.95,327.71
2025-12-28,SYK,7.62,24381000000.0,46.49,None,0.895,56.97,131000000,None,491200000,491200000,-40000000,-192000000,436000000,18000000,-78000000,None,None,-15000000,40500000,410800000,None,1767300000,1767300000,206500000,None,None,770300000,None,None,289900000,160000000,3.36,0.0095,159000000,159000000,None,0.028,0.06,962300000,1252200000,3.13,2017-06-30,23.75,513200000,15859000000.0,3104200000,1003300000,311000000,409700000,409700000,None,7700000,None,563500000,None,None,184200000,None,None,391000000,None,None,None,0.223,650000000,2138199999,966000000,479800000,787600000,None,None,None,None,None,None,None,1.465,6.22,5.56,None,None,None,None,None,-21000000,None,0.121,None,831000000,2025-10-30,quarterly,3.19,USD,post-market,284700000,2802500000,0.075,0.14,0.102,63.84,1814300000,231600000,47400000,565300000,375.08,364.49,1.9169,4944100000,2870100000,1248800000,1692300000,2074000000,443500000,4871500000,3300200000,46.49,None,403.95,327.71
2025-12-28,SYK,7.62,24381000000.0,46.49,None,0.895,56.97,139000000,None,491200000,491200000,-137000000,-146000000,-103000000,29000000,-114000000,None,None,112000000,40500000,410800000,None,1767300000,1767300000,206500000,None,None,770300000,None,None,289900000,150000000,3.36,0.0095,159000000,159000000,None,0.028,0.06,962300000,1252200000,3.13,2017-03-31,23.75,513200000,15859000000.0,3104200000,1003300000,311000000,409700000,409700000,None,7700000,None,563500000,None,None,184200000,None,None,444000000,None,None,None,0.223,151000000,2138199999,966000000,479800000,787600000,None,None,None,None,None,None,None,1.465,6.22,5.56,None,None,None,None,None,-230000000,None,0.121,None,831000000,2025-10-30,quarterly,3.19,USD,post-market,284700000,2802500000,0.075,0.14,0.102,63.84,1814300000,231600000,47400000,565300000,375.08,364.49,1.9169,4944100000,2870100000,1248800000,1692300000,2074000000,443500000,4871500000,3300200000,46.49,None,403.95,327.71
2025-12-28,SYK,7.62,24381000000.0,46.49,None,0.895,56.97,143000000,None,491200000,491200000,-42000000,-177000000,363000000,-66000000,8000000,None,None,-214000000,40500000,410800000,None,1767300000,1767300000,206500000,None,None,770300000,None,None,289900000,151000000,3.36,0.0095,142000000,142000000,None,0.028,0.06,962300000,1252200000,3.13,2016-12-31,23.75,513200000,15859000000.0,3104200000,1003300000,311000000,409700000,409700000,None,7700000,None,563500000,None,None,184200000,None,None,510000000,None,None,None,0.223,648000000,2138199999,966000000,479800000,787600000,None,None,None,None,None,None,None,1.465,6.22,5.56,None,None,None,None,None,-5000000,None,0.121,None,831000000,2025-10-30,quarterly,3.19,USD,post-market,284700000,2802500000,0.075,0.14,0.102,63.84,1814300000,231600000,47400000,565300000,375.08,364.49,1.9169,4944100000,2870100000,1248800000,1692300000,2074000000,443500000,4871500000,3300200000,46.49,None,403.95,327.71
2025-12-28,SYK,7.62,24381000000.0,46.49,None,0.895,56.97,118000000,None,491200000,491200000,-939000000,-102000000,-537000000,11000000,-82000000,None,None,-35000000,40500000,410800000,None,1767300000,1767300000,206500000,None,None,770300000,None,None,289900000,148000000,3.36,0.0095,142000000,142000000,None,0.028,0.06,962300000,1252200000,3.13,2016-09-30,23.75,513200000,15859000000.0,3104200000,1003300000,311000000,409700000,409700000,None,7700000,None,563500000,None,None,184200000,None,None,355000000,None,None,None,0.223,493000000,2138199999,966000000,479800000,787600000,None,None,None,None,None,None,None,1.465,6.22,5.56,None,None,None,None,None,-5000000,None,0.121,None,831000000,2025-10-30,quarterly,3.19,USD,post-market,284700000,2802500000,0.075,0.14,0.102,63.84,1814300000,231600000,47400000,565300000,375.08,364.49,1.9169,4944100000,2870100000,1248800000,1692300000,2074000000,443500000,4871500000,3300200000,46.49,None,403.95,327.71
2025-12-28,SYK,7.62,24381000000.0,46.49,None,0.895,56.97,114000000,None,491200000,491200000,-1000000,-3969000000,-3486000000,-9000000,-116000000,None,None,-29000000,40500000,410800000,None,1767300000,1767300000,206500000,None,None,770300000,None,None,289900000,145000000,3.36,0.0095,142000000,142000000,None,0.028,0.06,962300000,1252200000,3.13,2016-06-30,23.75,513200000,15859000000.0,3104200000,1003300000,311000000,409700000,409700000,None,7700000,None,563500000,None,None,184200000,None,None,380000000,None,None,None,0.223,493000000,2138199999,966000000,479800000,787600000,None,None,None,None,None,None,None,1.465,6.22,5.56,None,None,None,None,None,-16000000,None,0.121,None,831000000,2025-10-30,quarterly,3.19,USD,post-market,284700000,2802500000,0.075,0.14,0.102,63.84,1814300000,231600000,47400000,565300000,375.08,364.49,1.9169,4944100000,2870100000,1248800000,1692300000,2074000000,443500000,4871500000,3300200000,46.49,None,403.95,327.71
2025-12-28,SYK,7.62,24381000000.0,46.49,None,0.895,56.97,115000000,None,491200000,491200000,3318000000,57000000,3597000000,19000000,-109000000,None,None,86000000,40500000,410800000,None,1767300000,1767300000,206500000,None,None,770300000,None,None,289900000,102000000,3.36,0.0095,142000000,142000000,None,0.028,0.06,962300000,1252200000,3.13,2016-03-31,23.75,513200000,15859000000.0,3104200000,1003300000,311000000,409700000,409700000,None,7700000,None,563500000,None,None,184200000,None,None,402000000,None,None,None,0.223,203000000,2138199999,966000000,479800000,787600000,None,None,None,None,None,None,None,1.465,6.22,5.56,None,None,None,None,None,-13000000,None,0.121,None,831000000,2025-10-30,quarterly,3.19,USD,post-market,284700000,2802500000,0.075,0.14,0.102,63.84,1814300000,231600000,47400000,565300000,375.08,364.49,1.9169,4944100000,2870100000,1248800000,1692300000,2074000000,443500000,4871500000,3300200000,46.49,None,403.95,327.71
2025-12-28,SYK,7.62,24381000000.0,46.49,None,0.895,56.97,79000000,None,491200000,491200000,161000000,-585000000,216000000,-31000000,9000000,None,None,-177000000,40500000,410800000,None,1767300000,1767300000,206500000,None,None,770300000,None,None,289900000,108000000,3.36,0.0095,130000000,130000000,None,0.028,0.06,962300000,1252200000,3.13,2015-12-31,23.75,513200000,15859000000.0,3104200000,1003300000,311000000,409700000,409700000,None,7700000,None,563500000,None,None,184200000,None,None,522000000,None,None,None,0.223,671000000,2138199999,966000000,479800000,787600000,None,None,None,None,None,None,None,1.465,6.22,5.56,None,None,None,None,None,-254000000,None,0.121,None,831000000,2025-10-30,quarterly,3.19,USD,post-market,284700000,2802500000,0.075,0.14,0.102,63.84,1814300000,231600000,47400000,565300000,375.08,364.49,1.9169,4944100000,2870100000,1248800000,1692300000,2074000000,443500000,4871500000,3300200000,46.49,None,403.95,327.71
2025-12-28,SYK,7.62,24381000000.0,46.49,None,0.895,56.97,77000000,None,491200000,491200000,-251000000,315000000,-463000000,-18000000,-57000000,None,None,-13000000,40500000,410800000,None,1767300000,1767300000,206500000,None,None,770300000,None,None,289900000,101000000,3.36,0.0095,130000000,130000000,None,0.028,0.06,962300000,1252200000,3.13,2015-09-30,23.75,513200000,15859000000.0,3104200000,1003300000,311000000,409700000,409700000,None,7700000,None,563500000,None,None,184200000,None,None,301000000,None,None,None,0.223,-509000000,2138199999,966000000,479800000,787600000,None,None,None,None,None,None,None,1.465,6.22,5.56,None,None,None,None,None,-122000000,None,0.121,None,831000000,2025-10-30,quarterly,3.19,USD,post-market,284700000,2802500000,0.075,0.14,0.102,63.84,1814300000,231600000,47400000,565300000,375.08,364.49,1.9169,4944100000,2870100000,1248800000,1692300000,2074000000,443500000,4871500000,3300200000,46.49,None,403.95,327.71
2025-12-28,SYK,7.62,24381000000.0,46.49,None,0.895,56.97,68000000,None,491200000,491200000,-317000000,1900000000,1952000000,12000000,-25000000,None,None,27000000,40500000,410800000,None,1767300000,1767300000,206500000,None,None,770300000,None,None,289900000,94000000,3.36,0.0095,130000000,130000000,None,0.028,0.06,962300000,1252200000,3.13,2015-06-30,23.75,513200000,15859000000.0,3104200000,1003300000,311000000,409700000,409700000,None,7700000,None,563500000,None,None,184200000,None,None,392000000,None,None,None,0.223,357000000,2138199999,966000000,479800000,787600000,None,None,None,None,None,None,None,1.465,6.22,5.56,None,None,None,None,None,-194000000,None,0.121,None,831000000,2025-10-30,quarterly,3.19,USD,post-market,284700000,2802500000,0.075,0.14,0.102,63.84,1814300000,231600000,47400000,565300000,375.08,364.49,1.9169,4944100000,2870100000,1248800000,1692300000,2074000000,443500000,4871500000,3300200000,46.49,None,403.95,327.71
2025-12-28,SYK,7.62,24381000000.0,46.49,None,0.895,56.97,46000000,None,491200000,491200000,-734000000,326000000,-121000000,-93000000,-42000000,None,None,12000000,40500000,410800000,None,1767300000,1767300000,206500000,None,None,770300000,None,None,289900000,94000000,3.36,0.0095,131000000,131000000,None,0.028,0.06,962300000,1252200000,3.13,2015-03-31,23.75,513200000,15859000000.0,3104200000,1003300000,311000000,409700000,409700000,None,7700000,None,563500000,None,None,184200000,None,None,224000000,None,None,None,0.223,380000000,2138199999,966000000,479800000,787600000,None,None,None,None,None,None,None,1.465,6.22,5.56,None,None,None,None,None,-130000000,None,0.121,None,831000000,2025-10-30,quarterly,3.19,USD,post-market,284700000,2802500000,0.075,0.14,0.102,63.84,1814300000,231600000,47400000,565300000,375.08,364.49,1.9169,4944100000,2870100000,1248800000,1692300000,2074000000,443500000,4871500000,3300200000,46.49,None,403.95,327.71
2025-12-28,SYK,7.62,24381000000.0,46.49,None,0.895,56.97,61000000,None,491200000,491200000,-78000000,-88000000,439000000,-70000000,44000000,None,None,-77000000,40500000,410800000,None,1767300000,1767300000,206500000,None,None,770300000,None,None,289900000,96000000,3.36,0.0095,116000000,116000000,None,0.028,0.06,962300000,1252200000,3.13,2014-12-31,23.75,513200000,15859000000.0,3104200000,1003300000,311000000,409700000,409700000,None,7700000,None,563500000,None,None,184200000,None,None,260000000,None,None,None,0.223,675000000,2138199999,966000000,479800000,787600000,None,None,None,None,None,None,None,1.465,6.22,5.56,None,None,None,None,None,0,None,0.121,None,831000000,2025-10-30,quarterly,3.19,USD,post-market,284700000,2802500000,0.075,0.14,0.102,63.84,1814300000,231600000,47400000,565300000,375.08,364.49,1.9169,4944100000,2870100000,1248800000,1692300000,2074000000,443500000,4871500000,3300200000,46.49,None,403.95,327.71
2025-12-28,SYK,7.62,24381000000.0,46.49,None,0.895,56.97,48000000,None,491200000,491200000,-67000000,-424000000,37000000,-8000000,-97000000,None,None,-65000000,40500000,410800000,None,1767300000,1767300000,206500000,None,None,770300000,None,None,289900000,97000000,3.36,0.0095,115000000,115000000,None,0.028,0.06,962300000,1252200000,3.13,2014-09-30,23.75,513200000,15859000000.0,3104200000,1003300000,311000000,409700000,409700000,None,7700000,None,563500000,None,None,184200000,None,None,57000000,None,None,None,0.223,535000000,2138199999,966000000,479800000,787600000,None,None,None,None,None,None,None,1.465,6.22,5.56,None,None,None,None,None,-40000000,None,0.121,None,831000000,2025-10-30,quarterly,3.19,USD,post-market,284700000,2802500000,0.075,0.14,0.102,63.84,1814300000,231600000,47400000,565300000,375.08,364.49,1.9169,4944100000,2870100000,1248800000,1692300000,2074000000,443500000,4871500000,3300200000,46.49,None,403.95,327.71
2025-12-28,SYK,7.62,24381000000.0,46.49,None,0.895,56.97,54000000,None,491200000,491200000,600000000,-1027000000,-62000000,None,-59000000,None,None,-40000000,40500000,410800000,None,1767300000,1767300000,206500000,None,None,770300000,None,None,289900000,94000000,3.36,0.0095,116000000,116000000,None,0.028,0.06,962300000,1252200000,3.13,2014-06-30,23.75,513200000,15859000000.0,3104200000,1003300000,311000000,409700000,409700000,None,7700000,None,563500000,None,None,184200000,None,None,215000000,None,None,None,0.223,366000000,2138199999,966000000,479800000,787600000,None,None,None,None,None,None,None,1.465,6.22,5.56,None,None,None,None,None,-60000000,None,0.121,None,831000000,2025-10-30,quarterly,3.19,USD,post-market,284700000,2802500000,0.075,0.14,0.102,63.84,1814300000,231600000,47400000,565300000,375.08,364.49,1.9169,4944100000,2870100000,1248800000,1692300000,2074000000,443500000,4871500000,3300200000,46.49,None,403.95,327.71
2025-12-28,SYK,7.62,24381000000.0,46.49,None,0.895,56.97,70000000,None,491200000,491200000,186000000,-351000000,42000000,1000000,-61000000,None,None,93000000,40500000,410800000,None,1767300000,1767300000,206500000,None,None,770300000,None,None,289900000,91000000,3.36,0.0095,115000000,115000000,None,0.028,0.06,962300000,1252200000,3.13,2014-03-31,23.75,513200000,15859000000.0,3104200000,1003300000,311000000,409700000,409700000,None,7700000,None,563500000,None,None,184200000,None,None,70000000,None,None,None,0.223,206000000,2138199999,966000000,479800000,787600000,None,None,None,None,None,None,None,1.465,6.22,5.56,None,None,None,None,None,0,None,0.121,None,831000000,2025-10-30,quarterly,3.19,USD,post-market,284700000,2802500000,0.075,0.14,0.102,63.84,1814300000,231600000,47400000,565300000,375.08,364.49,1.9169,4944100000,2870100000,1248800000,1692300000,2074000000,443500000,4871500000,3300200000,46.49,None,403.95,327.71
2025-12-28,SYK,7.62,24381000000.0,46.49,None,0.895,56.97,56000000,None,491200000,491200000,-153000000,-291000000,229000000,1000000,29000000,None,None,-135000000,40500000,410800000,None,1767300000,1767300000,206500000,None,None,770300000,None,None,289900000,82000000,3.36,0.0095,100000000,100000000,None,0.028,0.06,962300000,1252200000,3.13,2013-12-31,23.75,513200000,15859000000.0,3104200000,1003300000,311000000,409700000,409700000,None,7700000,None,563500000,None,None,184200000,None,None,386000000,None,None,None,0.223,672000000,2138199999,966000000,479800000,787600000,None,None,None,None,None,None,None,1.465,6.22,5.56,None,None,None,None,None,-65000000,None,0.121,None,831000000,2025-10-30,quarterly,3.19,USD,post-market,284700000,2802500000,0.075,0.14,0.102,63.84,1814300000,231600000,47400000,565300000,375.08,364.49,1.9169,4944100000,2870100000,1248800000,1692300000,2074000000,443500000,4871500000,3300200000,46.49,None,403.95,327.71
2025-12-28,SYK,7.62,24381000000.0,46.49,None,0.895,56.97,43000000,None,491200000,491200000,-105000000,-368000000,139000000,-10000000,-43000000,None,None,57000000,40500000,410800000,None,1767300000,1767300000,206500000,None,None,770300000,None,None,289900000,76000000,3.36,0.0095,100000000,100000000,None,0.028,0.06,962300000,1252200000,3.13,2013-09-30,23.75,513200000,15859000000.0,3104200000,1003300000,311000000,409700000,409700000,None,7700000,None,563500000,None,None,184200000,None,None,103000000,None,None,None,0.223,622000000,2138199999,966000000,479800000,787600000,None,None,None,None,None,None,None,1.465,6.22,5.56,None,None,None,None,None,-2000000,None,0.121,None,831000000,2025-10-30,quarterly,3.19,USD,post-market,284700000,2802500000,0.075,0.14,0.102,63.84,1814300000,231600000,47400000,565300000,375.08,364.49,1.9169,4944100000,2870100000,1248800000,1692300000,2074000000,443500000,4871500000,3300200000,46.49,None,403.95,327.71
2025-12-28,SYK,7.62,24381000000.0,46.49,None,0.895,56.97,47000000,None,491200000,491200000,-93000000,-1198000000,-942000000,-7000000,-25000000,None,None,-18000000,40500000,410800000,None,1767300000,1767300000,206500000,None,None,770300000,None,None,289900000,79000000,3.36,0.0095,100000000,100000000,None,0.028,0.06,962300000,1252200000,3.13,2013-06-30,23.75,513200000,15859000000.0,3104200000,1003300000,311000000,409700000,409700000,None,7700000,None,563500000,None,None,184200000,None,None,213000000,None,None,None,0.223,356000000,2138199999,966000000,479800000,787600000,None,None,None,None,None,None,None,1.465,6.22,5.56,None,None,None,None,None,0,None,0.121,None,831000000,2025-10-30,quarterly,3.19,USD,post-market,284700000,2802500000,0.075,0.14,0.102,63.84,1814300000,231600000,47400000,565300000,375.08,364.49,1.9169,4944100000,2870100000,1248800000,1692300000,2074000000,443500000,4871500000,3300200000,46.49,None,403.95,327.71
2025-12-28,SYK,7.62,24381000000.0,46.49,None,0.895,56.97,49000000,None,491200000,491200000,651000000,-360000000,518000000,-9000000,-38000000,None,None,7000000,40500000,410800000,None,1767300000,1767300000,206500000,None,None,770300000,None,None,289900000,70000000,3.36,0.0095,101000000,101000000,None,0.028,0.06,962300000,1252200000,3.13,2013-03-31,23.75,513200000,15859000000.0,3104200000,1003300000,311000000,409700000,409700000,None,7700000,None,563500000,None,None,184200000,None,None,304000000,None,None,None,0.223,236000000,2138199999,966000000,479800000,787600000,None,None,None,None,None,None,None,1.465,6.22,5.56,None,None,None,None,None,-250000000,None,0.121,None,831000000,2025-10-30,quarterly,3.19,USD,post-market,284700000,2802500000,0.075,0.14,0.102,63.84,1814300000,231600000,47400000,565300000,375.08,364.49,1.9169,4944100000,2870100000,1248800000,1692300000,2074000000,443500000,4871500000,3300200000,46.49,None,403.95,327.71
2025-12-28,SYK,7.62,24381000000.0,46.49,None,0.895,56.97,49000000,None,491200000,491200000,-63000000,-569000000,-28000000,8000000,58000000,None,None,-72000000,40500000,410800000,None,1767300000,1767300000,206500000,None,None,770300000,None,None,289900000,122000000,3.36,0.0095,81000000,81000000,None,0.028,0.06,962300000,1252200000,3.13,2012-12-31,23.75,513200000,15859000000.0,3104200000,1003300000,311000000,409700000,409700000,None,7700000,None,563500000,None,None,184200000,None,None,270000000,None,None,None,0.223,596000000,2138199999,966000000,479800000,787600000,None,None,None,None,None,None,None,1.465,6.22,5.56,None,None,None,None,None,0,None,0.121,None,831000000,2025-10-30,quarterly,3.19,USD,post-market,284700000,2802500000,0.075,0.14,0.102,63.84,1814300000,231600000,47400000,565300000,375.08,364.49,1.9169,4944100000,2870100000,1248800000,1692300000,2074000000,443500000,4871500000,3300200000,46.49,None,403.95,327.71
2025-12-28,SYK,7.62,24381000000.0,46.49,None,0.895,56.97,58000000,None,491200000,491200000,-110000000,-428000000,30000000,-1000000,-10000000,None,None,27000000,40500000,410800000,None,1767300000,1767300000,206500000,None,None,770300000,None,None,289900000,120000000,3.36,0.0095,81000000,81000000,None,0.028,0.06,962300000,1252200000,3.13,2012-09-30,23.75,513200000,15859000000.0,3104200000,1003300000,311000000,409700000,409700000,None,7700000,None,563500000,None,None,184200000,None,None,353000000,None,None,None,0.223,569000000,2138199999,966000000,479800000,787600000,None,None,None,None,None,None,None,1.465,6.22,5.56,None,None,None,None,None,-19000000,None,0.121,None,831000000,2025-10-30,quarterly,3.19,USD,post-market,284700000,2802500000,0.075,0.14,0.102,63.84,1814300000,231600000,47400000,565300000,375.08,364.49,1.9169,4944100000,2870100000,1248800000,1692300000,2074000000,443500000,4871500000,3300200000,46.49,None,403.95,327.71
2025-12-28,SYK,7.62,24381000000.0,46.49,None,0.895,56.97,51000000,None,491200000,491200000,-148000000,384000000,703000000,10000000,-1000000,None,None,73000000,40500000,410800000,None,1767300000,1767300000,206500000,None,None,770300000,None,None,289900000,121000000,3.36,0.0095,81000000,81000000,None,0.028,0.06,962300000,1252200000,3.13,2012-06-30,23.75,513200000,15859000000.0,3104200000,1003300000,311000000,409700000,409700000,None,7700000,None,563500000,None,None,184200000,None,None,325000000,None,None,None,0.223,457000000,2138199999,966000000,479800000,787600000,None,None,None,None,None,None,None,1.465,6.22,5.56,None,None,None,None,None,-39000000,None,0.121,None,831000000,2025-10-30,quarterly,3.19,USD,post-market,284700000,2802500000,0.075,0.14,0.102,63.84,1814300000,231600000,47400000,565300000,375.08,364.49,1.9169,4944100000,2870100000,1248800000,1692300000,2074000000,443500000,4871500000,3300200000,46.49,None,403.95,327.71
2025-12-28,SYK,7.62,24381000000.0,46.49,None,0.895,56.97,52000000,None,491200000,491200000,-128000000,-123000000,-215000000,1000000,-29000000,None,None,-48000000,40500000,410800000,None,1767300000,1767300000,206500000,None,None,770300000,None,None,289900000,123000000,3.36,0.0095,81000000,81000000,None,0.028,0.06,962300000,1252200000,3.13,2012-03-31,23.75,513200000,15859000000.0,3104200000,1003300000,311000000,409700000,409700000,None,7700000,None,563500000,None,None,184200000,None,None,350000000,None,None,None,0.223,35000000,2138199999,966000000,479800000,787600000,None,None,None,None,None,None,None,1.465,6.22,5.56,None,None,None,None,None,-50000000,None,0.121,None,831000000,2025-10-30,quarterly,3.19,USD,post-market,284700000,2802500000,0.075,0.14,0.102,63.84,1814300000,231600000,47400000,565300000,375.08,364.49,1.9169,4944100000,2870100000,1248800000,1692300000,2074000000,443500000,4871500000,3300200000,46.49,None,403.95,327.71
2025-12-28,SYK,7.62,24381000000.0,46.49,None,0.895,56.97,64000000,None,491200000,491200000,-139000000,-380000000,95000000,-13000000,8000000,None,None,-118000000,40500000,410800000,None,1767300000,1767300000,206500000,None,None,770300000,None,None,289900000,122000000,3.36,0.0095,69000000,69000000,None,0.028,0.06,962300000,1252200000,3.13,2011-12-31,23.75,513200000,15859000000.0,3104200000,1003300000,311000000,409700000,409700000,None,7700000,None,563500000,None,None,184200000,None,None,401000000,None,None,None,0.223,627000000,2138199999,966000000,479800000,787600000,None,None,None,None,None,None,None,1.465,6.22,5.56,None,None,None,None,None,-83000000,None,0.121,None,831000000,2025-10-30,quarterly,3.19,USD,post-market,284700000,2802500000,0.075,0.14,0.102,63.84,1814300000,231600000,47400000,565300000,375.08,364.49,1.9169,4944100000,2870100000,1248800000,1692300000,2074000000,443500000,4871500000,3300200000,46.49,None,403.95,327.71
2025-12-28,SYK,7.62,24381000000.0,46.49,None,0.895,56.97,56600000,None,491200000,491200000,388000000,-497500000,312500000,-24300000,-33300000,None,None,8200000,40500000,410800000,None,1767300000,1767300000,206500000,None,None,770300000,None,None,289900000,123400000,3.36,0.0095,70000000,70000000,None,0.028,0.06,962300000,1252200000,3.13,2011-09-30,23.75,513200000,15859000000.0,3104200000,1003300000,311000000,409700000,409700000,None,7700000,None,563500000,None,None,184200000,None,None,327000000,None,None,None,0.223,446300000,2138199999,966000000,479800000,787600000,None,None,None,None,None,None,None,1.465,6.22,5.56,None,None,None,None,None,-289000000,None,0.121,None,831000000,2025-10-30,quarterly,3.19,USD,post-market,284700000,2802500000,0.075,0.14,0.102,63.84,1814300000,231600000,47400000,565300000,375.08,364.49,1.9169,4944100000,2870100000,1248800000,1692300000,2074000000,443500000,4871500000,3300200000,46.49,None,403.95,327.71
2025-12-28,SYK,7.62,24381000000.0,46.49,None,0.895,56.97,50700000,None,491200000,491200000,-21100000,-379500000,-238000000,6400000,-71800000,None,None,-14600000,40500000,410800000,None,1767300000,1767300000,206500000,None,None,770300000,None,None,289900000,120700000,3.36,0.0095,69000000,69000000,None,0.028,0.06,962300000,1252200000,3.13,2011-06-30,23.75,513200000,15859000000.0,3104200000,1003300000,311000000,409700000,409700000,None,7700000,None,563500000,None,None,184200000,None,None,309100000,None,None,None,0.223,156200000,2138199999,966000000,479800000,787600000,None,None,None,None,None,None,None,1.465,6.22,5.56,None,None,None,None,None,1000000,None,0.121,None,831000000,2025-10-30,quarterly,3.19,USD,post-market,284700000,2802500000,0.075,0.14,0.102,63.84,1814300000,231600000,47400000,565300000,375.08,364.49,1.9169,4944100000,2870100000,1248800000,1692300000,2074000000,443500000,4871500000,3300200000,46.49,None,403.95,327.71
2025-12-28,SYK,7.62,24381000000.0,46.49,None,0.895,56.97,54700000,None,491200000,491200000,-388900000,-878000000,-1022500000,39900000,-68900000,None,None,-27600000,40500000,410800000,None,1767300000,1767300000,206500000,None,None,770300000,None,None,289900000,114900000,3.36,0.0095,71000000,71000000,None,0.028,0.06,962300000,1252200000,3.13,2011-03-31,23.75,513200000,15859000000.0,3104200000,1003300000,311000000,409700000,409700000,None,7700000,None,563500000,None,None,184200000,None,None,307400000,None,None,None,0.223,204500000,2138199999,966000000,479800000,787600000,None,None,None,None,None,None,None,1.465,6.22,5.56,None,None,None,None,None,-250000000,None,0.121,None,831000000,2025-10-30,quarterly,3.19,USD,post-market,284700000,2802500000,0.075,0.14,0.102,63.84,1814300000,231600000,47400000,565300000,375.08,364.49,1.9169,4944100000,2870100000,1248800000,1692300000,2074000000,443500000,4871500000,3300200000,46.49,None,403.95,327.71
2025-12-28,SYK,7.62,24381000000.0,46.49,None,0.895,56.97,55100000,None,491200000,491200000,-349000000,702100000,832000000,-38700000,-13500000,None,None,-102800000,40500000,410800000,None,1767300000,1767300000,206500000,None,None,770300000,None,None,289900000,111300000,3.36,0.0095,59600000,59600000,None,0.028,0.06,962300000,1252200000,3.13,2010-12-31,23.75,513200000,15859000000.0,3104200000,1003300000,311000000,409700000,409700000,None,7700000,None,563500000,None,None,184200000,None,None,295000000,None,None,None,0.223,517600000,2138199999,966000000,479800000,787600000,None,None,None,None,None,None,None,1.465,6.22,5.56,None,None,None,None,None,-314400000,None,0.121,None,831000000,2025-10-30,quarterly,3.19,USD,post-market,284700000,2802500000,0.075,0.14,0.102,63.84,1814300000,231600000,47400000,565300000,375.08,364.49,1.9169,4944100000,2870100000,1248800000,1692300000,2074000000,443500000,4871500000,3300200000,46.49,None,403.95,327.71
2025-12-28,SYK,7.62,24381000000.0,46.49,None,0.895,56.97,58500000,None,491200000,491200000,-123800000,-195600000,140400000,31500000,-56900000,None,None,-12900000,40500000,410800000,None,1767300000,1767300000,206500000,None,None,770300000,None,None,289900000,101100000,3.36,0.0095,59800000,59800000,None,0.028,0.06,962300000,1252200000,3.13,2010-09-30,23.75,513200000,15859000000.0,3104200000,1003300000,311000000,409700000,409700000,None,7700000,None,563500000,None,None,184200000,None,None,337700000,None,None,None,0.223,428300000,2138199999,966000000,479800000,787600000,None,None,None,None,None,None,None,1.465,6.22,5.56,None,None,None,None,None,100000,None,0.121,None,831000000,2025-10-30,quarterly,3.19,USD,post-market,284700000,2802500000,0.075,0.14,0.102,63.84,1814300000,231600000,47400000,565300000,375.08,364.49,1.9169,4944100000,2870100000,1248800000,1692300000,2074000000,443500000,4871500000,3300200000,46.49,None,403.95,327.71
2025-12-28,SYK,7.62,24381000000.0,46.49,None,0.895,56.97,37400000,None,491200000,491200000,-15100000,-696600000,-417300000,-32300000,-30700000,None,None,-14900000,40500000,410800000,None,1767300000,1767300000,206500000,None,None,770300000,None,None,289900000,98600000,3.36,0.0095,59500000,59500000,None,0.028,0.06,962300000,1252200000,3.13,2010-06-30,23.75,513200000,15859000000.0,3104200000,1003300000,311000000,409700000,409700000,None,7700000,None,563500000,None,None,184200000,None,None,319000000,None,None,None,0.223,326700000,2138199999,966000000,479800000,787600000,None,None,None,None,None,None,None,1.465,6.22,5.56,None,None,None,None,None,1100000,None,0.121,None,831000000,2025-10-30,quarterly,3.19,USD,post-market,284700000,2802500000,0.075,0.14,0.102,63.84,1814300000,231600000,47400000,565300000,375.08,364.49,1.9169,4944100000,2870100000,1248800000,1692300000,2074000000,443500000,4871500000,3300200000,46.49,None,403.95,327.71
2025-12-28,SYK,7.62,24381000000.0,46.49,None,0.895,56.97,31100000,None,491200000,491200000,898000000,-605400000,543800000,-23600000,-30100000,None,None,9200000,40500000,410800000,None,1767300000,1767300000,206500000,None,None,770300000,None,None,289900000,99200000,3.36,0.0095,59700000,59700000,None,0.028,0.06,962300000,1252200000,3.13,2010-03-31,23.75,513200000,15859000000.0,3104200000,1003300000,311000000,409700000,409700000,None,7700000,None,563500000,None,None,184200000,None,None,321700000,None,None,None,0.223,274800000,2138199999,966000000,479800000,787600000,None,None,None,None,None,None,None,1.465,6.22,5.56,None,None,None,None,None,-111100000,None,0.121,None,831000000,2025-10-30,quarterly,3.19,USD,post-market,284700000,2802500000,0.075,0.14,0.102,63.84,1814300000,231600000,47400000,565300000,375.08,364.49,1.9169,4944100000,2870100000,1248800000,1692300000,2074000000,443500000,4871500000,3300200000,46.49,None,403.95,327.71
2025-12-28,SYK,7.62,24381000000.0,46.49,None,0.895,56.97,41700000,None,491200000,491200000,-14000000,-824800000,None,None,38600000,None,None,None,40500000,410800000,None,1767300000,1767300000,206500000,None,None,770300000,None,None,289900000,104800000,3.36,0.0095,39800000,39800000,None,0.028,0.06,962300000,1252200000,3.13,2009-12-31,23.75,513200000,15859000000.0,3104200000,1003300000,311000000,409700000,409700000,None,7700000,None,563500000,None,None,184200000,None,None,306000000,None,None,None,0.223,540100000,2138199999,966000000,479800000,787600000,None,None,None,None,None,None,None,1.465,6.22,5.56,None,None,None,None,None,-3700000,None,0.121,None,831000000,2025-10-30,quarterly,3.19,USD,post-market,284700000,2802500000,0.075,0.14,0.102,63.84,1814300000,231600000,47400000,565300000,375.08,364.49,1.9169,4944100000,2870100000,1248800000,1692300000,2074000000,443500000,4871500000,3300200000,46.49,None,403.95,327.71
2025-12-28,SYK,7.62,24381000000.0,46.49,None,0.895,56.97,28600000,None,491200000,491200000,-19000000,-180300000,None,None,26000000,None,None,None,40500000,410800000,None,1767300000,1767300000,206500000,None,None,770300000,None,None,289900000,96600000,3.36,0.0095,158600000,158600000,None,0.028,0.06,962300000,1252200000,3.13,2009-09-30,23.75,513200000,15859000000.0,3104200000,1003300000,311000000,409700000,409700000,None,7700000,None,563500000,None,None,184200000,None,None,229000000,None,None,None,0.223,465800000,2138199999,966000000,479800000,787600000,None,None,None,None,None,None,None,1.465,6.22,5.56,None,None,None,None,None,0,None,0.121,None,831000000,2025-10-30,quarterly,3.19,USD,post-market,284700000,2802500000,0.075,0.14,0.102,63.84,1814300000,231600000,47400000,565300000,375.08,364.49,1.9169,4944100000,2870100000,1248800000,1692300000,2074000000,443500000,4871500000,3300200000,46.49,None,403.95,327.71
2025-12-28,SYK,7.62,24381000000.0,46.49,None,0.895,56.97,30400000,None,491200000,491200000,-26600000,-192600000,None,None,20900000,None,None,None,40500000,410800000,None,1767300000,1767300000,206500000,None,None,770300000,None,None,289900000,92200000,3.36,0.0095,158600000,158600000,None,0.028,0.06,962300000,1252200000,3.13,2009-06-30,23.75,513200000,15859000000.0,3104200000,1003300000,311000000,409700000,409700000,None,7700000,None,563500000,None,None,184200000,None,None,291300000,None,None,None,0.223,182400000,2138199999,966000000,479800000,787600000,None,None,None,None,None,None,None,1.465,6.22,5.56,None,None,None,None,None,None,None,0.121,None,831000000,2025-10-30,quarterly,3.19,USD,post-market,284700000,2802500000,0.075,0.14,0.102,63.84,1814300000,231600000,47400000,565300000,375.08,364.49,1.9169,4944100000,2870100000,1248800000,1692300000,2074000000,443500000,4871500000,3300200000,46.49,None,403.95,327.71
2025-12-28,SYK,7.62,24381000000.0,46.49,None,0.895,56.97,30600000,None,491200000,491200000,-133700000,-130700000,None,None,-51800000,None,None,None,40500000,410800000,None,1767300000,1767300000,206500000,None,None,770300000,None,None,289900000,91700000,3.36,0.0095,158600000,158600000,None,0.028,0.06,962300000,1252200000,3.13,2009-03-31,23.75,513200000,15859000000.0,3104200000,1003300000,311000000,409700000,409700000,None,7700000,None,563500000,None,None,184200000,None,None,281100000,None,None,None,0.223,272400000,2138199999,966000000,479800000,787600000,None,None,None,None,None,None,None,1.465,6.22,5.56,None,None,None,None,None,None,None,0.121,None,831000000,2025-10-30,quarterly,3.19,USD,post-market,284700000,2802500000,0.075,0.14,0.102,63.84,1814300000,231600000,47400000,565300000,375.08,364.49,1.9169,4944100000,2870100000,1248800000,1692300000,2074000000,443500000,4871500000,3300200000,46.49,None,403.95,327.71
2025-12-28,SYK,7.62,24381000000.0,46.49,None,0.895,56.97,46100000,None,491200000,491200000,-365100000,-5000000,None,None,5200000,None,None,None,40500000,410800000,None,1767300000,1767300000,206500000,None,None,770300000,None,None,289900000,93100000,3.36,0.0095,135600000,135600000,None,0.028,0.06,962300000,1252200000,3.13,2008-12-31,23.75,513200000,15859000000.0,3104200000,1003300000,311000000,409700000,409700000,None,7700000,None,563500000,None,None,184200000,None,None,277700000,None,None,None,0.223,419300000,2138199999,966000000,479800000,787600000,None,None,None,None,None,None,None,1.465,6.22,5.56,None,None,None,None,None,-404000000,None,0.121,None,831000000,2025-10-30,quarterly,3.19,USD,post-market,284700000,2802500000,0.075,0.14,0.102,63.84,1814300000,231600000,47400000,565300000,375.08,364.49,1.9169,4944100000,2870100000,1248800000,1692300000,2074000000,443500000,4871500000,3300200000,46.49,None,403.95,327.71
2025-12-28,SYK,7.62,24381000000.0,46.49,None,0.895,56.97,37000000,None,491200000,491200000,-557500000,506100000,None,None,-55100000,None,None,None,40500000,410800000,None,1767300000,1767300000,206500000,None,None,770300000,None,None,289900000,97600000,3.36,0.0095,135600000,135600000,None,0.028,0.06,962300000,1252200000,3.13,2008-09-30,23.75,513200000,15859000000.0,3104200000,1003300000,311000000,409700000,409700000,None,7700000,None,563500000,None,None,184200000,None,None,273800000,None,None,None,0.223,325500000,2138199999,966000000,479800000,787600000,None,None,None,None,None,None,None,1.465,6.22,5.56,None,None,None,None,None,-596000000,None,0.121,None,831000000,2025-10-30,quarterly,3.19,USD,post-market,284700000,2802500000,0.075,0.14,0.102,63.84,1814300000,231600000,47400000,565300000,375.08,364.49,1.9169,4944100000,2870100000,1248800000,1692300000,2074000000,443500000,4871500000,3300200000,46.49,None,403.95,327.71
2025-12-28,SYK,7.62,24381000000.0,46.49,None,0.895,56.97,41200000,None,491200000,491200000,6800000,-245600000,None,None,-63300000,None,None,None,40500000,410800000,None,1767300000,1767300000,206500000,None,None,770300000,None,None,289900000,98700000,3.36,0.0095,135600000,135600000,None,0.028,0.06,962300000,1252200000,3.13,2008-06-30,23.75,513200000,15859000000.0,3104200000,1003300000,311000000,409700000,409700000,None,7700000,None,563500000,None,None,184200000,None,None,305800000,None,None,None,0.223,240300000,2138199999,966000000,479800000,787600000,None,None,None,None,None,None,None,1.465,6.22,5.56,None,None,None,None,None,None,None,0.121,None,831000000,2025-10-30,quarterly,3.19,USD,post-market,284700000,2802500000,0.075,0.14,0.102,63.84,1814300000,231600000,47400000,565300000,375.08,364.49,1.9169,4944100000,2870100000,1248800000,1692300000,2074000000,443500000,4871500000,3300200000,46.49,None,403.95,327.71
2025-12-28,SYK,7.62,24381000000.0,46.49,None,0.895,56.97,30900000,None,491200000,491200000,-130300000,54600000,None,None,-67000000,None,None,None,40500000,410800000,None,1767300000,1767300000,206500000,None,None,770300000,None,None,289900000,98200000,3.36,0.0095,135600000,135600000,None,0.028,0.06,962300000,1252200000,3.13,2008-03-31,23.75,513200000,15859000000.0,3104200000,1003300000,311000000,409700000,409700000,None,7700000,None,563500000,None,None,184200000,None,None,290500000,None,None,None,0.223,190800000,2138199999,966000000,479800000,787600000,None,None,None,None,None,None,None,1.465,6.22,5.56,None,None,None,None,None,None,None,0.121,None,831000000,2025-10-30,quarterly,3.19,USD,post-market,284700000,2802500000,0.075,0.14,0.102,63.84,1814300000,231600000,47400000,565300000,375.08,364.49,1.9169,4944100000,2870100000,1248800000,1692300000,2074000000,443500000,4871500000,3300200000,46.49,None,403.95,327.71
2025-12-28,SYK,7.62,24381000000.0,46.49,None,0.895,56.97,65000000,None,491200000,491200000,30400000,-280400000,None,None,-5900000,None,None,None,40500000,410800000,None,1767300000,1767300000,206500000,None,None,770300000,None,None,289900000,95500000,3.36,0.0095,45100000,45100000,None,0.028,0.06,962300000,1252200000,3.13,2007-12-31,23.75,513200000,15859000000.0,3104200000,1003300000,311000000,409700000,409700000,None,7700000,None,563500000,None,None,184200000,None,None,276100000,None,None,None,0.223,367500000,2138199999,966000000,479800000,787600000,None,None,None,None,None,None,None,1.465,6.22,5.56,None,None,None,None,None,None,None,0.121,None,831000000,2025-10-30,quarterly,3.19,USD,post-market,284700000,2802500000,0.075,0.14,0.102,63.84,1814300000,231600000,47400000,565300000,375.08,364.49,1.9169,4944100000,2870100000,1248800000,1692300000,2074000000,443500000,4871500000,3300200000,46.49,None,403.95,327.71
2025-12-28,SYK,7.62,24381000000.0,46.49,None,0.895,56.97,42800000,None,491200000,491200000,14300000,-314600000,None,None,-34600000,None,None,None,40500000,410800000,None,1767300000,1767300000,206500000,None,None,770300000,None,None,289900000,73900000,3.36,0.0095,89700000,89700000,None,0.028,0.06,962300000,1252200000,3.13,2007-09-30,23.75,513200000,15859000000.0,3104200000,1003300000,311000000,409700000,409700000,None,7700000,None,563500000,None,None,184200000,None,None,259400000,None,None,None,0.223,297200000,2138199999,966000000,479800000,787600000,None,None,None,None,None,None,None,1.465,6.22,5.56,None,None,None,None,None,None,None,0.121,None,831000000,2025-10-30,quarterly,3.19,USD,post-market,284700000,2802500000,0.075,0.14,0.102,63.84,1814300000,231600000,47400000,565300000,375.08,364.49,1.9169,4944100000,2870100000,1248800000,1692300000,2074000000,443500000,4871500000,3300200000,46.49,None,403.95,327.71
2025-12-28,SYK,7.62,24381000000.0,46.49,None,0.895,56.97,38000000,None,491200000,491200000,27700000,-364300000,None,None,-19600000,None,None,None,40500000,410800000,None,1767300000,1767300000,206500000,None,None,770300000,None,None,289900000,108200000,3.36,0.0095,89700000,89700000,None,0.028,0.06,962300000,1252200000,3.13,2007-06-30,23.75,513200000,15859000000.0,3104200000,1003300000,311000000,409700000,409700000,None,7700000,None,563500000,None,None,184200000,None,None,238400000,None,None,None,0.223,210900000,2138199999,966000000,479800000,787600000,None,None,None,None,None,None,None,1.465,6.22,5.56,None,None,None,None,None,None,None,0.121,None,831000000,2025-10-30,quarterly,3.19,USD,post-market,284700000,2802500000,0.075,0.14,0.102,63.84,1814300000,231600000,47400000,565300000,375.08,364.49,1.9169,4944100000,2870100000,1248800000,1692300000,2074000000,443500000,4871500000,3300200000,46.49,None,403.95,327.71
2025-12-28,SYK,7.62,24381000000.0,46.49,None,0.895,56.97,41900000,None,491200000,491200000,-58800000,-218900000,None,None,-29800000,None,None,None,40500000,410800000,None,1767300000,1767300000,206500000,None,None,770300000,None,None,289900000,89000000,3.36,0.0095,89700000,89700000,None,0.028,0.06,962300000,1252200000,3.13,2007-03-31,23.75,513200000,15859000000.0,3104200000,1003300000,311000000,409700000,409700000,None,7700000,None,563500000,None,None,184200000,None,None,243500000,None,None,None,0.223,152700000,2138199999,966000000,479800000,787600000,None,None,None,None,None,None,None,1.465,6.22,5.56,None,None,None,None,None,None,None,0.121,None,831000000,2025-10-30,quarterly,3.19,USD,post-market,284700000,2802500000,0.075,0.14,0.102,63.84,1814300000,231600000,47400000,565300000,375.08,364.49,1.9169,4944100000,2870100000,1248800000,1692300000,2074000000,443500000,4871500000,3300200000,46.49,None,403.95,327.71
2025-12-28,SYK,7.62,24381000000.0,46.49,None,0.895,56.97,64800000,None,491200000,491200000,25600000,-161600000,None,None,8600000,None,None,None,40500000,410800000,None,1767300000,1767300000,206500000,None,None,770300000,None,None,289900000,87300000,3.36,0.0095,44600000,44600000,None,0.028,0.06,962300000,1252200000,3.13,2006-12-31,23.75,513200000,15859000000.0,3104200000,1003300000,311000000,409700000,409700000,None,7700000,None,563500000,None,None,184200000,None,None,227900000,None,None,None,0.223,370400000,2138199999,966000000,479800000,787600000,None,None,None,None,None,None,None,1.465,6.22,5.56,None,None,None,None,None,None,None,0.121,None,831000000,2025-10-30,quarterly,3.19,USD,post-market,284700000,2802500000,0.075,0.14,0.102,63.84,1814300000,231600000,47400000,565300000,375.08,364.49,1.9169,4944100000,2870100000,1248800000,1692300000,2074000000,443500000,4871500000,3300200000,46.49,None,403.95,327.71
2025-12-28,SYK,7.62,24381000000.0,46.49,None,0.895,56.97,48500000,None,491200000,491200000,-3700000,-224700000,None,None,-27300000,None,None,None,40500000,410800000,None,1767300000,1767300000,206500000,None,None,770300000,None,None,289900000,84800000,3.36,0.0095,44600000,44600000,None,0.028,0.06,962300000,1252200000,3.13,2006-09-30,23.75,513200000,15859000000.0,3104200000,1003300000,311000000,409700000,409700000,None,7700000,None,563500000,None,None,184200000,None,None,188400000,None,None,None,0.223,280400000,2138199999,966000000,479800000,787600000,None,None,None,None,None,None,None,1.465,6.22,5.56,None,None,None,None,None,None,None,0.121,None,831000000,2025-10-30,quarterly,3.19,USD,post-market,284700000,2802500000,0.075,0.14,0.102,63.84,1814300000,231600000,47400000,565300000,375.08,364.49,1.9169,4944100000,2870100000,1248800000,1692300000,2074000000,443500000,4871500000,3300200000,46.49,None,403.95,327.71
2025-12-28,SYK,7.62,24381000000.0,46.49,None,0.895,56.97,52300000,None,491200000,491200000,-120600000,-146400000,None,None,-37400000,None,None,None,40500000,410800000,None,1767300000,1767300000,206500000,None,None,770300000,None,None,289900000,81900000,3.36,0.0095,44600000,44600000,None,0.028,0.06,962300000,1252200000,3.13,2006-06-30,23.75,513200000,15859000000.0,3104200000,1003300000,311000000,409700000,409700000,None,7700000,None,563500000,None,None,184200000,None,None,213900000,None,None,None,0.223,195800000,2138199999,966000000,479800000,787600000,None,None,None,None,None,None,None,1.465,6.22,5.56,None,None,None,None,None,None,None,0.121,None,831000000,2025-10-30,quarterly,3.19,USD,post-market,284700000,2802500000,0.075,0.14,0.102,63.84,1814300000,231600000,47400000,565300000,375.08,364.49,1.9169,4944100000,2870100000,1248800000,1692300000,2074000000,443500000,4871500000,3300200000,46.49,None,403.95,327.71
2025-12-28,SYK,7.62,24381000000.0,46.49,None,0.895,56.97,51900000,None,491200000,491200000,-104500000,-209600000,None,None,-30700000,None,None,None,40500000,410800000,None,1767300000,1767300000,206500000,None,None,770300000,None,None,289900000,77800000,3.36,0.0095,44600000,44600000,None,0.028,0.06,962300000,1252200000,3.13,2006-03-31,23.75,513200000,15859000000.0,3104200000,1003300000,311000000,409700000,409700000,None,7700000,None,563500000,None,None,184200000,None,None,147500000,None,None,None,0.223,20700000,2138199999,966000000,479800000,787600000,None,None,None,None,None,None,None,1.465,6.22,5.56,None,None,None,None,None,None,None,0.121,None,831000000,2025-10-30,quarterly,3.19,USD,post-market,284700000,2802500000,0.075,0.14,0.102,63.84,1814300000,231600000,47400000,565300000,375.08,364.49,1.9169,4944100000,2870100000,1248800000,1692300000,2074000000,443500000,4871500000,3300200000,46.49,None,403.95,327.71
2025-12-28,SYK,7.62,24381000000.0,46.49,None,0.895,56.97,85900000,None,491200000,491200000,239100000,-327300000,None,None,19900000,None,None,None,40500000,410800000,None,1767300000,1767300000,206500000,None,None,770300000,None,None,289900000,76600000,3.36,0.0095,36200000,36200000,None,0.028,0.06,962300000,1252200000,3.13,2005-12-31,23.75,513200000,15859000000.0,3104200000,1003300000,311000000,409700000,409700000,None,7700000,None,563500000,None,None,184200000,None,None,185700000,None,None,None,0.223,381600000,2138199999,966000000,479800000,787600000,None,None,None,None,None,None,None,1.465,6.22,5.56,None,None,None,None,None,None,None,0.121,None,831000000,2025-10-30,quarterly,3.19,USD,post-market,284700000,2802500000,0.075,0.14,0.102,63.84,1814300000,231600000,47400000,565300000,375.08,364.49,1.9169,4944100000,2870100000,1248800000,1692300000,2074000000,443500000,4871500000,3300200000,46.49,None,403.95,327.71
2025-12-28,SYK,7.62,24381000000.0,46.49,None,0.895,56.97,69400000,None,491200000,491200000,14300000,-193700000,None,None,-13000000,None,None,None,40500000,410800000,None,1767300000,1767300000,206500000,None,None,770300000,None,None,289900000,70000000,3.36,0.0095,36200000,36200000,None,0.028,0.06,962300000,1252200000,3.13,2005-09-30,23.75,513200000,15859000000.0,3104200000,1003300000,311000000,409700000,409700000,None,7700000,None,563500000,None,None,184200000,None,None,132100000,None,None,None,0.223,263000000,2138199999,966000000,479800000,787600000,None,None,None,None,None,None,None,1.465,6.22,5.56,None,None,None,None,None,None,None,0.121,None,831000000,2025-10-30,quarterly,3.19,USD,post-market,284700000,2802500000,0.075,0.14,0.102,63.84,1814300000,231600000,47400000,565300000,375.08,364.49,1.9169,4944100000,2870100000,1248800000,1692300000,2074000000,443500000,4871500000,3300200000,46.49,None,403.95,327.71
2025-12-28,SYK,7.62,24381000000.0,46.49,None,0.895,56.97,755000000,None,491200000,491200000,-525000000,-3000000000,None,None,-206000000,None,None,None,40500000,410800000,None,1767300000,1767300000,206500000,None,None,770300000,None,None,289900000,1050000000,3.36,0.0095,1219000000,1219000000,None,0.028,0.06,962300000,1252200000,3.13,2024-12-31,23.75,513200000,15859000000.0,3104200000,1003300000,311000000,409700000,409700000,None,7700000,None,563500000,None,None,184200000,None,None,2993000000,None,None,None,0.223,4242000000,2138199999,966000000,479800000,787600000,None,None,None,None,None,None,None,1.465,6.22,5.56,None,None,None,None,None,-195000000,None,0.121,None,831000000,2025-10-30,annual,3.19,USD,post-market,284700000,2802500000,0.075,0.14,0.102,63.84,1814300000,231600000,47400000,565300000,375.08,364.49,1.9169,4944100000,2870100000,1248800000,1692300000,2074000000,443500000,4871500000,3300200000,46.49,None,403.95,327.71
2025-12-28,SYK,7.62,24381000000.0,46.49,None,0.895,56.97,575000000,None,491200000,491200000,-1594000000,-962000000,None,None,-797000000,None,None,None,40500000,410800000,None,1767300000,1767300000,206500000,None,None,770300000,None,None,289900000,1028000000,3.36,0.0095,1139000000,1139000000,None,0.028,0.06,962300000,1252200000,3.13,2023-12-31,23.75,513200000,15859000000.0,3104200000,1003300000,311000000,409700000,409700000,None,7700000,None,563500000,None,None,184200000,None,None,3165000000,None,None,None,0.223,3711000000,2138199999,966000000,479800000,787600000,None,None,None,None,None,None,None,1.465,6.22,5.56,None,None,None,None,None,-155000000,None,0.121,None,831000000,2025-10-30,annual,3.19,USD,post-market,284700000,2802500000,0.075,0.14,0.102,63.84,1814300000,231600000,47400000,565300000,375.08,364.49,1.9169,4944100000,2870100000,1248800000,1692300000,2074000000,443500000,4871500000,3300200000,46.49,None,403.95,327.71
2025-12-28,SYK,7.62,24381000000.0,46.49,None,0.895,56.97,588000000,None,491200000,491200000,-749000000,-2924000000,-1049000000,None,-762000000,None,None,-579000000,40500000,410800000,None,1767300000,1767300000,206500000,None,None,770300000,None,None,289900000,998000000,3.36,0.0095,1051000000,1051000000,None,0.028,0.06,962300000,1252200000,3.13,2022-12-31,23.75,513200000,15859000000.0,3104200000,1003300000,311000000,409700000,409700000,None,7700000,None,563500000,None,None,184200000,None,None,2358000000,None,None,None,0.223,2624000000,2138199999,966000000,479800000,787600000,None,None,None,None,None,None,None,1.465,6.22,5.56,None,None,None,None,None,-122000000,None,0.121,None,831000000,2025-10-30,annual,3.19,USD,post-market,284700000,2802500000,0.075,0.14,0.102,63.84,1814300000,231600000,47400000,565300000,375.08,364.49,1.9169,4944100000,2870100000,1248800000,1692300000,2074000000,443500000,4871500000,3300200000,46.49,None,403.95,327.71
2025-12-28,SYK,7.62,24381000000.0,46.49,None,0.895,56.97,525000000,None,491200000,491200000,-2365000000,-859000000,39000000,None,-189000000,None,None,-377000000,40500000,410800000,None,1767300000,1767300000,206500000,None,None,770300000,None,None,289900000,990000000,3.36,0.0095,950000000,950000000,None,0.028,0.06,962300000,1252200000,3.13,2021-12-31,23.75,513200000,15859000000.0,3104200000,1003300000,311000000,409700000,409700000,None,7700000,None,563500000,None,None,184200000,None,None,1994000000,None,None,None,0.223,3263000000,2138199999,966000000,479800000,787600000,None,None,None,None,None,None,None,1.465,6.22,5.56,None,None,None,None,None,-114000000,None,0.121,None,831000000,2025-10-30,annual,3.19,USD,post-market,284700000,2802500000,0.075,0.14,0.102,63.84,1814300000,231600000,47400000,565300000,375.08,364.49,1.9169,4944100000,2870100000,1248800000,1692300000,2074000000,443500000,4871500000,3300200000,46.49,None,403.95,327.71
2025-12-28,SYK,7.62,24381000000.0,46.49,None,0.895,56.97,487000000,None,491200000,491200000,-11000000,-4701000000,-1435000000,None,27000000,None,None,354000000,40500000,410800000,None,1767300000,1767300000,206500000,None,None,770300000,None,None,289900000,812000000,3.36,0.0095,863000000,863000000,None,0.028,0.06,962300000,1252200000,3.13,2020-12-31,23.75,513200000,15859000000.0,3104200000,1003300000,311000000,409700000,409700000,None,7700000,None,563500000,None,None,184200000,None,None,1599000000,None,None,None,0.223,3277000000,2138199999,966000000,479800000,787600000,None,None,None,None,None,None,None,1.465,6.22,5.56,None,None,None,None,None,-110000000,None,0.121,None,831000000,2025-10-30,annual,3.19,USD,post-market,284700000,2802500000,0.075,0.14,0.102,63.84,1814300000,231600000,47400000,565300000,375.08,364.49,1.9169,4944100000,2870100000,1248800000,1692300000,2074000000,443500000,4871500000,3300200000,46.49,None,403.95,327.71
2025-12-28,SYK,7.62,24381000000.0,46.49,None,0.895,56.97,649000000,None,491200000,491200000,3000000,-1455000000,721000000,-18000000,-400000000,None,None,-563000000,40500000,410800000,None,1767300000,1767300000,206500000,None,None,770300000,None,None,289900000,778000000,3.36,0.0095,778000000,778000000,None,0.028,0.06,962300000,1252200000,3.13,2019-12-31,23.75,513200000,15859000000.0,3104200000,1003300000,311000000,409700000,409700000,None,7700000,None,563500000,None,None,184200000,None,None,2083000000,None,None,None,0.223,2191000000,2138199999,966000000,479800000,787600000,None,None,None,None,None,None,None,1.465,6.22,5.56,None,None,None,None,None,-307000000,None,0.121,None,831000000,2025-10-30,annual,3.19,USD,post-market,284700000,2802500000,0.075,0.14,0.102,63.84,1814300000,231600000,47400000,565300000,375.08,364.49,1.9169,4944100000,2870100000,1248800000,1692300000,2074000000,443500000,4871500000,3300200000,46.49,None,403.95,327.71
2025-12-28,SYK,7.62,24381000000.0,46.49,None,0.895,56.97,572000000,None,491200000,491200000,1329000000,-2857000000,1074000000,-8000000,-385000000,None,None,-60000000,40500000,410800000,None,1767300000,1767300000,206500000,None,None,770300000,None,None,289900000,723000000,3.36,0.0095,703000000,703000000,None,0.028,0.06,962300000,1252200000,3.13,2018-12-31,23.75,513200000,15859000000.0,3104200000,1003300000,311000000,409700000,409700000,None,7700000,None,563500000,None,None,184200000,None,None,3553000000,None,None,None,0.223,2610000000,2138199999,966000000,479800000,787600000,None,None,None,None,None,None,None,1.465,6.22,5.56,None,None,None,None,None,-300000000,None,0.121,None,831000000,2025-10-30,annual,3.19,USD,post-market,284700000,2802500000,0.075,0.14,0.102,63.84,1814300000,231600000,47400000,565300000,375.08,364.49,1.9169,4944100000,2870100000,1248800000,1692300000,2074000000,443500000,4871500000,3300200000,46.49,None,403.95,327.71
2025-12-28,SYK,7.62,24381000000.0,46.49,None,0.895,56.97,598000000,None,491200000,491200000,-794000000,-1613000000,-774000000,74000000,-320000000,None,None,-162000000,40500000,410800000,None,1767300000,1767300000,206500000,None,None,770300000,None,None,289900000,642000000,3.36,0.0095,636000000,636000000,None,0.028,0.06,962300000,1252200000,3.13,2017-12-31,23.75,513200000,15859000000.0,3104200000,1003300000,311000000,409700000,409700000,None,7700000,None,563500000,None,None,184200000,None,None,1020000000,None,None,None,0.223,1559000000,2138199999,966000000,479800000,787600000,None,None,None,None,None,None,None,1.465,6.22,5.56,None,None,None,None,None,-230000000,None,0.121,None,831000000,2025-10-30,annual,3.19,USD,post-market,284700000,2802500000,0.075,0.14,0.102,63.84,1814300000,231600000,47400000,565300000,375.08,364.49,1.9169,4944100000,2870100000,1248800000,1692300000,2074000000,443500000,4871500000,3300200000,46.49,None,403.95,327.71
2025-12-28,SYK,7.62,24381000000.0,46.49,None,0.895,56.97,490000000,None,491200000,491200000,2258000000,-4191000000,-63000000,-45000000,-299000000,None,None,-192000000,40500000,410800000,None,1767300000,1767300000,206500000,None,None,770300000,None,None,289900000,546000000,3.36,0.0095,568000000,568000000,None,0.028,0.06,962300000,1252200000,3.13,2016-12-31,23.75,513200000,15859000000.0,3104200000,1003300000,311000000,409700000,409700000,None,7700000,None,563500000,None,None,184200000,None,None,1647000000,None,None,None,0.223,1915000000,2138199999,966000000,479800000,787600000,None,None,None,None,None,None,None,1.465,6.22,5.56,None,None,None,None,None,-13000000,None,0.121,None,831000000,2025-10-30,annual,3.19,USD,post-market,284700000,2802500000,0.075,0.14,0.102,63.84,1814300000,231600000,47400000,565300000,375.08,364.49,1.9169,4944100000,2870100000,1248800000,1692300000,2074000000,443500000,4871500000,3300200000,46.49,None,403.95,327.71
2025-12-28,SYK,7.62,24381000000.0,46.49,None,0.895,56.97,270000000,None,491200000,491200000,-1141000000,1956000000,1584000000,-130000000,-115000000,None,None,-151000000,40500000,410800000,None,1767300000,1767300000,206500000,None,None,770300000,None,None,289900000,397000000,3.36,0.0095,521000000,521000000,None,0.028,0.06,962300000,1252200000,3.13,2015-12-31,23.75,513200000,15859000000.0,3104200000,1003300000,311000000,409700000,409700000,None,7700000,None,563500000,None,None,184200000,None,None,1439000000,None,None,None,0.223,899000000,2138199999,966000000,479800000,787600000,None,None,None,None,None,None,None,1.465,6.22,5.56,None,None,None,None,None,-700000000,None,0.121,None,831000000,2025-10-30,annual,3.19,USD,post-market,284700000,2802500000,0.075,0.14,0.102,63.84,1814300000,231600000,47400000,565300000,375.08,364.49,1.9169,4944100000,2870100000,1248800000,1692300000,2074000000,443500000,4871500000,3300200000,46.49,None,403.95,327.71
2025-12-28,SYK,7.62,24381000000.0,46.49,None,0.895,56.97,233000000,None,491200000,491200000,629000000,-1878000000,456000000,-77000000,-173000000,None,None,-89000000,40500000,410800000,None,1767300000,1767300000,206500000,None,None,770300000,None,None,289900000,378000000,3.36,0.0095,462000000,462000000,None,0.028,0.06,962300000,1252200000,3.13,2014-12-31,23.75,513200000,15859000000.0,3104200000,1003300000,311000000,409700000,409700000,None,7700000,None,563500000,None,None,184200000,None,None,515000000,None,None,None,0.223,1782000000,2138199999,966000000,479800000,787600000,None,None,None,None,None,None,None,1.465,6.22,5.56,None,None,None,None,None,-100000000,None,0.121,None,831000000,2025-10-30,annual,3.19,USD,post-market,284700000,2802500000,0.075,0.14,0.102,63.84,1814300000,231600000,47400000,565300000,375.08,364.49,1.9169,4944100000,2870100000,1248800000,1692300000,2074000000,443500000,4871500000,3300200000,46.49,None,403.95,327.71
2025-12-28,SYK,7.62,24381000000.0,46.49,None,0.895,56.97,195000000,None,491200000,491200000,300000000,-2217000000,-56000000,-25000000,-77000000,None,None,-89000000,40500000,410800000,None,1767300000,1767300000,206500000,None,None,770300000,None,None,289900000,307000000,3.36,0.0095,401000000,401000000,None,0.028,0.06,962300000,1252200000,3.13,2013-12-31,23.75,513200000,15859000000.0,3104200000,1003300000,311000000,409700000,409700000,None,7700000,None,563500000,None,None,184200000,None,None,1006000000,None,None,None,0.223,1886000000,2138199999,966000000,479800000,787600000,None,None,None,None,None,None,None,1.465,6.22,5.56,None,None,None,None,None,-317000000,None,0.121,None,831000000,2025-10-30,annual,3.19,USD,post-market,284700000,2802500000,0.075,0.14,0.102,63.84,1814300000,231600000,47400000,565300000,375.08,364.49,1.9169,4944100000,2870100000,1248800000,1692300000,2074000000,443500000,4871500000,3300200000,46.49,None,403.95,327.71
2025-12-28,SYK,7.62,24381000000.0,46.49,None,0.895,56.97,210000000,None,491200000,491200000,-449000000,-736000000,490000000,18000000,18000000,None,None,-20000000,40500000,410800000,None,1767300000,1767300000,206500000,None,None,770300000,None,None,289900000,486000000,3.36,0.0095,324000000,324000000,None,0.028,0.06,962300000,1252200000,3.13,2012-12-31,23.75,513200000,15859000000.0,3104200000,1003300000,311000000,409700000,409700000,None,7700000,None,563500000,None,None,184200000,None,None,1298000000,None,None,None,0.223,1657000000,2138199999,966000000,479800000,787600000,None,None,None,None,None,None,None,1.465,6.22,5.56,None,None,None,None,None,-108000000,None,0.121,None,831000000,2025-10-30,annual,3.19,USD,post-market,284700000,2802500000,0.075,0.14,0.102,63.84,1814300000,231600000,47400000,565300000,375.08,364.49,1.9169,4944100000,2870100000,1248800000,1692300000,2074000000,443500000,4871500000,3300200000,46.49,None,403.95,327.71
2025-12-28,SYK,7.62,24381000000.0,46.49,None,0.895,56.97,226000000,None,491200000,491200000,-161000000,-2135000000,-853000000,9000000,-166000000,None,None,-152000000,40500000,410800000,None,1767300000,1767300000,206500000,None,None,770300000,None,None,289900000,481000000,3.36,0.0095,279000000,279000000,None,0.028,0.06,962300000,1252200000,3.13,2011-12-31,23.75,513200000,15859000000.0,3104200000,1003300000,311000000,409700000,409700000,None,7700000,None,563500000,None,None,184200000,None,None,1345000000,None,None,None,0.223,1434000000,2138199999,966000000,479800000,787600000,None,None,None,None,None,None,None,1.465,6.22,5.56,None,None,None,None,None,-622000000,None,0.121,None,831000000,2025-10-30,annual,3.19,USD,post-market,284700000,2802500000,0.075,0.14,0.102,63.84,1814300000,231600000,47400000,565300000,375.08,364.49,1.9169,4944100000,2870100000,1248800000,1692300000,2074000000,443500000,4871500000,3300200000,46.49,None,403.95,327.71
2025-12-28,SYK,7.62,24381000000.0,46.49,None,0.895,56.97,182100000,None,491200000,491200000,410100000,-795500000,1098900000,-63100000,-131200000,None,None,-121400000,40500000,410800000,None,1767300000,1767300000,206500000,None,None,770300000,None,None,289900000,410200000,3.36,0.0095,238300000,238300000,None,0.028,0.06,962300000,1252200000,3.13,2010-12-31,23.75,513200000,15859000000.0,3104200000,1003300000,311000000,409700000,409700000,None,7700000,None,563500000,None,None,184200000,None,None,1273400000,None,None,None,0.223,1547400000,2138199999,966000000,479800000,787600000,None,None,None,None,None,None,None,1.465,6.22,5.56,None,None,None,None,None,-425500000,None,0.121,None,831000000,2025-10-30,annual,3.19,USD,post-market,284700000,2802500000,0.075,0.14,0.102,63.84,1814300000,231600000,47400000,565300000,375.08,364.49,1.9169,4944100000,2870100000,1248800000,1692300000,2074000000,443500000,4871500000,3300200000,46.49,None,403.95,327.71
2025-12-28,SYK,7.62,24381000000.0,46.49,None,0.895,56.97,131300000,None,491200000,491200000,-193300000,-1328400000,-42400000,18600000,33700000,None,None,-9800000,40500000,410800000,None,1767300000,1767300000,206500000,None,None,770300000,None,None,289900000,385300000,3.36,0.0095,198400000,198400000,None,0.028,0.06,962300000,1252200000,3.13,2009-12-31,23.75,513200000,15859000000.0,3104200000,1003300000,311000000,409700000,409700000,None,7700000,None,563500000,None,None,184200000,None,None,1107400000,None,None,None,0.223,1460700000,2138199999,966000000,479800000,787600000,None,None,None,None,None,None,None,1.465,6.22,5.56,None,None,None,None,None,6300000,None,0.121,None,831000000,2025-10-30,annual,3.19,USD,post-market,284700000,2802500000,0.075,0.14,0.102,63.84,1814300000,231600000,47400000,565300000,375.08,364.49,1.9169,4944100000,2870100000,1248800000,1692300000,2074000000,443500000,4871500000,3300200000,46.49,None,403.95,327.71
2025-12-28,SYK,7.62,24381000000.0,46.49,None,0.895,56.97,155200000,None,491200000,491200000,-1046100000,310100000,None,None,-180200000,None,None,None,40500000,410800000,None,1767300000,1767300000,206500000,None,None,770300000,None,None,289900000,387600000,3.36,0.0095,135600000,135600000,None,0.028,0.06,962300000,1252200000,3.13,2008-12-31,23.75,513200000,15859000000.0,3104200000,1003300000,311000000,409700000,409700000,None,7700000,None,563500000,None,None,184200000,None,None,1147800000,None,None,None,0.223,1175900000,2138199999,966000000,479800000,787600000,None,None,None,None,None,None,None,1.465,6.22,5.56,None,None,None,None,None,-1000000000,None,0.121,None,831000000,2025-10-30,annual,3.19,USD,post-market,284700000,2802500000,0.075,0.14,0.102,63.84,1814300000,231600000,47400000,565300000,375.08,364.49,1.9169,4944100000,2870100000,1248800000,1692300000,2074000000,443500000,4871500000,3300200000,46.49,None,403.95,327.71
2025-12-28,SYK,7.62,24381000000.0,46.49,None,0.895,56.97,187700000,None,491200000,491200000,13600000,-1178200000,None,None,-89900000,None,None,None,40500000,410800000,None,1767300000,1767300000,206500000,None,None,770300000,None,None,289900000,366600000,3.36,0.0095,89700000,89700000,None,0.028,0.06,962300000,1252200000,3.13,2007-12-31,23.75,513200000,15859000000.0,3104200000,1003300000,311000000,409700000,409700000,None,7700000,None,563500000,None,None,184200000,None,None,1017400000,None,None,None,0.223,1028300000,2138199999,966000000,479800000,787600000,None,None,None,None,None,None,None,1.465,6.22,5.56,None,None,None,None,None,None,None,0.121,None,831000000,2025-10-30,annual,3.19,USD,post-market,284700000,2802500000,0.075,0.14,0.102,63.84,1814300000,231600000,47400000,565300000,375.08,364.49,1.9169,4944100000,2870100000,1248800000,1692300000,2074000000,443500000,4871500000,3300200000,46.49,None,403.95,327.71
2025-12-28,SYK,7.62,24381000000.0,46.49,None,0.895,56.97,217500000,None,491200000,491200000,-203200000,-742300000,None,None,-86800000,None,None,None,40500000,410800000,None,1767300000,1767300000,206500000,None,None,770300000,None,None,289900000,331800000,3.36,0.0095,44600000,44600000,None,0.028,0.06,962300000,1252200000,3.13,2006-12-31,23.75,513200000,15859000000.0,3104200000,1003300000,311000000,409700000,409700000,None,7700000,None,563500000,None,None,184200000,None,None,777700000,None,None,None,0.223,867300000,2138199999,966000000,479800000,787600000,None,None,None,None,None,None,None,1.465,6.22,5.56,None,None,None,None,None,None,None,0.121,None,831000000,2025-10-30,annual,3.19,USD,post-market,284700000,2802500000,0.075,0.14,0.102,63.84,1814300000,231600000,47400000,565300000,375.08,364.49,1.9169,4944100000,2870100000,1248800000,1692300000,2074000000,443500000,4871500000,3300200000,46.49,None,403.95,327.71
2025-12-28,SYK,7.62,24381000000.0,46.49,None,0.895,56.97,271700000,None,491200000,491200000,201900000,-903000000,None,None,-39700000,None,None,None,40500000,410800000,None,1767300000,1767300000,206500000,None,None,770300000,None,None,289900000,289900000,3.36,0.0095,36200000,36200000,None,0.028,0.06,962300000,1252200000,3.13,2005-12-31,23.75,513200000,15859000000.0,3104200000,1003300000,311000000,409700000,409700000,None,7700000,None,563500000,None,None,184200000,None,None,675200000,None,None,None,0.223,863800000,2138199999,966000000,479800000,787600000,None,None,None,None,None,None,None,1.465,6.22,5.56,None,None,None,None,None,None,None,0.121,None,831000000,2025-10-30,annual,3.19,USD,post-market,284700000,2802500000,0.075,0.14,0.102,63.84,1814300000,231600000,47400000,565300000,375.08,364.49,1.9169,4944100000,2870100000,1248800000,1692300000,2074000000,443500000,4871500000,3300200000,46.49,None,403.95,327.71
