date,symbol,eps,revenue_ttm,pe_ratio,accumulateddepreciationamortizationppe,beta,book_value,capitalexpenditures,capitalleaseobligations,cashandcashequivalentsatcarryingvalue,cashandshortterminvestments,cashflowfromfinancing,cashflowfrominvestment,changeincashandcashequivalents,changeinexchangerate,changeininventory,changeinoperatingassets,changeinoperatingliabilities,changeinreceivables,commonstock,commonstocksharesoutstanding,comprehensiveincomenetoftax,costofgoodsandservicessold,costofrevenue,currentaccountspayable,currentdebt,currentlongtermdebt,currentnetreceivables,deferredrevenue,depreciation,depreciationandamortization,depreciationdepletionandamortization,dividend_per_share,dividend_yield,dividendpayout,dividendpayoutcommonstock,dividendpayoutpreferredstock,earnings_growth_yoy,earnings_surprise,ebit,ebitda,estimated_eps,fiscaldateending,forward_pe,goodwill,gross_profit_ttm,grossprofit,incomebeforetax,incometaxexpense,intangibleassets,intangibleassetsexcludinggoodwill,interestanddebtexpense,interestexpense,interestincome,inventory,investmentincomenet,investments,longtermdebt,longtermdebtnoncurrent,longterminvestments,netincome,netincomefromcontinuingoperations,netinterestincome,noninterestincome,operating_margin_ttm,operatingcashflow,operatingexpenses,operatingincome,othercurrentassets,othercurrentliabilities,othernoncurrentassets,othernoncurrentliabilities,othernonoperatingincome,paymentsforoperatingactivities,paymentsforrepurchaseofcommonstock,paymentsforrepurchaseofequity,paymentsforrepurchaseofpreferredstock,peg_ratio,price_to_book,price_to_sales_ttm,proceedsfromissuanceofcommonstock,proceedsfromissuanceoflongtermdebtandcapitalsecuritiesnet,proceedsfromissuanceofpreferredstock,proceedsfromoperatingactivities,proceedsfromrepaymentsofshorttermdebt,proceedsfromrepurchaseofequity,proceedsfromsaleoftreasurystock,profit_margin,profitloss,propertyplantequipment,report_date,report_type,reported_eps,reportedcurrency,reporttime,researchanddevelopment,retainedearnings,return_on_assets_ttm,return_on_equity_ttm,revenue_growth_yoy,revenue_per_share_ttm,sellinggeneralandadministrative,shortlongtermdebttotal,shorttermdebt,shortterminvestments,sma_200,sma_50,surprise_pct,totalassets,totalcurrentassets,totalcurrentliabilities,totalliabilities,totalnoncurrentassets,totalnoncurrentliabilities,totalrevenue,totalshareholderequity,trailing_pe,treasurystock,week_52_high,week_52_low
1996-03-31,SYY,,,,,,,,,,,,,,,,,,,,,,,,,,,,,,,,,,,,,,0.0,,,0.08,,,,,,,,,,,,,,,,,,,,,,,,,,,,,,,,,,,,,,,,,,,,,,,,,1996-04-17,,0.08,,pre-market,,,,,,,,,,,,,0.0,,,,,,,,,,,,
1996-06-30,SYY,,,,,,,,,,,,,,,,,,,,,,,,,,,,,,,,,,,,,,0.0,,,0.12,,,,,,,,,,,,,,,,,,,,,,,,,,,,,,,,,,,,,,,,,,,,,,,,,1996-07-31,,0.12,,pre-market,,,,,,,,,,,,,0.0,,,,,,,,,,,,
1996-09-30,SYY,,,,,,,,,,,,,,,,,,,,,,,,,,,,,,,,,,,,,,0.0,,,0.1,,,,,,,,,,,,,,,,,,,,,,,,,,,,,,,,,,,,,,,,,,,,,,,,,1996-10-16,,0.1,,pre-market,,,,,,,,,,,,,0.0,,,,,,,,,,,,
1996-12-31,SYY,,,,,,,,,,,,,,,,,,,,,,,,,,,,,,,,,,,,,,0.0,,,0.11,,,,,,,,,,,,,,,,,,,,,,,,,,,,,,,,,,,,,,,,,,,,,,,,,1997-01-15,,0.11,,pre-market,,,,,,,,,,,,,0.0,,,,,,,,,,,,
1997-03-31,SYY,,,,,,,,,,,,,,,,,,,,,,,,,,,,,,,,,,,,,,0.0,,,0.09,,,,,,,,,,,,,,,,,,,,,,,,,,,,,,,,,,,,,,,,,,,,,,,,,1997-04-16,,0.09,,pre-market,,,,,,,,,,,,,0.0,,,,,,,,,,,,
1997-06-30,SYY,,,,,,,,,,,,,,,,,,,,,,,,,,,,,,,,,,,,,,0.0,,,0.13,,,,,,,,,,,,,,,,,,,,,,,,,,,,,,,,,,,,,,,,,,,,,,,,,1997-07-30,,0.13,,pre-market,,,,,,,,,,,,,0.0,,,,,,,,,,,,
1997-09-30,SYY,,,,,,,,,,,,,,,,,,,,,,,,,,,,,,,,,,,,,,0.01,,,0.11,,,,,,,,,,,,,,,,,,,,,,,,,,,,,,,,,,,,,,,,,,,,,,,,,1997-10-15,,0.12,,pre-market,,,,,,,,,,,,,9.0909,,,,,,,,,,,,
1997-12-31,SYY,,,,,,,,,,,,,,,,,,,,,,,,,,,,,,,,,,,,,,0.0,,,0.12,,,,,,,,,,,,,,,,,,,,,,,,,,,,,,,,,,,,,,,,,,,,,,,,,1998-01-14,,0.12,,pre-market,,,,,,,,,,,,,0.0,,,,,,,,,,,,
1998-03-31,SYY,,,,,,,,,,,,,,,,,,,,,,,,,,,,,,,,,,,,,,0.0,,,0.1,,,,,,,,,,,,,,,,,,,,,,,,,,,,,,,,,,,,,,,,,,,,,,,,,1998-04-15,,0.1,,pre-market,,,,,,,,,,,,,0.0,,,,,,,,,,,,
1998-06-30,SYY,,,,,,,,,,,,,,,,,,,,,,,,,,,,,,,,,,,,,,-0.01,,,0.15,,,,,,,,,,,,,,,,,,,,,,,,,,,,,,,,,,,,,,,,,,,,,,,,,1998-07-29,,0.14,,pre-market,,,,,,,,,,,,,-6.6667,,,,,,,,,,,,
1998-09-30,SYY,,,,,,,,,,,,,,,,,,,,,,,,,,,,,,,,,,,,,,0.0,,,0.13,,,,,,,,,,,,,,,,,,,,,,,,,,,,,,,,,,,,,,,,,,,,,,,,,1998-10-14,,0.13,,pre-market,,,,,,,,,,,,,0.0,,,,,,,,,,,,
1998-12-31,SYY,,,,,,,,,,,,,,,,,,,,,,,,,,,,,,,,,,,,,,0.0,,,0.13,,,,,,,,,,,,,,,,,,,,,,,,,,,,,,,,,,,,,,,,,,,,,,,,,1999-01-13,,0.13,,pre-market,,,,,,,,,,,,,0.0,,,,,,,,,,,,
1999-03-31,SYY,,,,,,,,,,,,,,,,,,,,,,,,,,,,,,,,,,,,,,0.01,,,0.1,,,,,,,,,,,,,,,,,,,,,,,,,,,,,,,,,,,,,,,,,,,,,,,,,1999-04-14,,0.11,,pre-market,,,,,,,,,,,,,10.0,,,,,,,,,,,,
1999-06-30,SYY,,,,,,,,,,,,,,,,,,,,,,,,,,,,,,,,,,,,,,0.01,,,0.17,,,,,,,,,,,,,,,,,,,,,,,,,,,,,,,,,,,,,,,,,,,,,,,,,1999-08-04,,0.18,,pre-market,,,,,,,,,,,,,5.8824,,,,,,,,,,,,
1999-09-30,SYY,,,,,,,,,,,,,,,,,,,,,,,,,,,,,,,,,,,,,,0.01,,,0.15,,,,,,,,,,,,,,,,,,,,,,,,,,,,,,,,,,,,,,,,,,,,,,,,,1999-10-20,,0.16,,pre-market,,,,,,,,,,,,,6.6667,,,,,,,,,,,,
1999-12-31,SYY,,,,,,,,,,,,,,,,,,,,,,,,,,,,,,,,,,,,,,0.01,,,0.15,,,,,,,,,,,,,,,,,,,,,,,,,,,,,,,,,,,,,,,,,,,,,,,,,2000-01-19,,0.16,,pre-market,,,,,,,,,,,,,6.6667,,,,,,,,,,,,
2000-03-31,SYY,,,,,,,,,,,,,,,,,,,,,,,,,,,,,,,,,,,,,,0.01,,,0.15,,,,,,,,,,,,,,,,,,,,,,,,,,,,,,,,,,,,,,,,,,,,,,,,,2000-04-19,,0.16,,pre-market,,,,,,,,,,,,,6.6667,,,,,,,,,,,,
2000-06-30,SYY,,,,,,,,,,,,,,,,,,,,,,,,,,,,,,,,,,,,,,0.02,,,0.2,,,,,,,,,,,,,,,,,,,,,,,,,,,,,,,,,,,,,,,,,,,,,,,,,2000-08-02,,0.22,,pre-market,,,,,,,,,,,,,10.0,,,,,,,,,,,,
2000-09-30,SYY,,,,,,,,,,,,,,,,,,,,,,,,,,,,,,,,,,,,,,0.03,,,0.19,,,,,,,,,,,,,,,,,,,,,,,,,,,,,,,,,,,,,,,,,,,,,,,,,2000-10-18,,0.22,,pre-market,,,,,,,,,,,,,15.7895,,,,,,,,,,,,
2000-12-31,SYY,,,,,,,,,,,,,,,,,,,,,,,,,,,,,,,,,,,,,,0.01,,,0.2,,,,,,,,,,,,,,,,,,,,,,,,,,,,,,,,,,,,,,,,,,,,,,,,,2001-01-17,,0.21,,pre-market,,,,,,,,,,,,,5.0,,,,,,,,,,,,
2001-03-31,SYY,,,,,,,,,,,,,,,,,,,,,,,,,,,,,,,,,,,,,,0.02,,,0.19,,,,,,,,,,,,,,,,,,,,,,,,,,,,,,,,,,,,,,,,,,,,,,,,,2001-04-18,,0.21,,pre-market,,,,,,,,,,,,,10.5263,,,,,,,,,,,,
2001-06-30,SYY,,,,,,,,,,,,,,,,,,,,,,,,,,,,,,,,,,,,,,0.01,,,0.25,,,,,,,,,,,,,,,,,,,,,,,,,,,,,,,,,,,,,,,,,,,,,,,,,2001-08-01,,0.26,,pre-market,,,,,,,,,,,,,4.0,,,,,,,,,,,,
2001-09-30,SYY,,,,,,,,,,,,,,,,,,,,,,,,,,,,,,,,,,,,,,0.0,,,0.24,,,,,,,,,,,,,,,,,,,,,,,,,,,,,,,,,,,,,,,,,,,,,,,,,2001-10-17,,0.24,,pre-market,,,,,,,,,,,,,0.0,,,,,,,,,,,,
2001-12-31,SYY,,,,,,,,,,,,,,,,,,,,,,,,,,,,,,,,,,,,,,0.01,,,0.23,,,,,,,,,,,,,,,,,,,,,,,,,,,,,,,,,,,,,,,,,,,,,,,,,2002-01-16,,0.24,,pre-market,,,,,,,,,,,,,4.3478,,,,,,,,,,,,
2002-03-31,SYY,,,,,,,,,,,,,,,,,,,,,,,,,,,,,,,,,,,,,,0.0,,,0.23,,,,,,,,,,,,,,,,,,,,,,,,,,,,,,,,,,,,,,,,,,,,,,,,,2002-04-24,,0.23,,pre-market,,,,,,,,,,,,,0.0,,,,,,,,,,,,
2002-06-30,SYY,,,,,,,,,,,,,,,,,,,,,,,,,,,,,,,,,,,,,,0.02,,,0.29,,,,,,,,,,,,,,,,,,,,,,,,,,,,,,,,,,,,,,,,,,,,,,,,,2002-07-31,,0.31,,pre-market,,,,,,,,,,,,,6.8966,,,,,,,,,,,,
2002-09-30,SYY,,,,,,,,,,,,,,,,,,,,,,,,,,,,,,,,,,,,,,0.0,,,0.28,,,,,,,,,,,,,,,,,,,,,,,,,,,,,,,,,,,,,,,,,,,,,,,,,2002-10-25,,0.28,,pre-market,,,,,,,,,,,,,0.0,,,,,,,,,,,,
2002-12-31,SYY,,,,,,,,,,,,,,,,,,,,,,,,,,,,,,,,,,,,,,0.0,,,0.28,,,,,,,,,,,,,,,,,,,,,,,,,,,,,,,,,,,,,,,,,,,,,,,,,2003-01-27,,0.28,,pre-market,,,,,,,,,,,,,0.0,,,,,,,,,,,,
2003-03-31,SYY,,,,,,,,,,,,,,,,,,,,,,,,,,,,,,,,,,,,,,-0.01,,,0.27,,,,,,,,,,,,,,,,,,,,,,,,,,,,,,,,,,,,,,,,,,,,,,,,,2003-04-28,,0.26,,pre-market,,,,,,,,,,,,,-3.7037,,,,,,,,,,,,
2003-06-30,SYY,,,,,,,,,,,,,,,,,,,,,,,,,,,,,,,,,,,,,,0.02,,,0.35,,,,,,,,,,,,,,,,,,,,,,,,,,,,,,,,,,,,,,,,,,,,,,,,,2003-08-11,,0.37,,pre-market,,,,,,,,,,,,,5.7143,,,,,,,,,,,,
2003-09-30,SYY,,,,,,,,,,,,,,,,,,,,,,,,,,,,,,,,,,,,,,0.01,,,0.31,,,,,,,,,,,,,,,,,,,,,,,,,,,,,,,,,,,,,,,,,,,,,,,,,2003-10-27,,0.32,,pre-market,,,,,,,,,,,,,3.2258,,,,,,,,,,,,
2003-12-31,SYY,,,,,,,,,,,,,,,,,,,,,,,,,,,,,,,,,,,,,,0.02,,,0.32,,,,,,,,,,,,,,,,,,,,,,,,,,,,,,,,,,,,,,,,,,,,,,,,,2004-01-26,,0.34,,pre-market,,,,,,,,,,,,,6.25,,,,,,,,,,,,
2004-03-31,SYY,,,,,,,,,,,,,,,,,,,,,,,,,,,,,,,,,,,,,,0.0,,,0.3,,,,,,,,,,,,,,,,,,,,,,,,,,,,,,,,,,,,,,,,,,,,,,,,,2004-04-26,,0.3,,pre-market,,,,,,,,,,,,,0.0,,,,,,,,,,,,
2004-06-30,SYY,,,,,,,,,,,,,,,,,,,,,,,,,,,,,,,,,,,,,,-0.02,,,0.45,,,,,,,,,,,,,,,,,,,,,,,,,,,,,,,,,,,,,,,,,,,,,,,,,2004-08-16,,0.43,,pre-market,,,,,,,,,,,,,-4.4444,,,,,,,,,,,,
2004-09-30,SYY,,,,,,,,,,,,,,,,,,,,,,,,,,,,,,,,,,,,,,0.0,,,0.35,,,,,,,,,,,,,,,,,,,,,,,,,,,,,,,,,,,,,,,,,,,,,,,,,2004-11-01,,0.35,,pre-market,,,,,,,,,,,,,0.0,,,,,,,,,,,,
2004-12-31,SYY,,,,,,,,,,,,,,,,,,,,,,,,,,,,,,,,,,,,,,0.0,,,0.36,,,,,,,,,,,,,,,,,,,,,,,,,,,,,,,,,,,,,,,,,,,,,,,,,2005-01-31,,0.36,,pre-market,,,,,,,,,,,,,0.0,,,,,,,,,,,,
2005-03-31,SYY,,,,,,,,,,,,,,,,,,,,,,,,,,,,,,,,,,,,,,0.01,,,0.33,,,,,,,,,,,,,,,,,,,,,,,,,,,,,,,,,,,,,,,,,,,,,,,,,2005-05-02,,0.34,,pre-market,,,,,,,,,,,,,3.0303,,,,,,,,,,,,
2005-06-30,SYY,,,,,,,,,,,,,,,,,,,,,,,,,,,,,,,,,,,,,,0.0,,,0.44,,,,,,,,,,,,,,,,,,,,,,,,,,,,,,,,,,,,,,,,,,,,,,,,,2005-08-15,,0.44,,pre-market,,,,,,,,,,,,,0.0,,,,,,,,,,,,
2005-09-30,SYY,,,,,,,,,,,,,,,,,,,,,,,,,,,,,,,,,,,,,,-0.05,,,0.36,,,,,,,,,,,,,,,,,,,,,,,,,,,,,,,,,,,,,,,,,,,,,,,,,2005-10-31,,0.31,,pre-market,,,,,,,,,,,,,-13.8889,,,,,,,,,,,,
2005-12-31,SYY,,,,,,,,,,,,,,,,,,,,,,,,,,,,,,,,,,,,,,-0.02,,,0.35,,,,,,,,,,,,,,,,,,,,,,,,,,,,,,,,,,,,,,,,,,,,,,,,,2006-01-30,,0.33,,pre-market,,,,,,,,,,,,,-5.7143,,,,,,,,,,,,
2006-03-31,SYY,,,,,,,,,,,,,,,,,,,,,,,,,,,,,,,,,,,,,,-0.02,,,0.32,,,,,,,,,,,,,,,,,,,,,,,,,,,,,,,,,,,,,,,,,,,,,,,,,2006-05-01,,0.3,,pre-market,,,,,,,,,,,,,-6.25,,,,,,,,,,,,
2006-06-30,SYY,,,,,,,,,,,,,,,,,,,,,,,,,,,,,,,,,,,,,,-0.01,,,0.42,,,,,,,,,,,,,,,,,,,,,,,,,,,,,,,,,,,,,,,,,,,,,,,,,2006-08-14,,0.41,,pre-market,,,,,,,,,,,,,-2.381,,,,,,,,,,,,
2006-09-30,SYY,,,,,,,,,,,,,,,,,,,,,,,,,,,,,,,,,,,,,,0.01,,,0.36,,,,,,,,,,,,,,,,,,,,,,,,,,,,,,,,,,,,,,,,,,,,,,,,,2006-10-30,,0.37,,pre-market,,,,,,,,,,,,,2.7778,,,,,,,,,,,,
2006-12-31,SYY,,,,,,,,,,,,,,,,,,,,,,,,,,,,,,,,,,,,,,0.0,,,0.38,,,,,,,,,,,,,,,,,,,,,,,,,,,,,,,,,,,,,,,,,,,,,,,,,2007-01-29,,0.38,,pre-market,,,,,,,,,,,,,0.0,,,,,,,,,,,,
2007-03-31,SYY,,,,,,,,,,,,,,,,,,,,,,,,,,,,,,,,,,,,,,-0.01,,,0.36,,,,,,,,,,,,,,,,,,,,,,,,,,,,,,,,,,,,,,,,,,,,,,,,,2007-04-30,,0.35,,pre-market,,,,,,,,,,,,,-2.7778,,,,,,,,,,,,
2007-06-30,SYY,,,,,,,,,,,,,,,,,,,,,,,,,,,,,,,,,,,,,,0.03,,,0.46,,,,,,,,,,,,,,,,,,,,,,,,,,,,,,,,,,,,,,,,,,,,,,,,,2007-08-13,,0.49,,pre-market,,,,,,,,,,,,,6.5217,,,,,,,,,,,,
2007-09-30,SYY,,,,,,,,,,,,,,,,,,,,,,,,,,,,,,,,,,,,,,0.02,,,0.41,,,,,,,,,,,,,,,,,,,,,,,,,,,,,,,,,,,,,,,,,,,,,,,,,2007-11-05,,0.43,,pre-market,,,,,,,,,,,,,4.878,,,,,,,,,,,,
2007-12-31,SYY,,,,,,,,,,,,,,,,,,,,,,,,,,,,,,,,,,,,,,0.0,,,0.43,,,,,,,,,,,,,,,,,,,,,,,,,,,,,,,,,,,,,,,,,,,,,,,,,2008-01-28,,0.43,,pre-market,,,,,,,,,,,,,0.0,,,,,,,,,,,,
2008-03-31,SYY,,,,,,,,,,,,,,,,,,,,,,,,,,,,,,,,,,,,,,0.01,,,0.39,,,,,,,,,,,,,,,,,,,,,,,,,,,,,,,,,,,,,,,,,,,,,,,,,2008-04-28,,0.4,,pre-market,,,,,,,,,,,,,2.5641,,,,,,,,,,,,
2008-06-30,SYY,,,,,,,,,,,,,,,,,,,,,,,,,,,,,,,,,,,,,,0.03,,,0.52,,,,,,,,,,,,,,,,,,,,,,,,,,,,,,,,,,,,,,,,,,,,,,,,,2008-08-11,,0.55,,pre-market,,,,,,,,,,,,,5.7692,,,,,,,,,,,,
2008-09-30,SYY,,,,,,,,,,,,,,,,,,,,,,,,,,,,,,,,,,,,,,-0.01,,,0.47,,,,,,,,,,,,,,,,,,,,,,,,,,,,,,,,,,,,,,,,,,,,,,,,,2008-11-03,,0.46,,pre-market,,,,,,,,,,,,,-2.1277,,,,,,,,,,,,
2008-12-31,SYY,,,,,,,,,,,,,,,,,,,,,,,,,,,,,,,,,,,,,,0.02,,,0.38,,,,,,,,,,,,,,,,,,,,,,,,,,,,,,,,,,,,,,,,,,,,,,,,,2009-02-02,,0.4,,pre-market,,,,,,,,,,,,,5.2632,,,,,,,,,,,,
2009-03-31,SYY,,,,,,,,,,,,,,,,,,,,,,,,,,,,,,,,,,,,,,0.0,,,0.38,,,,,,,,,,,,,,,,,,,,,,,,,,,,,,,,,,,,,,,,,,,,,,,,,2009-05-04,,0.38,,pre-market,,,,,,,,,,,,,0.0,,,,,,,,,,,,
2009-06-30,SYY,,,,,,,,,,,,,,,,,,,,,,,,,,,,,,,,,,,,,,0.04,,,0.49,,,,,,,,,,,,,,,,,,,,,,,,,,,,,,,,,,,,,,,,,,,,,,,,,2009-08-10,,0.53,,pre-market,,,,,,,,,,,,,8.1633,,,,,,,,,,,,
2009-09-30,SYY,,,,,,,,,,,,,,,,,,,,,,,,,,,,,,,,,,,,,,0.05,,,0.45,,,,,,,,,,,,,,,,,,,,,,,,,,,,,,,,,,,,,,,,,,,,,,,,,2009-11-02,,0.5,,pre-market,,,,,,,,,,,,,11.1111,,,,,,,,,,,,
2009-12-31,SYY,,,,,,,,,,,,,,,,,,,,,,,,,,,,,,,,,,,,,,0.03,,,0.42,,,,,,,,,,,,,,,,,,,,,,,,,,,,,,,,,,,,,,,,,,,,,,,,,2010-02-01,,0.45,,pre-market,,,,,,,,,,,,,7.1429,,,,,,,,,,,,
2010-03-31,SYY,,,,,,,,,,,,,,,,,,,,,,,,,,,,,,,,,,,,,,0.02,,,0.4,,,,,,,,,,,,,,,,,,,,,,,,,,,,,,,,,,,,,,,,,,,,,,,,,2010-05-03,,0.42,,pre-market,,,,,,,,,,,,,5.0,,,,,,,,,,,,
2010-06-30,SYY,,,,,,,,,,,,,,,,,,,,,,,,,,,,,,,,,,,,,,-0.01,,,0.58,,,,,,,,,,,,,,,,,,,,,,,,,,,,,,,,,,,,,,,,,,,,,,,,,2010-08-16,,0.57,,pre-market,,,,,,,,,,,,,-1.7241,,,,,,,,,,,,
2010-09-30,SYY,,,,,,,,,,,,,,,,,,,,,,,,,,,,,,,,,,,,,,0.0,,,0.51,,,,,,,,,,,,,,,,,,,,,,,,,,,,,,,,,,,,,,,,,,,,,,,,,2010-11-08,,0.51,,pre-market,,,,,,,,,,,,,0.0,,,,,,,,,,,,
2010-12-31,SYY,,,,,,,,,,,,,,,,,,,,,,,,,,,,,,,,,,,,,,-0.03,,,0.47,,,,,,,,,,,,,,,,,,,,,,,,,,,,,,,,,,,,,,,,,,,,,,,,,2011-02-07,,0.44,,pre-market,,,,,,,,,,,,,-6.383,,,,,,,,,,,,
2011-03-31,SYY,,,,,,,,,,,,,,,,,,,,,,,,,,,,,,,,,,,,,,0.05,,,0.41,,,,,,,,,,,,,,,,,,,,,,,,,,,,,,,,,,,,,,,,,,,,,,,,,2011-05-09,,0.46,,pre-market,,,,,,,,,,,,,12.1951,,,,,,,,,,,,
2011-06-30,SYY,,,,,,,,,,,,,,,,,,,,,,,,,,,,,,,,,,,,,,0.0,,,0.57,,,,,,,,,,,,,,,,,,,,,,,,,,,,,,,,,,,,,,,,,,,,,,,,,2011-08-15,,0.57,,pre-market,,,,,,,,,,,,,0.0,,,,,,,,,,,,
2011-09-30,SYY,,,,,,,,,,,,,,,,,,,,,,,,,,,,,,,,,,,,,,0.03,,,0.52,,,,,,,,,,,,,,,,,,,,,,,,,,,,,,,,,,,,,,,,,,,,,,,,,2011-11-07,,0.55,,pre-market,,,,,,,,,,,,,5.7692,,,,,,,,,,,,
2011-12-31,SYY,,,,,,,,,,,,,,,,,,,,,,,,,,,,,,,,,,,,,,-0.01,,,0.44,,,,,,,,,,,,,,,,,,,,,,,,,,,,,,,,,,,,,,,,,,,,,,,,,2012-02-06,,0.43,,pre-market,,,,,,,,,,,,,-2.2727,,,,,,,,,,,,
2012-03-31,SYY,,,,,,,,,,,,,,,,,,,,,,,,,,,,,,,,,,,,,,0.01,,,0.43,,,,,,,,,,,,,,,,,,,,,,,,,,,,,,,,,,,,,,,,,,,,,,,,,2012-05-07,,0.44,,pre-market,,,,,,,,,,,,,2.3256,,,,,,,,,,,,
2012-06-30,SYY,,,,,,,,,,,,,,,,,,,,,,,,,,,,,,,,,,,,,,0.01,,,0.54,,,,,,,,,,,,,,,,,,,,,,,,,,,,,,,,,,,,,,,,,,,,,,,,,2012-08-13,,0.55,,pre-market,,,,,,,,,,,,,1.8519,,,,,,,,,,,,
2012-09-30,SYY,,,,,,,,,,,,,,,,,,,,,,,,,,,,,,,,,,,,,,-0.01,,,0.5,,,,,,,,,,,,,,,,,,,,,,,,,,,,,,,,,,,,,,,,,,,,,,,,,2012-11-05,,0.49,,pre-market,,,,,,,,,,,,,-2.0,,,,,,,,,,,,
2012-12-31,SYY,,,,,,,,,,,,,,,,,,,,,,,,,,,,,,,,,,,,,,-0.01,,,0.41,,,,,,,,,,,,,,,,,,,,,,,,,,,,,,,,,,,,,,,,,,,,,,,,,2013-02-04,,0.4,,pre-market,,,,,,,,,,,,,-2.439,,,,,,,,,,,,
2013-03-31,SYY,,,,,,,,,,,,,,,,,,,,,,,,,,,,,,,,,,,,,,-0.03,,,0.43,,,,,,,,,,,,,,,,,,,,,,,,,,,,,,,,,,,,,,,,,,,,,,,,,2013-05-06,,0.4,,pre-market,,,,,,,,,,,,,-6.9767,,,,,,,,,,,,
2013-06-30,SYY,,,,,,,,,,,,,,,,,,,,,,,,,,,,,,,,,,,,,,-0.07,,,0.54,,,,,,,,,,,,,,,,,,,,,,,,,,,,,,,,,,,,,,,,,,,,,,,,,2013-08-12,,0.47,,pre-market,,,,,,,,,,,,,-12.963,,,,,,,,,,,,
2013-09-30,SYY,,,,,,,,,,,,,,,,,,,,,,,,,,,,,,,,,,,,,,0.08,,,0.48,,,,,,,,,,,,,,,,,,,,,,,,,,,,,,,,,,,,,,,,,,,,,,,,,2013-11-04,,0.56,,pre-market,,,,,,,,,,,,,16.6667,,,,,,,,,,,,
2013-12-31,SYY,,,,,,,,,,,,,,,,,,,,,,,,,,,,,,,,,,,,,,0.0,,,0.4,,,,,,,,,,,,,,,,,,,,,,,,,,,,,,,,,,,,,,,,,,,,,,,,,2014-02-03,,0.4,,pre-market,,,,,,,,,,,,,0.0,,,,,,,,,,,,
2014-03-31,SYY,,,,,,,,,,,,,,,,,,,,,,,,,,,,,,,,,,,,,,-0.01,,,0.39,,,,,,,,,,,,,,,,,,,,,,,,,,,,,,,,,,,,,,,,,,,,,,,,,2014-05-05,,0.38,,pre-market,,,,,,,,,,,,,-2.5641,,,,,,,,,,,,
2014-06-30,SYY,,,,,,,,,,,,,,,,,,,,,,,,,,,,,,,,,,,,,,0.0,,,0.5,,,,,,,,,,,,,,,,,,,,,,,,,,,,,,,,,,,,,,,,,,,,,,,,,2014-08-11,,0.5,,pre-market,,,,,,,,,,,,,0.0,,,,,,,,,,,,
2014-09-30,SYY,,,,,,,,,,,,,,,,,,,,,,,,,,,,,,,,,,,,,,0.01,,,0.51,,,,,,,,,,,,,,,,,,,,,,,,,,,,,,,,,,,,,,,,,,,,,,,,,2014-11-03,,0.52,,pre-market,,,,,,,,,,,,,1.9608,,,,,,,,,,,,
2014-12-31,SYY,,,,,,,,,,,,,,,,,,,,,,,,,,,,,,,,,,,,,,0.0,,,0.41,,,,,,,,,,,,,,,,,,,,,,,,,,,,,,,,,,,,,,,,,,,,,,,,,2015-02-02,,0.41,,pre-market,,,,,,,,,,,,,0.0,,,,,,,,,,,,
2015-03-31,SYY,,,,,,,,,,,,,,,,,,,,,,,,,,,,,,,,,,,,,,-0.01,,,0.41,,,,,,,,,,,,,,,,,,,,,,,,,,,,,,,,,,,,,,,,,,,,,,,,,2015-05-04,,0.4,,pre-market,,,,,,,,,,,,,-2.439,,,,,,,,,,,,
2015-06-30,SYY,,,,,,,,,,,,,,,,,,,,,,,,,,,,,,,,,,,,,,0.01,,,0.51,,,,,,,,,,,,,,,,,,,,,,,,,,,,,,,,,,,,,,,,,,,,,,,,,2015-08-10,,0.52,,pre-market,,,,,,,,,,,,,1.9608,,,,,,,,,,,,
2015-09-30,SYY,,,,,,,,,,,,,,,,,,,,,,,,,,,,,,,,,,,,,,0.0,,,0.52,,,,,,,,,,,,,,,,,,,,,,,,,,,,,,,,,,,,,,,,,,,,,,,,,2015-11-02,,0.52,,pre-market,,,,,,,,,,,,,0.0,,,,,,,,,,,,
2015-12-31,SYY,,,,,,,,,,,,,,,,,,,,,,,,,,,,,,,,,,,,,,0.04,,,0.41,,,,,,,,,,,,,,,,,,,,,,,,,,,,,,,,,,,,,,,,,,,,,,,,,2016-02-01,,0.45,,pre-market,,,,,,,,,,,,,9.7561,,,,,,,,,,,,
2016-03-31,SYY,,,,,,,,,,,,,,,,,,,,,,,,,,,,,,,,,,,,,,0.04,,,0.42,,,,,,,,,,,,,,,,,,,,,,,,,,,,,,,,,,,,,,,,,,,,,,,,,2016-05-02,,0.46,,pre-market,,,,,,,,,,,,,9.5238,,,,,,,,,,,,
2016-06-30,SYY,,,,,,,,,,,,,,,,,,,,,,,,,,,,,,,,,,,,,,0.03,,,0.61,,,,,,,,,,,,,,,,,,,,,,,,,,,,,,,,,,,,,,,,,,,,,,,,,2016-08-15,,0.64,,pre-market,,,,,,,,,,,,,4.918,,,,,,,,,,,,
2016-09-30,SYY,,,,,,,,,,,,,,,,,,,,,,,,,,,,,,,,,,,,,,0.05,,,0.58,,,,,,,,,,,,,,,,,,,,,,,,,,,,,,,,,,,,,,,,,,,,,,,,,2016-11-07,,0.63,,pre-market,,,,,,,,,,,,,8.6207,,,,,,,,,,,,
2016-12-31,SYY,,,,,,,,,,,,,,,,,,,,,,,,,,,,,,,,,,,,,,0.04,,,0.54,,,,,,,,,,,,,,,,,,,,,,,,,,,,,,,,,,,,,,,,,,,,,,,,,2017-02-06,,0.58,,pre-market,,,,,,,,,,,,,7.4074,,,,,,,,,,,,
2017-03-31,SYY,,,,,,,,,,,,,,,,,,,,,,,,,,,,,,,,,,,,,,-0.01,,,0.52,,,,,,,,,,,,,,,,,,,,,,,,,,,,,,,,,,,,,,,,,,,,,,,,,2017-05-08,,0.51,,pre-market,,,,,,,,,,,,,-1.9231,,,,,,,,,,,,
2017-06-30,SYY,,,,,,,,,,,,,,,,,,,,,,,,,,,,,,,,,,,,,,0.01,,,0.71,,,,,,,,,,,,,,,,,,,,,,,,,,,,,,,,,,,,,,,,,,,,,,,,,2017-08-14,,0.72,,pre-market,,,,,,,,,,,,,1.4085,,,,,,,,,,,,
2017-09-30,SYY,,,,,,,,,,,,,,,,,,,,,,,,,,,,,,,,,,,,,,0.02,,,0.72,,,,,,,,,,,,,,,,,,,,,,,,,,,,,,,,,,,,,,,,,,,,,,,,,2017-11-06,,0.74,,pre-market,,,,,,,,,,,,,2.7778,,,,,,,,,,,,
2017-12-31,SYY,,,,,,,,,,,,,,,,,,,,,,,,,,,,,,,,,,,,,,0.01,,,0.65,,,,,,,,,,,,,,,,,,,,,,,,,,,,,,,,,,,,,,,,,,,,,,,,,2018-02-05,,0.66,,pre-market,,,,,,,,,,,,,1.5385,,,,,,,,,,,,
2018-03-31,SYY,,,,,,,,,,,,,,,,,,,,,,,,,,,,,,,,,,,,,,0.04,,,0.63,,,,,,,,,,,,,,,,,,,,,,,,,,,,,,,,,,,,,,,,,,,,,,,,,2018-05-07,,0.67,,pre-market,,,,,,,,,,,,,6.3492,,,,,,,,,,,,
2018-06-30,SYY,,,,,,,,,,,,,,,,,,,,,,,,,,,,,,,,,,,,,,0.01,,,0.93,,,,,,,,,,,,,,,,,,,,,,,,,,,,,,,,,,,,,,,,,,,,,,,,,2018-08-13,,0.94,,pre-market,,,,,,,,,,,,,1.0753,,,,,,,,,,,,
2018-09-30,SYY,,,,,,,,,,,,,,,,,,,,,,,,,,,,,,,,,,,,,,-0.01,,,0.92,,,,,,,,,,,,,,,,,,,,,,,,,,,,,,,,,,,,,,,,,,,,,,,,,2018-11-05,,0.91,,pre-market,,,,,,,,,,,,,-1.087,,,,,,,,,,,,
2018-12-31,SYY,,,,,,,,,,,,,,,,,,,,,,,,,,,,,,,,,,,,,,0.02,,,0.73,,,,,,,,,,,,,,,,,,,,,,,,,,,,,,,,,,,,,,,,,,,,,,,,,2019-02-04,,0.75,,pre-market,,,,,,,,,,,,,2.7397,,,,,,,,,,,,
2019-03-31,SYY,,,,,,,,,,,,,,,,,,,,,,,,,,,,,,,,,,,,,,0.09,,,0.7,,,,,,,,,,,,,,,,,,,,,,,,,,,,,,,,,,,,,,,,,,,,,,,,,2019-05-06,,0.79,,pre-market,,,,,,,,,,,,,12.8571,,,,,,,,,,,,
2019-06-30,SYY,,,,,,,,,,,,,,,,,,,,,,,,,,,,,,,,,,,,,,0.04,,,1.06,,,,,,,,,,,,,,,,,,,,,,,,,,,,,,,,,,,,,,,,,,,,,,,,,2019-08-12,,1.1,,pre-market,,,,,,,,,,,,,3.7736,,,,,,,,,,,,
2019-09-30,SYY,,,,,,,,,,,,,,,,,,,,,,,,,,,,,,,,,,,,,,0.01,,,0.97,,,,,,,,,,,,,,,,,,,,,,,,,,,,,,,,,,,,,,,,,,,,,,,,,2019-11-04,,0.98,,pre-market,,,,,,,,,,,,,1.0309,,,,,,,,,,,,
2019-12-31,SYY,,,,,,,,,,,,,,,,,,,,,,,,,,,,,,,,,,,,,,0.01,,,0.84,,,,,,,,,,,,,,,,,,,,,,,,,,,,,,,,,,,,,,,,,,,,,,,,,2020-02-03,,0.85,,pre-market,,,,,,,,,,,,,1.1905,,,,,,,,,,,,
2020-03-31,SYY,,,,,,,,,,,,,,,,,,,,,,,,,,,,,,,,,,,,,,-0.13,,,0.58,,,,,,,,,,,,,,,,,,,,,,,,,,,,,,,,,,,,,,,,,,,,,,,,,2020-05-05,,0.45,,pre-market,,,,,,,,,,,,,-22.4138,,,,,,,,,,,,
2020-06-30,SYY,,,,,,,,,,,,,,,,,,,,,,,,,,,,,,,,,,,,,,0.01,,,-0.3,,,,,,,,,,,,,,,,,,,,,,,,,,,,,,,,,,,,,,,,,,,,,,,,,2020-08-11,,-0.29,,pre-market,,,,,,,,,,,,,3.3333,,,,,,,,,,,,
2020-09-30,SYY,,,,,,,,,,,,,,,,,,,,,,,,,,,,,,,,,,,,,,0.09,,,0.25,,,,,,,,,,,,,,,,,,,,,,,,,,,,,,,,,,,,,,,,,,,,,,,,,2020-11-03,,0.34,,pre-market,,,,,,,,,,,,,36.0,,,,,,,,,,,,
2020-12-31,SYY,,,,,,,,,,,,,,,,,,,,,,,,,,,,,,,,,,,,,,-0.17,,,0.34,,,,,,,,,,,,,,,,,,,,,,,,,,,,,,,,,,,,,,,,,,,,,,,,,2021-02-02,,0.17,,pre-market,,,,,,,,,,,,,-50.0,,,,,,,,,,,,
2021-03-31,SYY,,,,,,,,,,,,,,,,,,,,,,,,,,,,,,,,,,,,,,0.02,,,0.2,,,,,,,,,,,,,,,,,,,,,,,,,,,,,,,,,,,,,,,,,,,,,,,,,2021-05-04,,0.22,,pre-market,,,,,,,,,,,,,10.0,,,,,,,,,,,,
2021-06-30,SYY,,,,,,,,,,,,,,,,,,,,,,,,,,,,,,,,,,,,,,0.11,,,0.6,,,,,,,,,,,,,,,,,,,,,,,,,,,,,,,,,,,,,,,,,,,,,,,,,2021-08-10,,0.71,,pre-market,,,,,,,,,,,,,18.3333,,,,,,,,,,,,
2021-09-30,SYY,,,,,,,,,,,,,,,,,,,,,,,,,,,,,,,,,,,,,,-0.03,,,0.86,,,,,,,,,,,,,,,,,,,,,,,,,,,,,,,,,,,,,,,,,,,,,,,,,2021-11-09,,0.83,,pre-market,,,,,,,,,,,,,-3.4884,,,,,,,,,,,,
2021-12-31,SYY,,,,,,,,,,,,,,,,,,,,,,,,,,,,,,,,,,,,,,-0.14,,,0.71,,,,,,,,,,,,,,,,,,,,,,,,,,,,,,,,,,,,,,,,,,,,,,,,,2022-02-08,,0.57,,pre-market,,,,,,,,,,,,,-19.7183,,,,,,,,,,,,
2022-03-31,SYY,,,,,,,,,,,,,,,,,,,,,,,,,,,,,,,,,,,,,,0.16,,,0.55,,,,,,,,,,,,,,,,,,,,,,,,,,,,,,,,,,,,,,,,,,,,,,,,,2022-05-10,,0.71,,pre-market,,,,,,,,,,,,,29.0909,,,,,,,,,,,,
2022-06-30,SYY,,,,,,,,,,,,,,,,,,,,,,,,,,,,,,,,,,,,,,0.04,,,1.11,,,,,,,,,,,,,,,,,,,,,,,,,,,,,,,,,,,,,,,,,,,,,,,,,2022-08-09,,1.15,,pre-market,,,,,,,,,,,,,3.6036,,,,,,,,,,,,
2022-09-30,SYY,,,,,,,,,,,,,,,,,,,,,,,,,,,,,,,,,,,,,,-0.02,,,0.99,,,,,,,,,,,,,,,,,,,,,,,,,,,,,,,,,,,,,,,,,,,,,,,,,2022-11-01,,0.97,,pre-market,,,,,,,,,,,,,-2.0202,,,,,,,,,,,,
2022-12-31,SYY,,,,,,,,,,,,,,,,,,,,,,,,,,,,,,,,,,,,,,-0.04,,,0.84,,,,,,,,,,,,,,,,,,,,,,,,,,,,,,,,,,,,,,,,,,,,,,,,,2023-01-31,,0.8,,pre-market,,,,,,,,,,,,,-4.7619,,,,,,,,,,,,
2023-03-31,SYY,,,,,,,,,,,,,,,,,,,,,,,,,,,,,,,,,,,,,,-0.02,,,0.92,,,,,,,,,,,,,,,,,,,,,,,,,,,,,,,,,,,,,,,,,,,,,,,,,2023-05-02,,0.9,,pre-market,,,,,,,,,,,,,-2.1739,,,,,,,,,,,,
2023-06-30,SYY,,,,,,,,,,,,,,,,,,,,,,,,,,,,,,,,,,,,,,0.01,,,1.33,,,,,,,,,,,,,,,,,,,,,,,,,,,,,,,,,,,,,,,,,,,,,,,,,2023-08-01,,1.34,,pre-market,,,,,,,,,,,,,0.7519,,,,,,,,,,,,
2023-09-30,SYY,,,,,,,,,,,,,,,,,,,,,,,,,,,,,,,,,,,,,,0.03,,,1.04,,,,,,,,,,,,,,,,,,,,,,,,,,,,,,,,,,,,,,,,,,,,,,,,,2023-10-31,,1.07,,pre-market,,,,,,,,,,,,,2.8846,,,,,,,,,,,,
2023-12-31,SYY,,,,,,,,,,,,,,,,,,,,,,,,,,,,,,,,,,,,,,0.01,,,0.88,,,,,,,,,,,,,,,,,,,,,,,,,,,,,,,,,,,,,,,,,,,,,,,,,2024-01-30,,0.89,,pre-market,,,,,,,,,,,,,1.1364,,,,,,,,,,,,
2024-03-31,SYY,,,,,,,,,,,,,,,,,,,,,,,,,,,,,,,,,,,,,,0.01,,,0.95,,,,,,,,,,,,,,,,,,,,,,,,,,,,,,,,,,,,,,,,,,,,,,,,,2024-04-30,,0.96,,pre-market,,,,,,,,,,,,,1.0526,,,,,,,,,,,,
2024-06-30,SYY,,,,,,,,,,,,,,,,,,,,,,,,,,,,,,,,,,,,,,0.01,,,1.38,,,,,,,,,,,,,,,,,,,,,,,,,,,,,,,,,,,,,,,,,,,,,,,,,2024-07-30,,1.39,,pre-market,,,,,,,,,,,,,0.7246,,,,,,,,,,,,
2024-09-30,SYY,,,,,,,,,,,,,,,,,,,,,,,,,,,,,,,,,,,,,,-0.04,,,1.13,,,,,,,,,,,,,,,,,,,,,,,,,,,,,,,,,,,,,,,,,,,,,,,,,2024-10-29,,1.09,,pre-market,,,,,,,,,,,,,-3.5398,,,,,,,,,,,,
2024-12-31,SYY,,,,,,,,,,,,,,,,,,,,,,,,,,,,,,,,,,,,,,0.01,,,0.92,,,,,,,,,,,,,,,,,,,,,,,,,,,,,,,,,,,,,,,,,,,,,,,,,2025-01-28,,0.93,,pre-market,,,,,,,,,,,,,1.087,,,,,,,,,,,,
2025-03-31,SYY,,,,,,,,,,,,,,,,,,,,,,,,,,,,,,,,,,,,,,-0.06,,,1.02,,,,,,,,,,,,,,,,,,,,,,,,,,,,,,,,,,,,,,,,,,,,,,,,,2025-04-29,,0.96,,pre-market,,,,,,,,,,,,,-5.8824,,,,,,,,,,,,
2025-06-30,SYY,,,,,,,,,,,,,,,,,,,,,,,,,,,,,,,,,,,,,,0.09,,,1.39,,,,,,,,,,,,,,,,,,,,,,,,,,,,,,,,,,,,,,,,,,,,,,,,,2025-07-29,,1.48,,pre-market,,,,,,,,,,,,,6.4748,,,,,,,,,,,,
2025-09-30,SYY,,,,,,,,,,,,,,,,,,,,,,,,,,,,,,,,,,,,,,0.03,,,1.12,,,,,,,,,,,,,,,,,,,,,,,,,,,,,,,,,,,,,,,,,,,,,,,,,2025-10-28,,1.15,,pre-market,,,,,,,,,,,,,2.6786,,,,,,,,,,,,
2025-12-28,SYY,3.73,82034000000.0,19.9,,0.62,4.319,,,,,,,,,,,,,,,,,,,,,,,,,,2.1,0.0283,,,,0.0,0.03,,,1.12,,16.18,,15117000000.0,,,,,,,,,,,,,,,,,,,0.0418,,,,,,,,,,,,,1.123,17.2,0.433,,,,,,,,0.0221,,,2025-10-28,,1.15,,pre-market,,,0.0831,0.835,0.032,169.2,,,,,76.07,75.39,2.6786,,,,,,,,,19.9,,83.12,66.22
2025-12-28,SYY,3.73,82034000000.0,19.9,,0.62,4.319,,,,,,,,,,,,,,,None,17247000000,17247000000,,,,,,None,None,,2.1,0.0283,,,,0.0,0.03,None,None,1.12,2025-09-30,16.18,,15117000000.0,3901000000,600000000,None,,,None,172000000,172000000,,None,,,,,476000000,476000000,-172000000,None,0.0418,,20348000000,800000000,,,,,None,,,,,1.123,17.2,0.433,,,,,,,,0.0221,,,2025-10-28,quarterly,1.15,USD,pre-market,None,,0.0831,0.835,0.032,169.2,None,,,,76.07,75.39,2.6786,,,,,,,21148000000,,19.9,,83.12,66.22
2025-12-28,SYY,3.73,82034000000.0,19.9,,0.62,4.319,,,,,,,,,,,,,,,None,17247000000,17247000000,,,,,,None,270000000,,2.1,0.0283,,,,0.0,0.03,772000000,1042000000,1.12,2025-06-30,16.18,,15117000000.0,3901000000,600000000,124000000,,,None,172000000,166000000,,None,,,,,476000000,531000000,-166000000,None,0.0418,,3101000000,800000000,,,,,None,,,,,1.123,17.2,0.433,,,,,,,,0.0221,,,2025-10-28,quarterly,1.15,USD,pre-market,None,,0.0831,0.835,0.032,169.2,1748000000,,,,76.07,75.39,2.6786,,,,,,,21148000000,,19.9,,83.12,66.22
2025-12-28,SYY,3.73,82034000000.0,19.9,,0.62,4.319,,,,,,,,,,,,,,,None,16017000000,16017000000,,,,,,None,270000000,,2.1,0.0283,,,,0.0,0.03,672000000,942000000,1.12,2025-03-31,16.18,,15117000000.0,3581000000,523000000,122000000,,,None,149000000,149000000,,None,,,,,401000000,401000000,-149000000,None,0.0418,,2900000000,681000000,,,,,None,,,,,1.123,17.2,0.433,,,,,,,,0.0221,,,2025-10-28,quarterly,1.15,USD,pre-market,None,,0.0831,0.835,0.032,169.2,None,,,,76.07,75.39,2.6786,,,,,,,19598000000,,19.9,,83.12,66.22
2025-12-28,SYY,3.73,82034000000.0,19.9,,0.62,4.319,,,,,,,,,,,,,,,None,16501000000,16501000000,,,,,,None,272000000,,2.1,0.0283,,,,0.0,0.03,693000000,965000000,1.12,2024-12-31,16.18,,15117000000.0,3650000000,533000000,127000000,,,None,160000000,160000000,,None,,,,,406000000,406000000,-160000000,None,0.0418,,2938000000,712000000,,,,,None,,,,,1.123,17.2,0.433,,,,,,,,0.0221,,,2025-10-28,quarterly,1.15,USD,pre-market,None,,0.0831,0.835,0.032,169.2,None,,,,76.07,75.39,2.6786,,,,,,,20151000000,,19.9,,83.12,66.22
2025-12-28,SYY,3.73,82034000000.0,19.9,,0.62,4.319,,,,,,,,,,,,,,,None,16731000000,16731000000,,,,,,None,269000000,,2.1,0.0283,,,,0.0,0.03,802000000,1071000000,1.12,2024-09-30,16.18,,15117000000.0,3753000000,642000000,152000000,,,None,160000000,160000000,,None,,,,,490000000,490000000,-160000000,None,0.0418,,2945000000,808000000,,,,,None,,,,,1.123,17.2,0.433,,,,,,,,0.0221,,,2025-10-28,quarterly,1.15,USD,pre-market,None,,0.0831,0.835,0.032,169.2,None,,,,76.07,75.39,2.6786,,,,,,,20484000000,,19.9,,83.12,66.22
2025-12-28,SYY,3.73,82034000000.0,19.9,,0.62,4.319,,,,,,,,,,,,,,,None,16718565000,16718565000,,,,,,None,258458000,,2.1,0.0283,,,,0.0,0.03,968594000,1227052000,1.12,2024-06-30,16.18,,15117000000.0,3837539000,803461000,191783000,,,None,165133000,None,,None,,,,,611678000,611678000,-165133000,None,0.0418,,2861210000,976329000,,,,,None,,,,,1.123,17.2,0.433,,,,,,,,0.0221,,,2025-10-28,quarterly,1.15,USD,pre-market,None,,0.0831,0.835,0.032,169.2,1572266000,,,,76.07,75.39,2.6786,,,,,,,20556104000,,19.9,,83.12,66.22
2025-12-28,SYY,3.73,82034000000.0,19.9,,0.62,4.319,,,,,,,,,,,,,,,None,15770444000,15770444000,,,,,,None,254542000,,2.1,0.0283,,,,0.0,0.03,711666000,966208000,1.12,2024-03-31,16.18,,15117000000.0,3609056000,553813000,129125000,,,None,157853000,None,,None,,,,,424688000,424688000,-157853000,None,0.0418,,2887010000,722046000,,,,,None,,,,,1.123,17.2,0.433,,,,,,,,0.0221,,,2025-10-28,quarterly,1.15,USD,pre-market,None,,0.0831,0.835,0.032,169.2,None,,,,76.07,75.39,2.6786,,,,,,,19379500000,,19.9,,83.12,66.22
2025-12-28,SYY,3.73,82034000000.0,19.9,,0.62,4.319,,,,,,,,,,,,,,,None,15774000000,15774000000,,,,,,None,249000000,,2.1,0.0283,,,,0.0,0.03,695000000,944000000,1.12,2023-12-31,16.18,,15117000000.0,3514000000,545000000,130000000,,,None,150000000,None,,None,,,,,415000000,415242000,-149680000,None,0.0418,,2814000000,700000000,,,,,None,,,,,1.123,17.2,0.433,,,,,,,,0.0221,,,2025-10-28,quarterly,1.15,USD,pre-market,None,,0.0831,0.835,0.032,169.2,None,,,,76.07,75.39,2.6786,,,,,,,19288000000,,19.9,,83.12,66.22
2025-12-28,SYY,3.73,82034000000.0,19.9,,0.62,4.319,,,,,,,,,,,,,,,None,15972000000,15972000000,,,,,,None,235000000,,2.1,0.0283,,,,0.0,0.03,797000000,1032000000,1.12,2023-09-30,16.18,,15117000000.0,3648000000,663000000,160000000,,,None,134000000,134334000,,None,,,,,503000000,503392000,-134334000,None,0.0418,,2844000000,804000000,,,,,None,,,,,1.123,17.2,0.433,,,,,,,,0.0221,,,2025-10-28,quarterly,1.15,USD,pre-market,None,,0.0831,0.835,0.032,169.2,None,,,,76.07,75.39,2.6786,,,,,,,19620000000,,19.9,,83.12,66.22
2025-12-28,SYY,3.73,82034000000.0,19.9,,0.62,4.319,,,,,,,,,,,,,,,None,16043050000,16043050000,,,,,,None,229773000,,2.1,0.0283,,,,0.0,0.03,1093569000,1323342000,1.12,2023-06-30,16.18,,15117000000.0,3685166000,957940000,224204000,,,None,135629000,135629000,,None,,,,,733736000,733736000,-135629000,None,0.0418,,2715769000,969397000,,,,,124172000,,,,,1.123,17.2,0.433,,,,,,,,0.0221,,,2025-10-28,quarterly,1.15,USD,pre-market,None,,0.0831,0.835,0.032,169.2,1369014000,,,,76.07,75.39,2.6786,,,,,,,19728216000,,19.9,,83.12,66.22
2025-12-28,SYY,3.73,82034000000.0,19.9,,0.62,4.319,,,,,,,,,,,,,,,None,15444316000,15444316000,,,,,,None,224071000,,2.1,0.0283,,,,0.0,0.03,688968000,913039000,1.12,2023-03-31,16.18,,15117000000.0,3431360000,554037000,124433000,,,None,134931000,134931000,,None,,,,,429604000,429604000,-134931000,None,0.0418,,2735633000,695727000,,,,,-5209000,,,,,1.123,17.2,0.433,,,,,,,,0.0221,,,2025-10-28,quarterly,1.15,USD,pre-market,None,,0.0831,0.835,0.032,169.2,None,,,,76.07,75.39,2.6786,,,,,,,18875676000,,19.9,,83.12,66.22
2025-12-28,SYY,3.73,82034000000.0,19.9,,0.62,4.319,,,,,,,,,,,,,,,None,15244337000,15244337000,,,,,,None,218367000,,2.1,0.0283,,,,0.0,0.03,310518000,528885000,1.12,2022-12-31,16.18,,15117000000.0,3349616000,178476000,37260000,,,None,132042000,132042000,,None,,,,,141216000,141216000,-132042000,None,0.0418,,2708793000,640823000,,,,,-330124000,,,,,1.123,17.2,0.433,,,,,,,,0.0221,,,2025-10-28,quarterly,1.15,USD,pre-market,None,,0.0831,0.835,0.032,169.2,None,,,,76.07,75.39,2.6786,,,,,,,18593953000,,19.9,,83.12,66.22
2025-12-28,SYY,3.73,82034000000.0,19.9,,0.62,4.319,,,,,,,,,,,,,,,None,15637975000,15637975000,,,,,,None,216466000,,2.1,0.0283,,,,0.0,0.03,719052000,935518000,1.12,2022-09-30,16.18,,15117000000.0,3488855000,594902000,129334000,,,None,124150000,124150000,,None,,,,,465568000,465568000,-124150000,None,0.0418,,2752054000,736801000,,,,,-15281000,,,,,1.123,17.2,0.433,,,,,,,,0.0221,,,2025-10-28,quarterly,1.15,USD,pre-market,None,,0.0831,0.835,0.032,169.2,None,,,,76.07,75.39,2.6786,,,,,,,19126830000,,19.9,,83.12,66.22
2025-12-28,SYY,3.73,82034000000.0,19.9,,0.62,4.319,,,,,,,,,,,,,,,None,15512986000,15512986000,,,,,,None,226911000,,2.1,0.0283,,,,0.0,0.03,770391000,997302000,1.12,2022-06-30,16.18,,15117000000.0,3444272000,641879000,131890000,,,None,128512000,128512000,,None,,,,,509989000,509989000,-128512000,None,0.0418,,2677557000,766715000,,,,,3676000,,,,,1.123,17.2,0.433,,,,,,,,0.0221,,,2025-10-28,quarterly,1.15,USD,pre-market,None,,0.0831,0.835,0.032,169.2,1303582000,,,,76.07,75.39,2.6786,,,,,,,18957258000,,19.9,,83.12,66.22
2025-12-28,SYY,3.73,82034000000.0,19.9,,0.62,4.319,,,,,,,,,,,,,,,None,13888745000,13888745000,,,,,,None,221403000,,2.1,0.0283,,,,0.0,0.03,509506000,730909000,1.12,2022-03-31,16.18,,15117000000.0,3013394000,385488000,82163000,,,None,124018000,124018000,,None,,,,,303325000,303325000,-124018000,None,0.0418,,2517665000,495729000,,,,,13777000,,,,,1.123,17.2,0.433,,,,,,,,0.0221,,,2025-10-28,quarterly,1.15,USD,pre-market,None,,0.0831,0.835,0.032,169.2,None,,,,76.07,75.39,2.6786,,,,,,,16902139000,,19.9,,83.12,66.22
2025-12-28,SYY,3.73,82034000000.0,19.9,,0.62,4.319,,,,,,,,,,,,,,,None,13429053000,13429053000,,,,,,None,217932000,,2.1,0.0283,,,,0.0,0.03,455585000,673517000,1.12,2021-12-31,16.18,,15117000000.0,2891150000,212686000,45245000,,,None,242899000,242899000,,None,,,,,167441000,167441000,-242899000,None,0.0418,,2446241000,444909000,,,,,10676000,,,,,1.123,17.2,0.433,,,,,,,,0.0221,,,2025-10-28,quarterly,1.15,USD,pre-market,None,,0.0831,0.835,0.032,169.2,None,,,,76.07,75.39,2.6786,,,,,,,16320203000,,19.9,,83.12,66.22
2025-12-28,SYY,3.73,82034000000.0,19.9,,0.62,4.319,,,,,,,,,,,,,,,None,13484838000,13484838000,,,,,,None,214687000,,2.1,0.0283,,,,0.0,0.03,634934000,849621000,1.12,2021-09-30,16.18,,15117000000.0,2971708000,506720000,128707000,,,None,128214000,128214000,,None,,,,,378013000,378013000,-128214000,None,0.0418,,2340026000,631682000,,,,,3252000,,,,,1.123,17.2,0.433,,,,,,,,0.0221,,,2025-10-28,quarterly,1.15,USD,pre-market,None,,0.0831,0.835,0.032,169.2,None,,,,76.07,75.39,2.6786,,,,,,,16456546000,,19.9,,83.12,66.22
2025-12-28,SYY,3.73,82034000000.0,19.9,,0.62,4.319,,,,,,,,,,,,,,,None,13221115000,13221115000,,,,,,None,227937000,,2.1,0.0283,,,,0.0,0.03,583167000,811104000,1.12,2021-06-30,16.18,,15117000000.0,2915778000,142018000,-9075000,,,None,441149000,441149000,,None,,,,,151093000,151093000,-441149000,None,0.0418,,2346094000,569684000,,,,,13483000,,,,,1.123,17.2,0.433,,,,,,,,0.0221,,,2025-10-28,quarterly,1.15,USD,pre-market,None,,0.0831,0.835,0.032,169.2,804301000,,,,76.07,75.39,2.6786,,,,,,,16136893000,,19.9,,83.12,66.22
2025-12-28,SYY,3.73,82034000000.0,19.9,,0.62,4.319,,,,,,,,,,,,,,,None,9701921000,9701921000,,,,,,None,203322000,,2.1,0.0283,,,,0.0,0.03,248625000,451947000,1.12,2021-03-31,16.18,,15117000000.0,2122668000,102852000,13925000,,,None,145773000,145773000,,None,,,,,88927000,88927000,-145773000,None,0.0418,,1886751000,235917000,,,,,12708000,,,,,1.123,17.2,0.433,,,,,,,,0.0221,,,2025-10-28,quarterly,1.15,USD,pre-market,None,,0.0831,0.835,0.032,169.2,None,,,,76.07,75.39,2.6786,,,,,,,11824589000,,19.9,,83.12,66.22
2025-12-28,SYY,3.73,82034000000.0,19.9,,0.62,4.319,,,,,,,,,,,,,,,None,9460524000,9460524000,,,,,,None,212664000,,2.1,0.0283,,,,0.0,0.03,227618000,440282000,1.12,2020-12-31,16.18,,15117000000.0,2098458000,81120000,13831000,,,None,146498000,146498000,,None,,,,,67289000,67289000,-146498000,None,0.0418,,1886396000,212062000,,,,,15556000,,,,,1.123,17.2,0.433,,,,,,,,0.0221,,,2025-10-28,quarterly,1.15,USD,pre-market,None,,0.0831,0.835,0.032,169.2,None,,,,76.07,75.39,2.6786,,,,,,,11558982000,,19.9,,83.12,66.22
2025-12-28,SYY,3.73,82034000000.0,19.9,,0.62,4.319,,,,,,,,,,,,,,,None,9557534000,9557534000,,,,,,None,207899000,,2.1,0.0283,,,,0.0,0.03,405455000,613354000,1.12,2020-09-30,16.18,,15117000000.0,2219845000,258738000,41838000,,,None,146717000,146717000,,None,,,,,216900000,216900000,-146717000,None,0.0418,,1800266000,419579000,,,,,-14124000,,,,,1.123,17.2,0.433,,,,,,,,0.0221,,,2025-10-28,quarterly,1.15,USD,pre-market,None,,0.0831,0.835,0.032,169.2,37183000,,,,76.07,75.39,2.6786,,,,,,,11777379000,,19.9,,83.12,66.22
2025-12-28,SYY,3.73,82034000000.0,19.9,,0.62,4.319,,,,,,,,,,,,,,,None,7300909000,7300909000,,,,,,None,271804000,,2.1,0.0283,,,,0.0,0.03,-571976000,-300172000,1.12,2020-06-30,16.18,,15117000000.0,1565655000,-736245000,-117826000,,,None,164269000,164269000,,None,,,,,-618419000,-618419000,-164269000,None,0.0418,,2097235000,-531580000,,,,,-40396000,,,,,1.123,17.2,0.433,,,,,,,,0.0221,,,2025-10-28,quarterly,1.15,USD,pre-market,None,,0.0831,0.835,0.032,169.2,1437827000,,,,76.07,75.39,2.6786,,,,,,,8866564000,,19.9,,83.12,66.22
2025-12-28,SYY,3.73,82034000000.0,19.9,,0.62,4.319,,,,,,,,,,,,,,,None,11134459000,11134459000,,,,,,None,216477000,,2.1,0.0283,,,,0.0,0.03,55074000,271551000,1.12,2020-03-31,16.18,,15117000000.0,2564240000,-28780000,-25483000,,,None,83854000,83854000,,None,,,,,-3297000,-54263000,-83854000,None,0.0418,,2503966000,60274000,,,,,-5200000,,,,,1.123,17.2,0.433,,,,,,,,0.0221,,,2025-10-28,quarterly,1.15,USD,pre-market,None,,0.0831,0.835,0.032,169.2,37183000,,,,76.07,75.39,2.6786,,,,,,,13698699000,,19.9,,83.12,66.22
2025-12-28,SYY,3.73,82034000000.0,19.9,,0.62,4.319,,,,,,,,,,,,,,,None,12196643000,12196643000,,,,,,None,211530000,,2.1,0.0283,,,,0.0,0.03,553300000,764830000,1.12,2019-12-31,16.18,,15117000000.0,2828399000,476538000,93128000,,,None,76762000,76762000,,None,,,,,383410000,569666000,-76762000,None,0.0418,,2275906000,552493000,,,,,807000,,,,,1.123,17.2,0.433,,,,,,,,0.0221,,,2025-10-28,quarterly,1.15,USD,pre-market,None,,0.0831,0.835,0.032,169.2,41170000,,,,76.07,75.39,2.6786,,,,,,,15025042000,,19.9,,83.12,66.22
2025-12-28,SYY,3.73,82034000000.0,19.9,,0.62,4.319,,,,,,,,,,,,,,,None,12359635000,12359635000,,,,,,None,214330000,,2.1,0.0283,,,,0.0,0.03,665206000,879536000,1.12,2019-09-30,16.18,,15117000000.0,2943370000,581871000,128090000,,,None,83335000,83335000,,None,,,,,453781000,709961000,-83335000,None,0.0418,,2275052000,668318000,,,,,-3112000,,,,,1.123,17.2,0.433,,,,,,,,0.0221,,,2025-10-28,quarterly,1.15,USD,pre-market,None,,0.0831,0.835,0.032,169.2,33789000,,,,76.07,75.39,2.6786,,,,,,,15303005000,,19.9,,83.12,66.22
2025-12-28,SYY,3.73,82034000000.0,19.9,,0.62,4.319,,,,,,,,,,,,,,,None,12495670000,12495670000,,,,,,None,187339000,,2.1,0.0283,,,,0.0,0.03,772088000,959427000,1.12,2019-06-30,16.18,,15117000000.0,2979192000,682308000,146542000,,,None,89780000,89780000,,None,,,,,535766000,828850000,-89780000,None,0.0418,,2258662000,720530000,,,,,51558000,,,,,1.123,17.2,0.433,,,,,,,,0.0221,,,2025-10-28,quarterly,1.15,USD,pre-market,None,,0.0831,0.835,0.032,169.2,1324410000,,,,76.07,75.39,2.6786,,,,,,,15474862000,,19.9,,83.12,66.22
2025-12-28,SYY,3.73,82034000000.0,19.9,,0.62,4.319,,,,,,,,,,,,,,,None,11903776000,11903776000,,,,,,None,184183000,,2.1,0.0283,,,,0.0,0.03,525465000,709648000,1.12,2019-03-31,16.18,,15117000000.0,2754298000,430951000,-9132000,,,None,94514000,None,,None,,,,,440083000,421819000,-94514000,None,0.0418,,2224713000,529585000,,,,,-4120000,,,,,1.123,17.2,0.433,,,,,,,,0.0221,,,2025-10-28,quarterly,1.15,USD,pre-market,None,,0.0831,0.835,0.032,169.2,2162947000,,,,76.07,75.39,2.6786,,,,,,,14658074000,,19.9,,83.12,66.22
2025-12-28,SYY,3.73,82034000000.0,19.9,,0.62,4.319,,,,,,,,,,,,,,,None,11993995000,11993995000,,,,,,None,204786000,,2.1,0.0283,,,,0.0,0.03,441698000,646484000,1.12,2018-12-31,16.18,,15117000000.0,2771712000,354585000,87205000,,,None,87113000,None,,None,,,,,267380000,441790000,None,None,0.0418,,2319817000,451895000,,,,,-10197000,,,,,1.123,17.2,0.433,,,,,,,,0.0221,,,2025-10-28,quarterly,1.15,USD,pre-market,0,,0.0831,0.835,0.032,169.2,2197212000,,,,76.07,75.39,2.6786,,,,,,,14765707000,,19.9,,83.12,66.22
2025-12-28,SYY,3.73,82034000000.0,19.9,,0.62,4.319,,,,,,,,,,,,,,,None,12311494000,12311494000,,,,,,None,187627000,,2.1,0.0283,,,,0.0,0.03,627008000,814635000,1.12,2018-09-30,16.18,,15117000000.0,2903785000,537992000,106950000,,,None,89016000,None,,None,,,,,431042000,644942000,None,None,0.0418,,2275645000,628140000,,,,,-1132000,,,,,1.123,17.2,0.433,,,,,,,,0.0221,,,2025-10-28,quarterly,1.15,USD,pre-market,0,,0.0831,0.835,0.032,169.2,2243945000,,,,76.07,75.39,2.6786,,,,,,,15215279000,,19.9,,83.12,66.22
2025-12-28,SYY,3.73,82034000000.0,19.9,,0.62,4.319,,,,,,,,,,,,,,,None,12399197000,12399197000,,,,,,None,201766000,,2.1,0.0283,,,,0.0,0.03,685624000,887390000,1.12,2018-06-30,16.18,,15117000000.0,2916709000,593156000,144228000,,,None,92468000,None,,None,,,,,448928000,737384000,None,None,0.0418,,2229042000,687667000,,,,,-2043000,,,,,1.123,17.2,0.433,,,,,,,,0.0221,,,2025-10-28,quarterly,1.15,USD,pre-market,0,,0.0831,0.835,0.032,169.2,1468820000,,,,76.07,75.39,2.6786,,,,,,,15315906000,,19.9,,83.12,66.22
2025-12-28,SYY,3.73,82034000000.0,19.9,,0.62,4.319,,,,,,,,,,,,,,,None,11673876000,11673876000,,,,,,None,193416000,,2.1,0.0283,,,,0.0,0.03,501029000,694445000,1.12,2018-03-31,16.18,,15117000000.0,2675628000,364884000,34799000,,,None,136145000,None,,None,,,,,330085000,399683000,None,None,0.0418,,2193425000,482203000,,,,,15096000,,,,,1.123,17.2,0.433,,,,,,,,0.0221,,,2025-10-28,quarterly,1.15,USD,pre-market,0,,0.0831,0.835,0.032,169.2,2161553000,,,,76.07,75.39,2.6786,,,,,,,14349504000,,19.9,,83.12,66.22
2025-12-28,SYY,3.73,82034000000.0,19.9,,0.62,4.319,,,,,,,,,,,,,,,None,11712104000,11712104000,,,,,,None,190654000,,2.1,0.0283,,,,0.0,0.03,537714000,728368000,1.12,2017-12-31,16.18,,15117000000.0,2699386000,451728000,167615000,,,None,85986000,None,,None,,,,,284113000,619343000,None,None,0.0418,,2170834000,528552000,,,,,5432000,,,,,1.123,17.2,0.433,,,,,,,,0.0221,,,2025-10-28,quarterly,1.15,USD,pre-market,0,,0.0831,0.835,0.032,169.2,2140737000,,,,76.07,75.39,2.6786,,,,,,,14411490000,,19.9,,83.12,66.22
2025-12-28,SYY,3.73,82034000000.0,19.9,,0.62,4.319,,,,,,,,,,,,,,,None,11856756000,11856756000,,,,,,None,179662000,,2.1,0.0283,,,,0.0,0.03,627340000,807002000,1.12,2017-09-30,16.18,,15117000000.0,2793668000,546456000,178816000,,,None,80884000,None,,None,,,,,367640000,725272000,None,None,0.0418,,2174303000,619365000,,,,,4248000,,,,,1.123,17.2,0.433,,,,,,,,0.0221,,,2025-10-28,quarterly,1.15,USD,pre-market,0,,0.0831,0.835,0.032,169.2,2150018000,,,,76.07,75.39,2.6786,,,,,,,14650424000,,19.9,,83.12,66.22
2025-12-28,SYY,3.73,82034000000.0,19.9,,0.62,4.319,,,,,,,,,,,,,,,None,11661455000,11661455000,,,,,,None,234717000,,2.1,0.0283,,,,0.0,0.03,559545000,794262000,1.12,2017-06-30,16.18,,15117000000.0,2759590000,483525000,178354000,,,None,76020000,None,,None,,,,,305171000,661879000,None,None,0.0418,,2201631000,557959000,,,,,1586000,,,,,1.123,17.2,0.433,,,,,,,,0.0221,,,2025-10-28,quarterly,1.15,USD,pre-market,0,,0.0831,0.835,0.032,169.2,1251345000,,,,76.07,75.39,2.6786,,,,,,,14421045000,,19.9,,83.12,66.22
2025-12-28,SYY,3.73,82034000000.0,19.9,,0.62,4.319,,,,,,,,,,,,,,,None,10990037000,10990037000,,,,,,None,218316000,,2.1,0.0283,,,,0.0,0.03,440777000,659093000,1.12,2017-03-31,16.18,,15117000000.0,2534135000,359773000,121495000,,,None,81004000,None,,None,,,,,238278000,481268000,None,None,0.0418,,2098173000,435962000,,,,,4815000,,,,,1.123,17.2,0.433,,,,,,,,0.0221,,,2025-10-28,quarterly,1.15,USD,pre-market,0,,0.0831,0.835,0.032,169.2,2074135000,,,,76.07,75.39,2.6786,,,,,,,13524172000,,19.9,,83.12,66.22
2025-12-28,SYY,3.73,82034000000.0,19.9,,0.62,4.319,,,,,,,,,,,,,,,None,10885405000,10885405000,,,,,,None,237274000,,2.1,0.0283,,,,0.0,0.03,494737000,732011000,1.12,2016-12-31,16.18,,15117000000.0,2571863000,422506000,147339000,,,None,72231000,None,,None,,,,,275167000,569845000,None,None,0.0418,,2079446000,492417000,,,,,2320000,,,,,1.123,17.2,0.433,,,,,,,,0.0221,,,2025-10-28,quarterly,1.15,USD,pre-market,0,,0.0831,0.835,0.032,169.2,2060462000,,,,76.07,75.39,2.6786,,,,,,,13457268000,,19.9,,83.12,66.22
2025-12-28,SYY,3.73,82034000000.0,19.9,,0.62,4.319,,,,,,,,,,,,,,,None,11276735000,11276735000,,,,,,None,211685000,,2.1,0.0283,,,,0.0,0.03,574049000,785734000,1.12,2016-09-30,16.18,,15117000000.0,2691919000,500426000,176539000,,,None,73623000,None,,None,,,,,323887000,676965000,None,None,0.0418,,2125086000,566833000,,,,,7216000,,,,,1.123,17.2,0.433,,,,,,,,0.0221,,,2025-10-28,quarterly,1.15,USD,pre-market,0,,0.0831,0.835,0.032,169.2,2109800000,,,,76.07,75.39,2.6786,,,,,,,13968654000,,19.9,,83.12,66.22
2025-12-28,SYY,3.73,82034000000.0,19.9,,0.62,4.319,,,,,,,,,,,,,,,None,11145053000,11145053000,,,,,,None,202046000,,2.1,0.0283,,,,0.0,0.03,405522000,607568000,1.12,2016-06-30,16.18,,15117000000.0,2502838000,331217000,115550000,,,None,74305000,None,,None,,,,,215667000,446767000,None,None,0.0418,,1956013000,546825000,,,,,-141303000,,,,,1.123,17.2,0.433,,,,,,,,0.0221,,,2025-10-28,quarterly,1.15,USD,pre-market,0,,0.0831,0.835,0.032,169.2,725420000,,,,76.07,75.39,2.6786,,,,,,,13647891000,,19.9,,83.12,66.22
2025-12-28,SYY,3.73,82034000000.0,19.9,,0.62,4.319,,,,,,,,,,,,,,,None,9859966000,9859966000,,,,,,None,179264000,,2.1,0.0283,,,,0.0,0.03,384570000,563834000,1.12,2016-03-31,16.18,,15117000000.0,2142825000,326871000,109735000,,,None,57699000,None,,None,,,,,217136000,436606000,None,None,0.0418,,1765207000,377618000,,,,,6952000,,,,,1.123,17.2,0.433,,,,,,,,0.0221,,,2025-10-28,quarterly,1.15,USD,pre-market,0,,0.0831,0.835,0.032,169.2,1705178000,,,,76.07,75.39,2.6786,,,,,,,12002791000,,19.9,,83.12,66.22
2025-12-28,SYY,3.73,82034000000.0,19.9,,0.62,4.319,,,,,,,,,,,,,,,None,9996812000,9996812000,,,,,,None,145439000,,2.1,0.0283,,,,0.0,0.03,440347000,585786000,1.12,2015-12-31,16.18,,15117000000.0,2156814000,393112000,120713000,,,None,47235000,None,,None,,,,,272399000,513825000,None,None,0.0418,,1724231000,432583000,,,,,7764000,,,,,1.123,17.2,0.433,,,,,,,,0.0221,,,2025-10-28,quarterly,1.15,USD,pre-market,0,,0.0831,0.835,0.032,169.2,889080000,,,,76.07,75.39,2.6786,,,,,,,12153626000,,19.9,,83.12,66.22
2025-12-28,SYY,3.73,82034000000.0,19.9,,0.62,4.319,,,,,,,,,,,,,,,None,10324616000,10324616000,,,,,,None,135961000,,2.1,0.0283,,,,0.0,0.03,508714000,644675000,1.12,2015-09-30,16.18,,15117000000.0,2237995000,381807000,137387000,,,None,126907000,None,,None,,,,,244420000,519194000,None,None,0.0418,,1744521000,493474000,,,,,15240000,,,,,1.123,17.2,0.433,,,,,,,,0.0221,,,2025-10-28,quarterly,1.15,USD,pre-market,0,,0.0831,0.835,0.032,169.2,1731516000,,,,76.07,75.39,2.6786,,,,,,,12562611000,,19.9,,83.12,66.22
2025-12-28,SYY,3.73,82034000000.0,19.9,,0.62,4.319,,,,,,,,,,,,,,,None,10181774000,10181774000,,,,,,None,117122000,,2.1,0.0283,,,,0.0,0.03,146029000,263151000,1.12,2015-06-30,16.18,,15117000000.0,2220164000,68748000,-4278000,,,None,77281000,None,,None,,,,,73026000,715774000,None,None,0.0418,,2099169000,120995000,,,,,25034000,,,,,1.123,17.2,0.433,,,,,,,,0.0221,,,2025-10-28,quarterly,1.15,USD,pre-market,0,,0.0831,0.835,0.032,169.2,889080000,,,,76.07,75.39,2.6786,,,,,,,12401938000,,19.9,,83.12,66.22
2025-12-28,SYY,3.73,82034000000.0,19.9,,0.62,4.319,,,,,,,,,,,,,,,None,9689161000,9689161000,,,,,,None,137187000,,2.1,0.0283,,,,0.0,0.03,335885000,473072000,1.12,2015-03-31,16.18,,15117000000.0,2057498000,266335000,89380000,,,None,69550000,None,,None,,,,,176955000,176955000,None,None,0.0418,,1730190000,327308000,,,,,8577000,,,,,1.123,17.2,0.433,,,,,,,,0.0221,,,2025-10-28,quarterly,1.15,USD,pre-market,0,,0.0831,0.835,0.032,169.2,1680580000,,,,76.07,75.39,2.6786,,,,,,,11746659000,,19.9,,83.12,66.22
2025-12-28,SYY,3.73,82034000000.0,19.9,,0.62,4.319,,,,,,,,,,,,,,,None,10001937000,10001937000,,,,,,None,140659000,,2.1,0.0283,,,,0.0,0.03,313239000,453898000,1.12,2014-12-31,16.18,,15117000000.0,2085137000,236197000,78218000,,,None,77042000,None,,None,,,,,157979000,157979000,None,None,0.0418,,1769691000,315446000,,,,,-2207000,,,,,1.123,17.2,0.433,,,,,,,,0.0221,,,2025-10-28,quarterly,1.15,USD,pre-market,0,,0.0831,0.835,0.032,169.2,1690620000,,,,76.07,75.39,2.6786,,,,,,,12087074000,,19.9,,83.12,66.22
2025-12-28,SYY,3.73,82034000000.0,19.9,,0.62,4.319,,,,,,,,,,,,,,,None,10256364000,10256364000,,,,,,None,133996000,,2.1,0.0283,,,,0.0,0.03,467801000,601797000,1.12,2014-09-30,16.18,,15117000000.0,2188717000,436867000,158054000,,,None,30934000,None,,None,,,,,278813000,278813000,None,None,0.0418,,1723104000,465613000,,,,,2188000,,,,,1.123,17.2,0.433,,,,,,,,0.0221,,,2025-10-28,quarterly,1.15,USD,pre-market,0,,0.0831,0.835,0.032,169.2,1681473000,,,,76.07,75.39,2.6786,,,,,,,12445081000,,19.9,,83.12,66.22
2025-12-28,SYY,3.73,82034000000.0,19.9,,0.62,4.319,,,,,,,,,,,,,,,None,10131136000,10131136000,,,,,,None,146990000,,2.1,0.0283,,,,0.0,0.03,431738000,578728000,1.12,2014-06-30,16.18,,15117000000.0,2155856000,400533000,146362000,,,None,31205000,None,,None,,,,,254171000,254171000,None,None,0.0418,,1731334000,424522000,,,,,7216000,,,,,1.123,17.2,0.433,,,,,,,,0.0221,,,2025-10-28,quarterly,1.15,USD,pre-market,0,,0.0831,0.835,0.032,169.2,974128000,,,,76.07,75.39,2.6786,,,,,,,12286992000,,19.9,,83.12,66.22
2025-12-28,SYY,3.73,82034000000.0,19.9,,0.62,4.319,,,,,,,,,,,,,,,None,9282743000,9282743000,,,,,,None,137925000,,2.1,0.0283,,,,0.0,0.03,328907000,466832000,1.12,2014-03-31,16.18,,15117000000.0,1994741000,296683000,115746000,,,None,32224000,None,,None,,,,,180937000,180937000,None,None,0.0418,,1662116000,332625000,,,,,-3718000,,,,,1.123,17.2,0.433,,,,,,,,0.0221,,,2025-10-28,quarterly,1.15,USD,pre-market,0,,0.0831,0.835,0.032,169.2,1607904000,,,,76.07,75.39,2.6786,,,,,,,11277484000,,19.9,,83.12,66.22
2025-12-28,SYY,3.73,82034000000.0,19.9,,0.62,4.319,,,,,,,,,,,,,,,None,9273018000,9273018000,,,,,,None,137403000,,2.1,0.0283,,,,0.0,0.03,355988000,493391000,1.12,2013-12-31,16.18,,15117000000.0,1964951000,326204000,115369000,,,None,29784000,None,,None,,,,,210835000,210835000,None,None,0.0418,,1613174000,351777000,,,,,4211000,,,,,1.123,17.2,0.433,,,,,,,,0.0221,,,2025-10-28,quarterly,1.15,USD,pre-market,0,,0.0831,0.835,0.032,169.2,1583211000,,,,76.07,75.39,2.6786,,,,,,,11237969000,,19.9,,83.12,66.22
2025-12-28,SYY,3.73,82034000000.0,19.9,,0.62,4.319,,,,,,,,,,,,,,,None,9648780000,9648780000,,,,,,None,133744000,,2.1,0.0283,,,,0.0,0.03,482732000,616476000,1.12,2013-09-30,16.18,,15117000000.0,2065487000,452204000,166614000,,,None,30528000,None,,None,,,,,285590000,285590000,None,None,0.0418,,1587289000,478198000,,,,,4534000,,,,,1.123,17.2,0.433,,,,,,,,0.0221,,,2025-10-28,quarterly,1.15,USD,pre-market,0,,0.0831,0.835,0.032,169.2,1586034000,,,,76.07,75.39,2.6786,,,,,,,11714267000,,19.9,,83.12,66.22
2025-12-28,SYY,3.73,82034000000.0,19.9,,0.62,4.319,,,,,,,,,,,,,,,None,9564894000,9564894000,,,,,,None,132550000,,2.1,0.0283,,,,0.0,0.03,469675000,602225000,1.12,2013-06-30,16.18,,15117000000.0,2036162000,438505000,155462000,,,None,31170000,None,,None,,,,,283043000,283043000,None,None,0.0418,,1576319000,459843000,,,,,9832000,,,,,1.123,17.2,0.433,,,,,,,,0.0221,,,2025-10-28,quarterly,1.15,USD,pre-market,0,,0.0831,0.835,0.032,169.2,1075259000,,,,76.07,75.39,2.6786,,,,,,,11601056000,,19.9,,83.12,66.22
2025-12-28,SYY,3.73,82034000000.0,19.9,,0.62,4.319,,,,,,,,,,,,,,,None,8983889000,8983889000,,,,,,None,130405000,,2.1,0.0283,,,,0.0,0.03,340612000,471017000,1.12,2013-03-31,16.18,,15117000000.0,1942482000,306397000,104980000,,,None,34215000,None,,None,,,,,201417000,201417000,None,None,0.0418,,1605280000,337202000,,,,,3410000,,,,,1.123,17.2,0.433,,,,,,,,0.0221,,,2025-10-28,quarterly,1.15,USD,pre-market,0,,0.0831,0.835,0.032,169.2,1599550000,,,,76.07,75.39,2.6786,,,,,,,10926371000,,19.9,,83.12,66.22
2025-12-28,SYY,3.73,82034000000.0,19.9,,0.62,4.319,,,,,,,,,,,,,,,None,8844780000,8844780000,,,,,,None,128929000,,2.1,0.0283,,,,0.0,0.03,384404000,513333000,1.12,2012-12-31,16.18,,15117000000.0,1952110000,352162000,130793000,,,None,32242000,None,,None,,,,,221369000,221369000,None,None,0.0418,,1569459000,382651000,,,,,1753000,,,,,1.123,17.2,0.433,,,,,,,,0.0221,,,2025-10-28,quarterly,1.15,USD,pre-market,0,,0.0831,0.835,0.032,169.2,1555995000,,,,76.07,75.39,2.6786,,,,,,,10796890000,,19.9,,83.12,66.22
2025-12-28,SYY,3.73,82034000000.0,19.9,,0.62,4.319,,,,,,,,,,,,,,,None,9057121000,9057121000,,,,,,None,120664000,,2.1,0.0283,,,,0.0,0.03,481259000,601923000,1.12,2012-09-30,16.18,,15117000000.0,2029795000,450391000,163793000,,,None,30868000,None,,None,,,,,286598000,286598000,None,None,0.0418,,1551013000,478782000,,,,,2477000,,,,,1.123,17.2,0.433,,,,,,,,0.0221,,,2025-10-28,quarterly,1.15,USD,pre-market,0,,0.0831,0.835,0.032,169.2,1550625000,,,,76.07,75.39,2.6786,,,,,,,11086916000,,19.9,,83.12,66.22
2025-12-28,SYY,3.73,82034000000.0,19.9,,0.62,4.319,,,,,,,,,,,,,,,None,9033671000,9033671000,,,,,,None,111977000,,2.1,0.0283,,,,0.0,0.03,516760000,628737000,1.12,2012-06-30,16.18,,15117000000.0,2011711000,489452000,180183000,,,None,27308000,None,,None,,,,,309269000,0,None,None,0.0418,,1496247000,515464000,,,,,None,,,,,1.123,17.2,0.433,,,,,,,,0.0221,,,2025-10-28,quarterly,1.15,USD,pre-market,0,,0.0831,0.835,0.032,169.2,1489832000,,,,76.07,75.39,2.6786,,,,,,,11045382000,,19.9,,83.12,66.22
2025-12-28,SYY,3.73,82034000000.0,19.9,,0.62,4.319,,,,,,,,,,,,,,,None,8633130000,8633130000,,,,,,None,104242000,,2.1,0.0283,,,,0.0,0.03,441078000,545320000,1.12,2012-03-31,16.18,,15117000000.0,1871616000,412788000,153238000,,,None,28290000,None,,None,,,,,259550000,259550000,None,None,0.0418,,1432786000,438830000,,,,,2248000,,,,,1.123,17.2,0.433,,,,,,,,0.0221,,,2025-10-28,quarterly,1.15,USD,pre-market,0,,0.0831,0.835,0.032,169.2,1432786000,,,,76.07,75.39,2.6786,,,,,,,10504746000,,19.9,,83.12,66.22
2025-12-28,SYY,3.73,82034000000.0,19.9,,0.62,4.319,,,,,,,,,,,,,,,None,8398771000,8398771000,,,,,,None,101083000,,2.1,0.0283,,,,0.0,0.03,430470000,531553000,1.12,2011-12-31,16.18,,15117000000.0,1845650000,402146000,152033000,,,None,28324000,None,,None,,,,,250113000,250113000,None,None,0.0418,,1418652000,426998000,,,,,3472000,,,,,1.123,17.2,0.433,,,,,,,,0.0221,,,2025-10-28,quarterly,1.15,USD,pre-market,0,,0.0831,0.835,0.032,169.2,1418652000,,,,76.07,75.39,2.6786,,,,,,,10244421000,,19.9,,83.12,66.22
2025-12-28,SYY,3.73,82034000000.0,19.9,,0.62,4.319,,,,,,,,,,,,,,,None,8638790000,8638790000,,,,,,None,99641000,,2.1,0.0283,,,,0.0,0.03,509090000,608731000,1.12,2011-09-30,16.18,,15117000000.0,1947600000,479616000,176963000,,,None,29474000,None,,None,,,,,302653000,302653000,None,None,0.0418,,1438260000,509340000,,,,,-250000,,,,,1.123,17.2,0.433,,,,,,,,0.0221,,,2025-10-28,quarterly,1.15,USD,pre-market,0,,0.0831,0.835,0.032,169.2,1438260000,,,,76.07,75.39,2.6786,,,,,,,10586390000,,19.9,,83.12,66.22
2025-12-28,SYY,3.73,82034000000.0,19.9,,0.62,4.319,,,,,,,,,,,,,,,None,8488776000,8488776000,,,,,,None,104281000,,2.1,0.0283,,,,0.0,0.03,565028000,669309000,1.12,2011-06-30,16.18,,15117000000.0,1936927000,534894000,198584000,,,None,30134000,None,,None,,,,,336310000,336310000,None,None,0.0418,,1376177000,560750000,,,,,4278000,,,,,1.123,17.2,0.433,,,,,,,,0.0221,,,2025-10-28,quarterly,1.15,USD,pre-market,0,,0.0831,0.835,0.032,169.2,1393642000,,,,76.07,75.39,2.6786,,,,,,,10425703000,,19.9,,83.12,66.22
2025-12-28,SYY,3.73,82034000000.0,19.9,,0.62,4.319,,,,,,,,,,,,,,,None,7929111000,7929111000,,,,,,None,100077000,,2.1,0.0283,,,,0.0,0.03,434444000,534521000,1.12,2011-03-31,16.18,,15117000000.0,1832549000,405472000,146994000,,,None,28972000,None,,None,,,,,258478000,258478000,None,None,0.0418,,1405062000,427487000,,,,,6957000,,,,,1.123,17.2,0.433,,,,,,,,0.0221,,,2025-10-28,quarterly,1.15,USD,pre-market,0,,0.0831,0.835,0.032,169.2,1405062000,,,,76.07,75.39,2.6786,,,,,,,9761660000,,19.9,,83.12,66.22
2025-12-28,SYY,3.73,82034000000.0,19.9,,0.62,4.319,,,,,,,,,,,,,,,None,7623185000,7623185000,,,,,,None,96516000,,2.1,0.0283,,,,0.0,0.03,438325000,534841000,1.12,2010-12-31,16.18,,15117000000.0,1761667000,410265000,152092000,,,None,28060000,None,,None,,,,,258173000,258173000,None,None,0.0418,,1324642000,437025000,,,,,1300000,,,,,1.123,17.2,0.433,,,,,,,,0.0221,,,2025-10-28,quarterly,1.15,USD,pre-market,0,,0.0831,0.835,0.032,169.2,1324642000,,,,76.07,75.39,2.6786,,,,,,,9384852000,,19.9,,83.12,66.22
2025-12-28,SYY,3.73,82034000000.0,19.9,,0.62,4.319,,,,,,,,,,,,,,,None,7905170000,7905170000,,,,,,None,101714000,,2.1,0.0283,,,,0.0,0.03,507924000,609638000,1.12,2010-09-30,16.18,,15117000000.0,1846104000,476823000,177754000,,,None,31101000,None,,None,,,,,299069000,299069000,None,None,0.0418,,1339864000,506240000,,,,,1684000,,,,,1.123,17.2,0.433,,,,,,,,0.0221,,,2025-10-28,quarterly,1.15,USD,pre-market,0,,0.0831,0.835,0.032,169.2,1339864000,,,,76.07,75.39,2.6786,,,,,,,9751274000,,19.9,,83.12,66.22
2025-12-28,SYY,3.73,82034000000.0,19.9,,0.62,4.319,,,,,,,,,,,,,,,None,8366609000,8366609000,,,,,,None,105763000,,2.1,0.0283,,,,0.0,0.03,581162000,686925000,1.12,2010-06-30,16.18,,15117000000.0,1981868000,548661000,210880000,,,None,32501000,None,,None,,,,,337781000,337781000,None,None,0.0418,,1397782000,584086000,,,,,-912000,,,,,1.123,17.2,0.433,,,,,,,,0.0221,,,2025-10-28,quarterly,1.15,USD,pre-market,0,,0.0831,0.835,0.032,169.2,1397782000,,,,76.07,75.39,2.6786,,,,,,,10348477000,,19.9,,83.12,66.22
2025-12-28,SYY,3.73,82034000000.0,19.9,,0.62,4.319,,,,,,,,,,,,,,,None,7261721000,7261721000,,,,,,None,94785000,,2.1,0.0283,,,,0.0,0.03,431075000,525860000,1.12,2010-03-31,16.18,,15117000000.0,1683372000,403421000,155773000,,,None,27654000,None,,None,,,,,247648000,247648000,None,None,0.0418,,1251269000,432103000,,,,,-1028000,,,,,1.123,17.2,0.433,,,,,,,,0.0221,,,2025-10-28,quarterly,1.15,USD,pre-market,0,,0.0831,0.835,0.032,169.2,1251269000,,,,76.07,75.39,2.6786,,,,,,,8945093000,,19.9,,83.12,66.22
2025-12-28,SYY,3.73,82034000000.0,19.9,,0.62,4.319,,,,,,,,,,,,,,,None,7173612000,7173612000,,,,,,None,95522000,,2.1,0.0283,,,,0.0,0.03,463489000,559011000,1.12,2009-12-31,16.18,,15117000000.0,1694887000,431967000,163618000,,,None,31522000,None,,None,,,,,268349000,268349000,None,None,0.0418,,1232536000,462351000,,,,,1138000,,,,,1.123,17.2,0.433,,,,,,,,0.0221,,,2025-10-28,quarterly,1.15,USD,pre-market,0,,0.0831,0.835,0.032,169.2,1232536000,,,,76.07,75.39,2.6786,,,,,,,8868499000,,19.9,,83.12,66.22
2025-12-28,SYY,3.73,82034000000.0,19.9,,0.62,4.319,,,,,,,,,,,,,,,None,7334067000,7334067000,,,,,,None,93906000,,2.1,0.0283,,,,0.0,0.03,499340000,593246000,1.12,2009-09-30,16.18,,15117000000.0,1747359000,465540000,139335000,,,None,33800000,None,,None,,,,,326205000,326205000,None,None,0.0418,,1250031000,497328000,,,,,None,,,,,1.123,17.2,0.433,,,,,,,,0.0221,,,2025-10-28,quarterly,1.15,USD,pre-market,0,,0.0831,0.835,0.032,169.2,1250031000,,,,76.07,75.39,2.6786,,,,,,,9081426000,,19.9,,83.12,66.22
2025-12-28,SYY,3.73,82034000000.0,19.9,,0.62,4.319,,,,,,,,,,,,,,,None,7324162000,7324162000,,,,,,None,98186000,,2.1,0.0283,,,,0.0,0.03,543667000,641853000,1.12,2009-06-30,16.18,,15117000000.0,1762586000,510388000,195074000,,,None,33279000,None,,None,,,,,315314000,0,None,None,0.0418,,1222314000,540272000,,,,,None,,,,,1.123,17.2,0.433,,,,,,,,0.0221,,,2025-10-28,quarterly,1.15,USD,pre-market,0,,0.0831,0.835,0.032,169.2,1222314000,,,,76.07,75.39,2.6786,,,,,,,9086748000,,19.9,,83.12,66.22
2025-12-28,SYY,3.73,82034000000.0,19.9,,0.62,4.319,,,,,,,,,,,,,,,None,7102274000,7102274000,,,,,,None,93544000,,2.1,0.0283,,,,0.0,0.03,408837000,502381000,1.12,2009-03-31,16.18,,15117000000.0,1637076000,380604000,154438000,,,None,28233000,None,,None,,,,,226166000,0,None,None,0.0418,,1231753000,405323000,,,,,None,,,,,1.123,17.2,0.433,,,,,,,,0.0221,,,2025-10-28,quarterly,1.15,USD,pre-market,0,,0.0831,0.835,0.032,169.2,1231753000,,,,76.07,75.39,2.6786,,,,,,,8739350000,,19.9,,83.12,66.22
2025-12-28,SYY,3.73,82034000000.0,19.9,,0.62,4.319,,,,,,,,,,,,,,,None,7399690000,7399690000,,,,,,None,96258000,,2.1,0.0283,,,,0.0,0.03,427087000,523345000,1.12,2008-12-31,16.18,,15117000000.0,1750113000,398687000,161033000,,,None,28400000,None,,None,,,,,237654000,0,None,None,0.0418,,1328249000,421864000,,,,,None,,,,,1.123,17.2,0.433,,,,,,,,0.0221,,,2025-10-28,quarterly,1.15,USD,pre-market,0,,0.0831,0.835,0.032,169.2,1328249000,,,,76.07,75.39,2.6786,,,,,,,9149803000,,19.9,,83.12,66.22
2025-12-28,SYY,3.73,82034000000.0,19.9,,0.62,4.319,,,,,,,,,,,,,,,None,7990873000,7990873000,,,,,,None,94351000,,2.1,0.0283,,,,0.0,0.03,507565000,601916000,1.12,2008-09-30,16.18,,15117000000.0,1886556000,481155000,204341000,,,None,26410000,None,,None,,,,,276814000,0,None,None,0.0418,,1381804000,504752000,,,,,None,,,,,1.123,17.2,0.433,,,,,,,,0.0221,,,2025-10-28,quarterly,1.15,USD,pre-market,0,,0.0831,0.835,0.032,169.2,1381804000,,,,76.07,75.39,2.6786,,,,,,,9877429000,,19.9,,83.12,66.22
2025-12-28,SYY,3.73,82034000000.0,19.9,,0.62,4.319,,,,,,,,,,,,,,,None,7828791000,7828791000,,,,,,None,96782000,,2.1,0.0283,,,,0.0,0.03,558660000,655442000,1.12,2008-06-30,16.18,,15117000000.0,1901414000,535419000,201306000,,,None,27511000,None,,None,,,,,334113000,0,None,None,0.0418,,1342754000,558660000,,,,,None,,,,,1.123,17.2,0.433,,,,,,,,0.0221,,,2025-10-28,quarterly,1.15,USD,pre-market,0,,0.0831,0.835,0.032,169.2,1342754000,,,,76.07,75.39,2.6786,,,,,,,9730205000,,19.9,,83.12,66.22
2025-12-28,SYY,3.73,82034000000.0,19.9,,0.62,4.319,,,,,,,,,,,,,,,None,7412036000,7412036000,,,,,,None,95107000,,2.1,0.0283,,,,0.0,0.03,424929000,520036000,1.12,2008-03-31,16.18,,15117000000.0,1734521000,396185000,155284000,,,None,28744000,None,,None,,,,,240901000,0,None,None,0.0418,,1316877000,417644000,,,,,None,,,,,1.123,17.2,0.433,,,,,,,,0.0221,,,2025-10-28,quarterly,1.15,USD,pre-market,0,,0.0831,0.835,0.032,169.2,1316877000,,,,76.07,75.39,2.6786,,,,,,,9146557000,,19.9,,83.12,66.22
2025-12-28,SYY,3.73,82034000000.0,19.9,,0.62,4.319,,,,,,,,,,,,,,,None,7471725000,7471725000,,,,,,None,90184000,,2.1,0.0283,,,,0.0,0.03,457355000,547539000,1.12,2007-12-31,16.18,,15117000000.0,1767780000,428440000,164292000,,,None,28915000,None,,None,,,,,264148000,0,None,None,0.0418,,1318768000,449012000,,,,,None,,,,,1.123,17.2,0.433,,,,,,,,0.0221,,,2025-10-28,quarterly,1.15,USD,pre-market,0,,0.0831,0.835,0.032,169.2,1318768000,,,,76.07,75.39,2.6786,,,,,,,9239505000,,19.9,,83.12,66.22
2025-12-28,SYY,3.73,82034000000.0,19.9,,0.62,4.319,,,,,,,,,,,,,,,None,7614702000,7614702000,,,,,,None,90456000,,2.1,0.0283,,,,0.0,0.03,457665000,548121000,1.12,2007-09-30,16.18,,15117000000.0,1791142000,431294000,164305000,,,None,26371000,None,,None,,,,,266989000,0,None,None,0.0418,,1336509000,454633000,,,,,None,,,,,1.123,17.2,0.433,,,,,,,,0.0221,,,2025-10-28,quarterly,1.15,USD,pre-market,0,,0.0831,0.835,0.032,169.2,1336509000,,,,76.07,75.39,2.6786,,,,,,,9405844000,,19.9,,83.12,66.22
2025-12-28,SYY,3.73,82034000000.0,19.9,,0.62,4.319,,,,,,,,,,,,,,,None,7427621000,7427621000,,,,,,None,92323000,,2.1,0.0283,,,,0.0,0.03,509483000,601806000,1.12,2007-06-30,16.18,,15117000000.0,1800673000,486739000,183348000,,,None,105002000,None,,None,,,,,303391000,0,None,None,0.0418,,1291190000,509483000,,,,,None,,,,,1.123,17.2,0.433,,,,,,,,0.0221,,,2025-10-28,quarterly,1.15,USD,pre-market,0,,0.0831,0.835,0.032,169.2,1291190000,,,,76.07,75.39,2.6786,,,,,,,9228294000,,19.9,,83.12,66.22
2025-12-28,SYY,3.73,82034000000.0,19.9,,0.62,4.319,,,,,,,,,,,,,,,None,6938867000,6938867000,,,,,,None,91365000,,2.1,0.0283,,,,0.0,0.03,384143000,475508000,1.12,2007-03-31,16.18,,15117000000.0,1634094000,360979000,139980000,,,None,25766000,None,,None,,,,,220999000,0,None,None,0.0418,,1249951000,384143000,,,,,None,,,,,1.123,17.2,0.433,,,,,,,,0.0221,,,2025-10-28,quarterly,1.15,USD,pre-market,0,,0.0831,0.835,0.032,169.2,1249951000,,,,76.07,75.39,2.6786,,,,,,,8572961000,,19.9,,83.12,66.22
2025-12-28,SYY,3.73,82034000000.0,19.9,,0.62,4.319,,,,,,,,,,,,,,,None,6915259000,6915259000,,,,,,None,88811000,,2.1,0.0283,,,,0.0,0.03,425897000,514708000,1.12,2006-12-31,16.18,,15117000000.0,1653489000,397891000,151353000,,,None,28006000,None,,None,,,,,246538000,0,None,None,0.0418,,1230967000,412670000,,,,,None,,,,,1.123,17.2,0.433,,,,,,,,0.0221,,,2025-10-28,quarterly,1.15,USD,pre-market,0,,0.0831,0.835,0.032,169.2,1230967000,,,,76.07,75.39,2.6786,,,,,,,8568748000,,19.9,,83.12,66.22
2025-12-28,SYY,3.73,82034000000.0,19.9,,0.62,4.319,,,,,,,,,,,,,,,None,7002856000,7002856000,,,,,,None,90060000,,2.1,0.0283,,,,0.0,0.03,381901000,471961000,1.12,2006-09-30,16.18,,15117000000.0,1669216000,374211000,145458000,,,None,109100000,None,,None,,,,,189018000,0,None,None,0.0418,,1278277000,390939000,,,,,None,,,,,1.123,17.2,0.433,,,,,,,,0.0221,,,2025-10-28,quarterly,1.15,USD,pre-market,0,,0.0831,0.835,0.032,169.2,1278277000,,,,76.07,75.39,2.6786,,,,,,,8672072000,,19.9,,83.12,66.22
2025-12-28,SYY,3.73,82034000000.0,19.9,,0.62,4.319,,,,,,,,,,,,,,,None,6819459000,6819459000,,,,,,None,93107000,,2.1,0.0283,,,,0.0,0.03,434712000,527819000,1.12,2006-06-30,16.18,,15117000000.0,1689618000,409388000,155279000,,,None,109100000,None,,None,,,,,254109000,0,None,None,0.0418,,1254906000,434712000,,,,,None,,,,,1.123,17.2,0.433,,,,,,,,0.0221,,,2025-10-28,quarterly,1.15,USD,pre-market,0,,0.0831,0.835,0.032,169.2,1254906000,,,,76.07,75.39,2.6786,,,,,,,8509077000,,19.9,,83.12,66.22
2025-12-28,SYY,3.73,82034000000.0,19.9,,0.62,4.319,,,,,,,,,,,,,,,None,6602102000,6602102000,,,,,,None,82397000,,2.1,0.0283,,,,0.0,0.03,342444000,424841000,1.12,2006-03-31,16.18,,15117000000.0,1535714000,313822000,125283000,,,None,80914000,None,,None,,,,,188539000,0,None,None,0.0418,,1193270000,342444000,,,,,None,,,,,1.123,17.2,0.433,,,,,,,,0.0221,,,2025-10-28,quarterly,1.15,USD,pre-market,0,,0.0831,0.835,0.032,169.2,1193270000,,,,76.07,75.39,2.6786,,,,,,,8137816000,,19.9,,83.12,66.22
2025-12-28,SYY,3.73,82034000000.0,19.9,,0.62,4.319,,,,,,,,,,,,,,,None,6434753000,6434753000,,,,,,None,84502000,,2.1,0.0283,,,,0.0,0.03,364839000,449341000,1.12,2005-12-31,16.18,,15117000000.0,1536308000,337832000,133650000,,,None,29227000,None,,None,,,,,204182000,0,None,None,0.0418,,1171469000,364839000,,,,,None,,,,,1.123,17.2,0.433,,,,,,,,0.0221,,,2025-10-28,quarterly,1.15,USD,pre-market,0,,0.0831,0.835,0.032,169.2,1171469000,,,,76.07,75.39,2.6786,,,,,,,7971061000,,19.9,,83.12,66.22
2025-12-28,SYY,3.73,82034000000.0,19.9,,0.62,4.319,,,,,,,,,,,,,,,None,6480793000,6480793000,,,,,,None,85056000,,2.1,0.0283,,,,0.0,0.03,353035000,438091000,1.12,2005-09-30,16.18,,15117000000.0,1529691000,333904000,134694000,,,None,22246000,None,,None,,,,,208495000,0,None,None,0.0418,,1176656000,353035000,,,,,None,,,,,1.123,17.2,0.433,,,,,,,,0.0221,,,2025-10-28,quarterly,1.15,USD,pre-market,0,,0.0831,0.835,0.032,169.2,1176656000,,,,76.07,75.39,2.6786,,,,,,,8010484000,,19.9,,83.12,66.22
2025-12-28,SYY,3.73,82034000000.0,19.9,,0.62,4.319,,,,,,,,,,,,,,,None,66401000000,66401000000,,,,,,None,1086000000,,2.1,0.0283,,,,0.0,0.03,3050000000,4136000000,1.12,2025-06-30,16.18,,15117000000.0,14969000000,2415000000,587000000,,,None,635000000,635000000,,None,,,,,1828000000,1828000000,-635000000,None,0.0418,,11881000000,3088000000,,,,,None,,,,,1.123,17.2,0.433,,,,,,,,0.0221,,,2025-10-28,annual,1.15,USD,pre-market,None,,0.0831,0.835,0.032,169.2,6840000000,,,,76.07,75.39,2.6786,,,,,,,81370000000,,19.9,,83.12,66.22
2025-12-28,SYY,3.73,82034000000.0,19.9,,0.62,4.319,,,,,,,,,,,,,,,None,64236000000,64236000000,,,,,,None,997000000,,2.1,0.0283,,,,0.0,0.03,3172000000,4169000000,1.12,2024-06-30,16.18,,15117000000.0,14608000000,2565000000,610000000,,,None,607000000,607000000,,None,,,,,1955000000,1955000000,-607000000,None,0.0418,,11406000000,3202000000,,,,,None,,,,,1.123,17.2,0.433,,,,,,,,0.0221,,,2025-10-28,annual,1.15,USD,pre-market,None,,0.0831,0.835,0.032,169.2,6757000000,,,,76.07,75.39,2.6786,,,,,,,78844000000,,19.9,,83.12,66.22
2025-12-28,SYY,3.73,82034000000.0,19.9,,0.62,4.319,,,,,,,,,,,,,,,None,62370000000,62370000000,,,,,,None,889000000,,2.1,0.0283,,,,0.0,0.03,2812000000,3701000000,1.12,2023-06-30,16.18,,15117000000.0,13955000000,2285000000,515000000,,,None,527000000,526752000,,None,,,,,1770000000,1770124000,-526752000,None,0.0418,,10916000000,3039000000,,,,,-226442000,,,,,1.123,17.2,0.433,,,,,,,,0.0221,,,2025-10-28,annual,1.15,USD,pre-market,None,,0.0831,0.835,0.032,169.2,6770000000,,,,76.07,75.39,2.6786,,,,,,,76325000000,,19.9,,83.12,66.22
2025-12-28,SYY,3.73,82034000000.0,19.9,,0.62,4.319,,,,,,,,,,,,,,,None,56316000000,56316000000,,,,,,None,881000000,,2.1,0.0283,,,,0.0,0.03,2371000000,3252000000,1.12,2022-06-30,16.18,,15117000000.0,12320000000,1747000000,388000000,,,None,624000000,623643000,,None,,,,,1359000000,1358768000,-623643000,None,0.0418,,9974000000,2346000000,,,,,31381000,,,,,1.123,17.2,0.433,,,,,,,,0.0221,,,2025-10-28,annual,1.15,USD,pre-market,None,,0.0831,0.835,0.032,169.2,5884725000,,,,76.07,75.39,2.6786,,,,,,,68636000000,,19.9,,83.12,66.22
2025-12-28,SYY,3.73,82034000000.0,19.9,,0.62,4.319,,,,,,,,,,,,,,,None,41941094000,41941094000,,,,,,None,851822000,,2.1,0.0283,,,,0.0,0.03,1464865000,2316687000,1.12,2021-06-30,16.18,,15117000000.0,9356749000,584728000,60519000,,,None,880137000,880137000,,None,,,,,524209000,524209000,-880137000,None,0.0418,,7909561000,1447188000,,,,,27623000,,,,,1.123,17.2,0.433,,,,,,,,0.0221,,,2025-10-28,annual,1.15,USD,pre-market,None,,0.0831,0.835,0.032,169.2,4033310000,,,,76.07,75.39,2.6786,,,,,,,51297843000,,19.9,,83.12,66.22
2025-12-28,SYY,3.73,82034000000.0,19.9,,0.62,4.319,,,,,,,,,,,,,,,None,42991646000,42991646000,,,,,,None,914141000,,2.1,0.0283,,,,0.0,0.03,701604000,1615745000,1.12,2020-06-30,16.18,,15117000000.0,9901664000,293384000,77909000,,,None,408220000,408220000,,None,,,,,215475000,215475000,-408220000,None,0.0418,,9152159000,749505000,,,,,-47901000,,,,,1.123,17.2,0.433,,,,,,,,0.0221,,,2025-10-28,annual,1.15,USD,pre-market,None,,0.0831,0.835,0.032,169.2,5958930000,,,,76.07,75.39,2.6786,,,,,,,52893310000,,19.9,,83.12,66.22
2025-12-28,SYY,3.73,82034000000.0,19.9,,0.62,4.319,,,,,,,,,,,,,,,None,48704935000,48704935000,,,,,,None,763935000,,2.1,0.0283,,,,0.0,0.03,2366259000,3130194000,1.12,2019-06-30,16.18,,15117000000.0,11408987000,2005836000,331565000,,,None,360423000,360423000,,None,,,,,1674271000,2337401000,-360423000,None,0.0418,,9078837000,2330150000,,,,,36109000,,,,,1.123,17.2,0.433,,,,,,,,0.0221,,,2025-10-28,annual,1.15,USD,pre-market,None,,0.0831,0.835,0.032,169.2,4759317000,,,,76.07,75.39,2.6786,,,,,,,60113922000,,19.9,,83.12,66.22
2025-12-28,SYY,3.73,82034000000.0,19.9,,0.62,4.319,,,,,,,,,,,,,,,None,47641933000,47641933000,,,,,,None,765498000,,2.1,0.0283,,,,0.0,0.03,2351707000,3117205000,1.12,2018-06-30,16.18,,15117000000.0,11085391000,1956224000,525458000,,,None,395483000,395483000,,None,,,,,1430766000,2481682000,-395483000,None,0.0418,,8771335000,2314056000,,,,,22733000,,,,,1.123,17.2,0.433,,,,,,,,0.0221,,,2025-10-28,annual,1.15,USD,pre-market,0,,0.0831,0.835,0.032,169.2,5135275000,,,,76.07,75.39,2.6786,,,,,,,58727324000,,19.9,,83.12,66.22
2025-12-28,SYY,3.73,82034000000.0,19.9,,0.62,4.319,,,,,,,,,,,,,,,None,44813632000,44813632000,,,,,,None,901992000,,2.1,0.0283,,,,0.0,0.03,2069108000,2971100000,1.12,2017-06-30,16.18,,15117000000.0,10557507000,1766230000,623727000,,,None,302878000,302878000,,None,,,,,1142503000,2389957000,-302878000,None,0.0418,,8502891000,2054616000,,,,,15937000,,,,,1.123,17.2,0.433,,,,,,,,0.0221,,,2025-10-28,annual,1.15,USD,pre-market,0,,0.0831,0.835,0.032,169.2,5104290999,,,,76.07,75.39,2.6786,,,,,,,55371139000,,19.9,,83.12,66.22
2025-12-28,SYY,3.73,82034000000.0,19.9,,0.62,4.319,,,,,,,,,,,,,,,None,41326447000,41326447000,,,,,,None,662710000,,2.1,0.0283,,,,0.0,0.03,1739153000,2401863000,1.12,2016-06-30,16.18,,15117000000.0,9040472000,1433007000,483385000,,,None,306146000,306146000,,None,,,,,949622000,1916392000,-306146000,None,0.0418,,7189972000,1850500000,,,,,-111347000,,,,,1.123,17.2,0.433,,,,,,,,0.0221,,,2025-10-28,annual,1.15,USD,pre-market,0,,0.0831,0.835,0.032,169.2,4431224000,,,,76.07,75.39,2.6786,,,,,,,50366919000,,19.9,,83.12,66.22
2025-12-28,SYY,3.73,82034000000.0,19.9,,0.62,4.319,,,,,,,,,,,,,,,None,40129236000,40129236000,,,,,,None,553021000,,2.1,0.0283,,,,0.0,0.03,1262954000,1815975000,1.12,2015-06-30,16.18,,15117000000.0,8551516000,1008147000,321374000,,,None,254807000,254807000,,None,,,,,686773000,1329521000,None,None,0.0418,,7322154000,1229362000,,,,,33592000,,,,,1.123,17.2,0.433,,,,,,,,0.0221,,,2025-10-28,annual,1.15,USD,pre-market,0,,0.0831,0.835,0.032,169.2,4159686000,,,,76.07,75.39,2.6786,,,,,,,48680752000,,19.9,,83.12,66.22
2025-12-28,SYY,3.73,82034000000.0,19.9,,0.62,4.319,,,,,,,,,,,,,,,None,38335677000,38335677000,,,,,,None,547776000,,2.1,0.0283,,,,0.0,0.03,1599365000,2147141000,1.12,2014-06-30,16.18,,15117000000.0,8181035000,1475624000,544091000,,,None,123741000,None,,None,,,,,931533000,931533000,None,None,0.0418,,6593913000,1587122000,,,,,12243000,,,,,1.123,17.2,0.433,,,,,,,,0.0221,,,2025-10-28,annual,1.15,USD,pre-market,0,,0.0831,0.835,0.032,169.2,3847405000,,,,76.07,75.39,2.6786,,,,,,,46516712000,,19.9,,83.12,66.22
2025-12-28,SYY,3.73,82034000000.0,19.9,,0.62,4.319,,,,,,,,,,,,,,,None,36414626000,36414626000,,,,,,None,510061000,,2.1,0.0283,,,,0.0,0.03,1675950000,2186011000,1.12,2013-06-30,16.18,,15117000000.0,7996607000,1547455000,555028000,,,None,128495000,None,,None,,,,,992427000,992427000,None,None,0.0418,,6338129000,1658478000,,,,,17472000,,,,,1.123,17.2,0.433,,,,,,,,0.0221,,,2025-10-28,annual,1.15,USD,pre-market,0,,0.0831,0.835,0.032,169.2,3412914000,,,,76.07,75.39,2.6786,,,,,,,44411233000,,19.9,,83.12,66.22
2025-12-28,SYY,3.73,82034000000.0,19.9,,0.62,4.319,,,,,,,,,,,,,,,None,34601665000,34601665000,,,,,,None,416943000,,2.1,0.0283,,,,0.0,0.03,1897398000,2314341000,1.12,2012-06-30,16.18,,15117000000.0,7779274000,1784002000,662417000,,,None,113396000,None,,None,,,,,1121585000,None,None,None,0.0418,,5888642000,1890632000,,,,,None,,,,,1.123,17.2,0.433,,,,,,,,0.0221,,,2025-10-28,annual,1.15,USD,pre-market,0,,0.0831,0.835,0.032,169.2,5779530000,,,,76.07,75.39,2.6786,,,,,,,42380939000,,19.9,,83.12,66.22
2025-12-28,SYY,3.73,82034000000.0,19.9,,0.62,4.319,,,,,,,,,,,,,,,None,31928777000,31928777000,,,,,,None,402588000,,2.1,0.0283,,,,0.0,0.03,1945721000,2348309000,1.12,2011-06-30,16.18,,15117000000.0,7394712000,1827454000,675424000,,,None,118267000,None,,None,,,,,1152030000,1152030000,None,None,0.0418,,5463210000,1931502000,,,,,14219000,,,,,1.123,17.2,0.433,,,,,,,,0.0221,,,2025-10-28,annual,1.15,USD,pre-market,0,,0.0831,0.835,0.032,169.2,5389646000,,,,76.07,75.39,2.6786,,,,,,,39323489000,,19.9,,83.12,66.22
2025-12-28,SYY,3.73,82034000000.0,19.9,,0.62,4.319,,,,,,,,,,,,,,,None,30055188000,30055188000,,,,,,None,389976000,,2.1,0.0283,,,,0.0,0.03,1975066000,2365042000,1.12,2010-06-30,16.18,,15117000000.0,7188307000,1849589000,669606000,,,None,125477000,None,,None,,,,,1179983000,1179983000,None,None,0.0418,,5212439000,1975868000,,,,,-802000,,,,,1.123,17.2,0.433,,,,,,,,0.0221,,,2025-10-28,annual,1.15,USD,pre-market,0,,0.0831,0.835,0.032,169.2,5131618000,,,,76.07,75.39,2.6786,,,,,,,37243495000,,19.9,,83.12,66.22
2025-12-28,SYY,3.73,82034000000.0,19.9,,0.62,4.319,,,,,,,,,,,,,,,None,29816999000,29816999000,,,,,,None,382339000,,2.1,0.0283,,,,0.0,0.03,1887156000,2269495000,1.12,2009-06-30,16.18,,15117000000.0,7036331000,1770834000,714886000,,,None,116322000,None,,None,,,,,1055948000,None,None,None,0.0418,,5164120000,1872211000,,,,,None,,,,,1.123,17.2,0.433,,,,,,,,0.0221,,,2025-10-28,annual,1.15,USD,pre-market,None,,0.0831,0.835,0.032,169.2,5164120000,,,,76.07,75.39,2.6786,,,,,,,36853330000,,19.9,,83.12,66.22
2025-12-28,SYY,3.73,82034000000.0,19.9,,0.62,4.319,,,,,,,,,,,,,,,None,30327254000,30327254000,,,,,,None,372529000,,2.1,0.0283,,,,0.0,0.03,1902879000,2275408000,1.12,2008-06-30,16.18,,15117000000.0,7194857000,1791338000,685187000,,,None,111541000,None,,None,,,,,1106151000,None,None,None,0.0418,,5314908000,1879949000,,,,,None,,,,,1.123,17.2,0.433,,,,,,,,0.0221,,,2025-10-28,annual,1.15,USD,pre-market,None,,0.0831,0.835,0.032,169.2,5314908000,,,,76.07,75.39,2.6786,,,,,,,37522111000,,19.9,,83.12,66.22
2025-12-28,SYY,3.73,82034000000.0,19.9,,0.62,4.319,,,,,,,,,,,,,,,None,28284603000,28284603000,,,,,,None,362559000,,2.1,0.0283,,,,0.0,0.03,1708482000,2071041000,1.12,2007-06-30,16.18,,15117000000.0,6757472000,1621215000,620139000,,,None,105002000,None,,None,,,,,1001076000,None,None,None,0.0418,,5048990000,1708482000,,,,,None,,,,,1.123,17.2,0.433,,,,,,,,0.0221,,,2025-10-28,annual,1.15,USD,pre-market,None,,0.0831,0.835,0.032,169.2,5048990000,,,,76.07,75.39,2.6786,,,,,,,35042075000,,19.9,,83.12,66.22
2025-12-28,SYY,3.73,82034000000.0,19.9,,0.62,4.319,,,,,,,,,,,,,,,None,26337107000,26337107000,,,,,,None,345062000,,2.1,0.0283,,,,0.0,0.03,1495030000,1840092000,1.12,2006-06-30,16.18,,15117000000.0,6291331000,1394946000,548906000,,,None,0,None,,None,,,,,855325000,None,None,None,0.0418,,4796301000,1495030000,,,,,None,,,,,1.123,17.2,0.433,,,,,,,,0.0221,,,2025-10-28,annual,1.15,USD,pre-market,None,,0.0831,0.835,0.032,169.2,4796301000,,,,76.07,75.39,2.6786,,,,,,,32628438000,,19.9,,83.12,66.22
2025-12-28,SYY,3.73,82034000000.0,19.9,None,0.62,4.319,,1228000000,844000000,844000000,,,,,,,,,765000000,478550394,None,26337107000,26337107000,6492000000,None,1894000000,5800000000,None,None,345062000,,2.1,0.0283,,,,0.0,0.03,1495030000,1840092000,1.12,2025-09-30,16.18,5190000000,15117000000.0,6291331000,1394946000,548906000,1043000000,1043000000,None,0,None,5377000000,None,None,11459000000,None,None,855325000,None,None,None,0.0418,,4796301000,1495030000,391000000,2166000000,None,1226000000,None,,,,,1.123,17.2,0.433,,,,,,,,0.0221,,7108000000,2025-10-28,quarterly,1.15,USD,pre-market,None,13262000000,0.0831,0.835,0.032,169.2,4796301000,14581000000,2035000000,None,76.07,75.39,2.6786,27044000000,12412000000,10810000000,24933000000,14632000000,14123000000,32628438000,2067000000,19.9,None,83.12,66.22
2025-12-28,SYY,3.73,82034000000.0,19.9,None,0.62,4.319,,1185000000,1071000000,1071000000,,,,,,,,,765000000,480365666,None,26337107000,26337107000,6512000000,None,949000000,5506000000,None,None,345062000,,2.1,0.0283,,,,0.0,0.03,1495030000,1840092000,1.12,2025-06-30,16.18,5231000000,15117000000.0,6291331000,1394946000,548906000,1080000000,1080000000,None,0,None,5053000000,None,None,12360000000,None,None,855325000,None,None,None,0.0418,,4796301000,1495030000,338000000,2268000000,None,1247000000,None,,,,,1.123,17.2,0.433,,,,,,,,0.0221,,7215000000,2025-10-28,quarterly,1.15,USD,pre-market,None,13061000000,0.0831,0.835,0.032,169.2,4796301000,14494000000,1085000000,None,76.07,75.39,2.6786,26774000000,11968000000,9916000000,24917000000,14806000000,15001000000,32628438000,1830000000,19.9,None,83.12,66.22
2025-12-28,SYY,3.73,82034000000.0,19.9,None,0.62,4.319,,1143000000,1527000000,1527000000,,,,,,,,,765000000,489331460,None,26337107000,26337107000,6183000000,None,1232000000,5487000000,None,None,345062000,,2.1,0.0283,,,,0.0,0.03,1495030000,1840092000,1.12,2025-03-31,16.18,5199000000,15117000000.0,6291331000,1394946000,548906000,1100000000,1100000000,None,0,None,4893000000,None,None,12234000000,None,None,855325000,None,None,None,0.0418,,4796301000,1495030000,375000000,2147000000,None,1081000000,None,,,,,1.123,17.2,0.433,,,,,,,,0.0221,,6815000000,2025-10-28,quarterly,1.15,USD,pre-market,None,12792000000,0.0831,0.835,0.032,169.2,4796301000,14609000000,1365000000,None,76.07,75.39,2.6786,26347000000,12282000000,9735000000,24402000000,14065000000,14667000000,32628438000,1922000000,19.9,None,83.12,66.22
2025-12-28,SYY,3.73,82034000000.0,19.9,None,0.62,4.319,,1075000000,793000000,793000000,,,,,,,,,765000000,492803849,None,26337107000,26337107000,5842000000,None,1222000000,5320000000,None,None,345062000,,2.1,0.0283,,,,0.0,0.03,1495030000,1840092000,1.12,2024-12-31,16.18,5144000000,15117000000.0,6291331000,1394946000,548906000,1119000000,1119000000,None,0,None,5050000000,None,None,11393000000,None,None,855325000,None,None,None,0.0418,,4796301000,1495030000,338000000,2224000000,None,1056000000,None,,,,,1.123,17.2,0.433,,,,,,,,0.0221,,6620000000,2025-10-28,quarterly,1.15,USD,pre-market,None,12649000000,0.0831,0.835,0.032,169.2,4796301000,13690000000,1347000000,None,76.07,75.39,2.6786,25318000000,11501000000,9553000000,23289000000,13817000000,13736000000,32628438000,2014000000,19.9,None,83.12,66.22
2025-12-28,SYY,3.73,82034000000.0,19.9,None,0.62,4.319,,1054000000,733000000,733000000,,,,,,,,,765000000,493785973,None,26337107000,26337107000,6374000000,None,487000000,5800000000,None,None,345062000,,2.1,0.0283,,,,0.0,0.03,1495030000,1840092000,1.12,2024-09-30,16.18,5253000000,15117000000.0,6291331000,1394946000,548906000,1169000000,1169000000,None,0,None,4991000000,None,None,11869000000,None,None,855325000,None,None,None,0.0418,,4796301000,1495030000,351000000,2141000000,None,1115000000,None,,,,,1.123,17.2,0.433,,,,,,,,0.0221,,6566000000,2025-10-28,quarterly,1.15,USD,pre-market,None,12498000000,0.0831,0.835,0.032,169.2,4796301000,13410000000,613000000,None,76.07,75.39,2.6786,25880000000,11875000000,9399000000,23644000000,14005000000,14245000000,32628438000,2207000000,19.9,None,83.12,66.22
2025-12-28,SYY,3.73,82034000000.0,19.9,None,0.62,4.319,,963000000,696000000,696000000,,,,,,,,,765000000,497464115,None,26337107000,26337107000,6290000000,None,469000000,5346000000,None,None,345062000,,2.1,0.0283,,,,0.0,0.03,1495030000,1840092000,1.12,2024-06-30,16.18,5153000000,15117000000.0,6291331000,1394946000,548906000,1188000000,1188000000,None,0,None,4678000000,None,None,11513000000,None,None,855325000,None,None,None,0.0418,,4796301000,1495030000,323000000,2226000000,None,1089000000,None,,,,,1.123,17.2,0.433,,,,,,,,0.0221,,None,2025-10-28,quarterly,1.15,USD,pre-market,None,12260000000,0.0831,0.835,0.032,169.2,4796301000,12945000000,594000000,None,76.07,75.39,2.6786,24917000000,11043000000,9241000000,23026000000,13874000000,13785000000,32628438000,1860000000,19.9,None,83.12,66.22
2025-12-28,SYY,3.73,82034000000.0,19.9,None,0.62,4.319,,913991000,598322000,598322000,,,,,,,,,765175000,501921446,None,26337107000,26337107000,5869479000,None,93225000,5562518000,None,None,345062000,,2.1,0.0283,,,,0.0,0.03,1495030000,1840092000,1.12,2024-03-31,16.18,5220989000,15117000000.0,6291331000,1394946000,548906000,1136869000,1136869000,None,0,None,4733966000,None,None,12113205000,None,None,855325000,None,None,None,0.0418,,4796301000,1495030000,310069000,2246595000,None,995420000,None,,,,,1.123,17.2,0.433,,,,,,,,0.0221,,None,2025-10-28,quarterly,1.15,USD,pre-market,None,11898772000,0.0831,0.835,0.032,169.2,4796301000,13120421000,216209000,None,76.07,75.39,2.6786,24712340000,11204875000,8366271000,22578830000,13507465000,14212559000,32628438000,2100953000,19.9,None,83.12,66.22
2025-12-28,SYY,3.73,82034000000.0,19.9,None,0.62,4.319,,856751000,962165000,962165000,,,,,,,,,765175000,505929342,None,26337107000,26337107000,5737726000,None,84513000,5297367000,None,None,345062000,,2.1,0.0283,,,,0.0,0.03,1495030000,1840092000,1.12,2023-12-31,16.18,5255010000,15117000000.0,6291331000,1394946000,548906000,1174151000,1174151000,None,0,None,4722499000,None,None,12028122000,None,None,855325000,None,None,None,0.0418,,4796301000,1495030000,327569000,2266062000,None,979376000,None,,,,,1.123,17.2,0.433,,,,,,,,0.0221,,None,2025-10-28,quarterly,1.15,USD,pre-market,None,11724251000,0.0831,0.835,0.032,169.2,4796301000,12969386000,203910000,None,76.07,75.39,2.6786,24740601000,11309600000,8254470000,22303200000,13431001000,14048730000,32628438000,2404034000,19.9,None,83.12,66.22
2025-12-28,SYY,3.73,82034000000.0,19.9,None,0.62,4.319,,805386000,569104000,569104000,,,,,,,,,765175000,507069435,None,26337107000,26337107000,5796398000,None,188978000,5344514000,None,None,345062000,,2.1,0.0283,,,,0.0,0.03,1495030000,1840092000,1.12,2023-09-30,16.18,4719385000,15117000000.0,6291331000,1394946000,548906000,874902000,874902000,None,0,None,4648610000,None,None,10703873000,None,None,855325000,None,None,None,0.0418,,4796301000,1495030000,333486000,2176934000,None,958614000,None,,,,,1.123,17.2,0.433,,,,,,,,0.0221,,5795404000,2025-10-28,quarterly,1.15,USD,pre-market,None,11560924000,0.0831,0.835,0.032,169.2,4796301000,11698237000,298647000,None,76.07,75.39,2.6786,23272751000,10895714000,8454164000,21112402000,12377037000,12658238000,32628438000,2125799000,19.9,None,83.12,66.22
2025-12-28,SYY,3.73,82034000000.0,19.9,None,0.62,4.319,,755320000,745000000,745000000,,,,,,,,,765000000,508507679,None,26337107000,26337107000,6025000000,None,62550000,5098000000,None,None,345062000,,2.1,0.0283,,,,0.0,0.03,1495030000,1840092000,1.12,2023-06-30,16.18,4646000000,15117000000.0,6291331000,1394946000,548906000,859000000,859000000,None,0,None,4481000000,None,None,10347997000,None,None,855325000,None,None,None,0.0418,,4796301000,1495030000,284000000,2251106000,None,931708000,None,,,,,1.123,17.2,0.433,,,,,,,,0.0221,,5646815000,2025-10-28,quarterly,1.15,USD,pre-market,None,11311000000,0.0831,0.835,0.032,169.2,4796301000,11166000000,162000000,None,76.07,75.39,2.6786,22821000000,10608000000,8540000000,20779000000,12212000000,12239000000,32628438000,2009000000,19.9,None,83.12,66.22
2025-12-28,SYY,3.73,82034000000.0,19.9,None,0.62,4.319,,728023000,757867000,757867000,,,,,,,,,765175000,509842400,None,26337107000,26337107000,5902249000,None,723473000,5227387000,None,None,345062000,,2.1,0.0283,,,,0.0,0.03,1495030000,1840092000,1.12,2023-03-31,16.18,4613805000,15117000000.0,6291331000,1394946000,548906000,886629000,886629000,None,0,None,4620614000,None,None,10258345000,None,None,855325000,None,None,None,0.0418,,4796301000,1495030000,292726000,2136322000,None,1642240000,None,,,,,1.123,17.2,0.433,,,,,,,,0.0221,,4649356000,2025-10-28,quarterly,1.15,USD,pre-market,None,10829909000,0.0831,0.835,0.032,169.2,4796301000,11709841000,818272000,None,76.07,75.39,2.6786,22702033000,10898594000,8980735000,21093727000,11803439000,12112992000,32628438000,1575302000,19.9,None,83.12,66.22
2025-12-28,SYY,3.73,82034000000.0,19.9,None,0.62,4.319,,737894000,500340000,500340000,,,,,,,,,765175000,510145794,None,26337107000,26337107000,5420422000,None,702067000,4933637000,None,None,345062000,,2.1,0.0283,,,,0.0,0.03,1495030000,1840092000,1.12,2022-12-31,16.18,4576898000,15117000000.0,6291331000,1394946000,548906000,911196000,911196000,None,0,None,4661516000,None,None,10349913000,None,None,855325000,None,None,None,0.0418,,4796301000,1495030000,300513000,2128945000,None,1646458000,None,,,,,1.123,17.2,0.433,,,,,,,,0.0221,,5270970000,2025-10-28,quarterly,1.15,USD,pre-market,None,10649338000,0.0831,0.835,0.032,169.2,4796301000,11789874000,806137000,None,76.07,75.39,2.6786,22087231000,10396006000,8388521000,20617336000,11691225000,12228815000,32628438000,1436589000,19.9,None,83.12,66.22
2025-12-28,SYY,3.73,82034000000.0,19.9,None,0.62,4.319,,722888000,437670000,437670000,,,,,,,,,765175000,510383149,None,26337107000,26337107000,6018227000,None,555829000,5336857000,None,None,345062000,,2.1,0.0283,,,,0.0,0.03,1495030000,1840092000,1.12,2022-09-30,16.18,4434476000,15117000000.0,6291331000,1394946000,548906000,906385000,906385000,None,0,None,4682609000,None,None,10263331000,None,None,855325000,None,None,None,0.0418,,4796301000,1495030000,310131000,2177793000,None,1600051000,None,,,,,1.123,17.2,0.433,,,,,,,,0.0221,,5167272000,2025-10-28,quarterly,1.15,USD,pre-market,None,10757136000,0.0831,0.835,0.032,169.2,4796301000,11542048000,649856000,None,76.07,75.39,2.6786,22210943000,10767267000,8959264000,21064394000,11443676000,12105130000,32628438000,1115341000,19.9,None,83.12,66.22
2025-12-28,SYY,3.73,82034000000.0,19.9,None,0.62,4.319,,742107000,867086000,867086000,,,,,,,,,765175000,513426966,None,26337107000,26337107000,5752958000,None,580611000,4874846000,None,None,345062000,,2.1,0.0283,,,,0.0,0.03,1495030000,1840092000,1.12,2022-06-30,16.18,4542315000,15117000000.0,6291331000,1394946000,548906000,952683000,952683000,None,0,None,4437498000,None,None,10066931000,None,None,855325000,None,None,None,0.0418,,4796301000,1495030000,303789000,2270753000,None,967907000,None,,,,,1.123,17.2,0.433,,,,,,,,0.0221,,5179717000,2025-10-28,quarterly,1.15,USD,pre-market,None,10539722000,0.0831,0.835,0.032,169.2,4796301000,11389649000,686301000,None,76.07,75.39,2.6786,22085688000,10483219000,8750054000,20671480000,11602469000,11921426000,32628438000,1382260000,19.9,-10206888000,83.12,66.22
2025-12-28,SYY,3.73,82034000000.0,19.9,None,0.62,4.319,,815086000,876139000,876139000,,,,,,,,,765175000,512238523,None,26337107000,26337107000,5721705000,None,506683000,4824833000,None,None,345062000,,2.1,0.0283,,,,0.0,0.03,1495030000,1840092000,1.12,2022-03-31,16.18,4703777000,15117000000.0,6291331000,1394946000,548906000,1042878000,1042878000,None,0,None,4409094000,None,None,10608840000,None,None,855325000,None,None,None,0.0418,,4796301000,1495030000,303212000,2011597000,None,1792315000,None,,,,,1.123,17.2,0.433,,,,,,,,0.0221,,4345098000,2025-10-28,quarterly,1.15,USD,pre-market,None,10279792000,0.0831,0.835,0.032,169.2,4796301000,11930609000,619840000,None,76.07,75.39,2.6786,22323675000,10413278000,8372187000,20969252000,11910397000,12597065000,32628438000,1321409000,19.9,-10161855000,83.12,66.22
2025-12-28,SYY,3.73,82034000000.0,19.9,None,0.62,4.319,,753739000,1374276000,1374276000,,,,,,,,,765175000,514574889,None,26337107000,26337107000,5019052000,None,495981000,4320841000,None,None,345062000,,2.1,0.0283,,,,0.0,0.03,1495030000,1840092000,1.12,2021-12-31,16.18,4416912000,15117000000.0,6291331000,1394946000,548906000,906328000,906328000,None,0,None,4115683000,None,None,10593390000,None,None,855325000,None,None,None,0.0418,,4796301000,1495030000,252351000,1980293000,None,1825332000,None,,,,,1.123,17.2,0.433,,,,,,,,0.0221,,5032017000,2025-10-28,quarterly,1.15,USD,pre-market,None,10216625000,0.0831,0.835,0.032,169.2,4796301000,11843110000,590584000,None,76.07,75.39,2.6786,21426762000,10063151000,7593560000,20173000000,11363611000,12579440000,32628438000,1221072000,19.9,-10214957000,83.12,66.22
2025-12-28,SYY,3.73,82034000000.0,19.9,None,0.62,4.319,,779392000,2067873000,2067873000,,,,,,,,,765175000,515782928,None,26337107000,26337107000,5238313000,None,500142000,4309883000,None,None,345062000,,2.1,0.0283,,,,0.0,0.03,1495030000,1840092000,1.12,2021-09-30,16.18,4402354000,15117000000.0,6291331000,1394946000,548906000,927966000,927966000,None,0,None,4054844000,None,None,10645443000,None,None,855325000,None,None,None,0.0418,,4796301000,1495030000,255588000,1809459000,None,1840340000,None,,,,,1.123,17.2,0.433,,,,,,,,0.0221,,5093938000,2025-10-28,quarterly,1.15,USD,pre-market,None,10288291000,0.0831,0.835,0.032,169.2,4796301000,11924977000,607069000,None,76.07,75.39,2.6786,22102866000,10688188000,7737982000,20395418000,11414678000,12657436000,32628438000,1673292000,19.9,-9817347000,83.12,66.22
2025-12-28,SYY,3.73,82034000000.0,19.9,None,0.62,4.319,,737140000,3007123000,3007123000,,,,,,,,,765175000,516036842,None,26337107000,26337107000,4884781000,None,494923000,3790269000,None,None,345062000,,2.1,0.0283,,,,0.0,0.03,1495030000,1840092000,1.12,2021-06-30,16.18,3944139000,15117000000.0,6291331000,1394946000,548906000,746073000,746073000,None,0,None,3695219000,None,None,10588184000,None,None,855325000,None,None,None,0.0418,,4796301000,1495030000,240956000,1814837000,None,1136480000,None,,,,,1.123,17.2,0.433,,,,,,,,0.0221,,5035226000,2025-10-28,quarterly,1.15,USD,pre-market,None,10151706000,0.0831,0.835,0.032,169.2,4796301000,11820247000,597582000,None,76.07,75.39,2.6786,21413539000,10733567000,7319844000,19826055000,10679972000,12506211000,32628438000,1552896000,19.9,-9835216000,83.12,66.22
2025-12-28,SYY,3.73,82034000000.0,19.9,None,0.62,4.319,,698240000,4895723000,4895723000,,,,,,,,,765175000,514585129,None,26337107000,26337107000,4221252000,None,965618000,3222193000,None,None,345062000,,2.1,0.0283,,,,0.0,0.03,1495030000,1840092000,1.12,2021-03-31,16.18,3932570000,15117000000.0,6291331000,1394946000,548906000,769503000,769503000,None,0,None,3218827000,None,None,11741114000,None,None,855325000,None,None,None,0.0418,,4796301000,1495030000,250022000,1645139000,None,1814744000,None,,,,,1.123,17.2,0.433,,,,,,,,0.0221,,4297862000,2025-10-28,quarterly,1.15,USD,pre-market,None,10241666000,0.0831,0.835,0.032,169.2,4796301000,13404972000,1077379000,1203000,76.07,75.39,2.6786,22043281000,11586765000,7007929000,20613213000,10456516000,13605284000,32628438000,1395597000,19.9,-9853359000,83.12,66.22
2025-12-28,SYY,3.73,82034000000.0,19.9,None,0.62,4.319,,671181000,5767034000,5767034000,,,,,,,,,765175000,512742792,None,26337107000,26337107000,3554624000,None,1374857000,2900045000,None,None,345062000,,2.1,0.0283,,,,0.0,0.03,1495030000,1840092000,1.12,2020-12-31,16.18,3929636000,15117000000.0,6291331000,1394946000,548906000,798649000,798649000,None,0,None,3100478000,None,None,12463284000,None,None,855325000,None,None,None,0.0418,,4796301000,1495030000,223872000,1679429000,None,1799487000,None,,,,,1.123,17.2,0.433,,,,,,,,0.0221,,4382737000,2025-10-28,quarterly,1.15,USD,pre-market,None,10383493000,0.0831,0.835,0.032,169.2,4796301000,14509322000,1482490000,2678000,76.07,75.39,2.6786,22489851000,11991429000,6716543000,21027094000,10498422000,14310551000,32628438000,1426799000,19.9,-9898955000,83.12,66.22
2025-12-28,SYY,3.73,82034000000.0,19.9,None,0.62,4.319,,654189000,5985532000,5985532000,,,,,,,,,765175000,510738760,None,26337107000,26337107000,4035332000,None,1326036000,3115760000,None,None,345062000,,2.1,0.0283,,,,0.0,0.03,1495030000,1840092000,1.12,2020-09-30,16.18,3794152000,15117000000.0,6291331000,1394946000,548906000,776598000,776598000,None,0,None,3134732000,None,None,12422780000,None,None,855325000,None,None,None,0.0418,,4796301000,1495030000,197074000,1697995000,None,1762712000,None,,,,,1.123,17.2,0.433,,,,,,,,0.0221,,4404597000,2025-10-28,quarterly,1.15,USD,pre-market,None,10546598000,0.0831,0.835,0.032,169.2,4796301000,14403005000,1434740000,4013000,76.07,75.39,2.6786,22741558000,12433098000,7168067000,21407570000,10308460000,14239503000,32628438000,1300011000,19.9,-9933657000,83.12,66.22
2025-12-28,SYY,3.73,82034000000.0,19.9,None,0.62,4.319,,630663000,6059427000,6059427000,,,,,,,,,765175000,508296452,None,26337107000,26337107000,3447065000,None,1544394000,3001557000,None,None,345062000,,2.1,0.0283,,,,0.0,0.03,1495030000,1840092000,1.12,2020-06-30,16.18,3732469000,15117000000.0,6291331000,1394946000,548906000,780171000,780171000,None,0,None,3095085000,None,None,12833543000,None,None,855325000,None,None,None,0.0418,,4796301000,1495030000,192163000,1616289000,None,1204953000,None,,,,,1.123,17.2,0.433,,,,,,,,0.0221,,5062183000,2025-10-28,quarterly,1.15,USD,pre-market,None,10563008000,0.0831,0.835,0.032,169.2,4796301000,15077542000,1651561000,1388000,76.07,75.39,2.6786,22628266000,12348232000,6717853000,21435388000,10280033000,14717535000,32628438000,1158613000,19.9,-9965590000,83.12,66.22
2025-12-28,SYY,3.73,82034000000.0,19.9,None,0.62,4.319,,646121000,2240807000,2240807000,,,,,,,,,765175000,512657657,None,26337107000,26337107000,3969004000,None,831911000,3684596000,None,None,345062000,,2.1,0.0283,,,,0.0,0.03,1495030000,1840092000,1.12,2020-03-31,16.18,3862725000,15117000000.0,6291331000,1394946000,548906000,802593000,802593000,None,0,None,3697515000,None,None,10023250000,None,None,855325000,None,None,None,0.0418,,4796301000,1495030000,234857000,1721100000,None,1594782000,None,,,,,1.123,17.2,0.433,,,,,,,,0.0221,,4604618000,2025-10-28,quarterly,1.15,USD,pre-market,None,11407033000,0.0831,0.835,0.032,169.2,4796301000,11501282000,934905000,11976000,76.07,75.39,2.6786,20432332000,9857775000,6625009000,18371889000,10574557000,11746880000,32628438000,2028890000,19.9,-10006689000,83.12,66.22
2025-12-28,SYY,3.73,82034000000.0,19.9,None,0.62,4.319,,665573000,524578000,524578000,,,,,,,,,765175000,515517792,None,26337107000,26337107000,4159607000,None,793656000,4383292000,None,None,345062000,,2.1,0.0283,,,,0.0,0.03,1495030000,1840092000,1.12,2019-12-31,16.18,4023639000,15117000000.0,6291331000,1394946000,548906000,855489000,855489000,None,0,None,3508260000,None,None,8092914000,None,142072000,855325000,None,None,None,0.0418,,4796301000,1495030000,245480000,1686866000,None,1643255000,None,,,,,1.123,17.2,0.433,,,,,,,,0.0221,,4593890000,2025-10-28,quarterly,1.15,USD,pre-market,None,11639727000,0.0831,0.835,0.032,169.2,4796301000,9552143000,897619000,15047000,76.07,75.39,2.6786,19372034000,8661610000,6931968000,16810438000,10710424000,9878470000,32628438000,2527526000,19.9,-9837179000,83.12,66.22
2025-12-28,SYY,3.73,82034000000.0,19.9,None,0.62,4.319,,648110000,455482000,455482000,,,,,,,,,765175000,518761456,None,26337107000,26337107000,4247276000,None,57794000,4406860000,None,None,345062000,,2.1,0.0283,,,,0.0,0.03,1495030000,1840092000,1.12,2019-09-30,16.18,3871722000,15117000000.0,6291331000,1394946000,548906000,825287000,825287000,None,0,None,3386808000,None,None,8637706000,None,154489000,855325000,None,None,None,0.0418,,4796301000,1495030000,235014000,1596925000,None,1550903000,None,,,,,1.123,17.2,0.433,,,,,,,,0.0221,,4493016000,2025-10-28,quarterly,1.15,USD,pre-market,None,11486833000,0.0831,0.835,0.032,169.2,4796301000,9343610000,160338000,12017000,76.07,75.39,2.6786,18956575000,8484164000,6101471000,16468799000,10472411000,10367328000,32628438000,2454748000,19.9,-9612491000,83.12,66.22
2025-12-28,SYY,3.73,82034000000.0,19.9,None,0.62,4.319,,None,513460000,513460000,,,,,,,,,765175000,520060241,None,26337107000,26337107000,4314620000,None,41279000,4201429000,None,None,345062000,,2.1,0.0283,,,,0.0,0.03,1495030000,1840092000,1.12,2019-06-30,16.18,3896226000,15117000000.0,6291331000,1394946000,548906000,857301000,857301000,None,0,None,3216034000,None,None,8122058000,None,145409000,855325000,None,None,None,0.0418,,4796301000,1495030000,210582000,1729941000,None,1031020000,None,,,,,1.123,17.2,0.433,,,,,,,,0.0221,,4501705000,2025-10-28,quarterly,1.15,USD,pre-market,None,11229679000,0.0831,0.835,0.032,169.2,4796301000,8163337000,41279000,12006000,76.07,75.39,2.6786,17966522000,8141505000,6103183000,15428493000,9825017000,9325310000,32628438000,2502603000,19.9,-9349941000,83.12,66.22
2025-12-28,SYY,3.73,82034000000.0,19.9,None,0.62,4.319,,None,521621000,521621000,,,,,,,,,765175000,519821311,None,26337107000,26337107000,4293468000,None,542971000,4378090000,None,None,345062000,,2.1,0.0283,,,,0.0,0.03,1495030000,1840092000,1.12,2019-03-31,16.18,3924021000,15117000000.0,6291331000,1394946000,548906000,888466000,888466000,None,0,None,3344683000,None,None,8134461000,None,18627000,855325000,None,None,None,0.0418,,4796301000,1495030000,211155000,1663719000,None,949636000,None,,,,,1.123,17.2,0.433,,,,,,,,0.0221,,4377059000,2025-10-28,quarterly,1.15,USD,pre-market,None,10893648000,0.0831,0.835,0.032,169.2,4796301000,8677432000,542971000,None,76.07,75.39,2.6786,18200799000,8455549000,6500158000,15803842000,9745250000,9303684000,32628438000,2361897000,19.9,-9238536000,83.12,66.22
2025-12-28,SYY,3.73,82034000000.0,19.9,None,0.62,4.319,,None,744808000,744808000,,,,,,,,,765175000,524600510,None,26337107000,26337107000,4230215000,None,786037000,4170374000,None,None,345062000,,2.1,0.0283,,,,0.0,0.03,1495030000,1840092000,1.12,2018-12-31,16.18,3875973000,15117000000.0,6291331000,1394946000,548906000,899939000,899939000,None,0,None,3310312000,None,None,8051334000,None,5207000,855325000,None,None,None,0.0418,,4796301000,1495030000,212289000,1723246000,None,987566000,None,,,,,1.123,17.2,0.433,,,,,,,,0.0221,,4375550000,2025-10-28,quarterly,1.15,USD,pre-market,None,10654711000,0.0831,0.835,0.032,169.2,4796301000,8811984000,792138000,None,76.07,75.39,2.6786,18194176000,8437783000,6750170000,15991183000,9756393000,9241013000,32628438000,2167636000,19.9,-9193304000,83.12,66.22
2025-12-28,SYY,3.73,82034000000.0,19.9,None,0.62,4.319,,None,790304000,790304000,,,,,,,,,765175000,529034470,None,26337107000,26337107000,4217833000,None,783001000,4281780000,None,None,345062000,,2.1,0.0283,,,,0.0,0.03,1495030000,1840092000,1.12,2018-09-30,16.18,3936961000,15117000000.0,6291331000,1394946000,548906000,944525000,944525000,None,0,None,3354458000,None,None,7971607000,None,None,855325000,None,None,None,0.0418,,4796301000,1495030000,215714000,1502794000,None,1034289000,None,,,,,1.123,17.2,0.433,,,,,,,,0.0221,,4466903000,2025-10-28,quarterly,1.15,USD,pre-market,None,10592490000,0.0831,0.835,0.032,169.2,4796301000,8701759000,787415000,0,76.07,75.39,2.6786,18542082000,8642256000,6640952000,15866621000,9899826000,9225669000,32628438000,2638574000,19.9,-8706345000,83.12,66.22
2025-12-28,SYY,3.73,82034000000.0,19.9,None,0.62,4.319,,None,552325000,552325000,,,,,,,,,765175000,528053652,None,26337107000,26337107000,4136482000,None,744020000,4137835000,None,None,345062000,,2.1,0.0283,,,,0.0,0.03,1495030000,1840092000,1.12,2018-06-30,16.18,3955485000,15117000000.0,6291331000,1394946000,548906000,979812000,979812000,None,0,None,3125413000,None,None,7520327000,None,None,855325000,None,None,None,0.0418,,4796301000,1495030000,187880000,1608966000,None,1077163000,None,,,,,1.123,17.2,0.433,,,,,,,,0.0221,,4521660000,2025-10-28,quarterly,1.15,USD,pre-market,None,10348628000,0.0831,0.835,0.032,169.2,4796301000,8327270000,786505000,0,76.07,75.39,2.6786,18070404000,8003453000,6588746000,15525798000,10066951000,8937052000,32628438000,2506957000,19.9,-8581196000,83.12,66.22
2025-12-28,SYY,3.73,82034000000.0,19.9,None,0.62,4.319,,None,901551000,901551000,,,,,,,,,765175000,527990563,None,26337107000,26337107000,4235856000,None,288055000,4323485000,None,None,345062000,,2.1,0.0283,,,,0.0,0.03,1495030000,1840092000,1.12,2018-03-31,16.18,4066186000,15117000000.0,6291331000,1394946000,548906000,1056068000,1056068000,None,0,None,3259771000,None,None,8884412000,None,1800000,855325000,None,None,None,0.0418,,4796301000,1495030000,231064000,1515682000,None,1199472000,None,,,,,1.123,17.2,0.433,,,,,,,,0.0221,,4392158000,2025-10-28,quarterly,1.15,USD,pre-market,None,9850739000,0.0831,0.835,0.032,169.2,4796301000,9129817000,294661000,43364000,76.07,75.39,2.6786,18629142000,8715871000,6046199000,16242020000,9913271000,10195821000,32628438000,2351213000,19.9,-8546616000,83.12,66.22
2025-12-28,SYY,3.73,82034000000.0,19.9,None,0.62,4.319,,None,961067000,961067000,,,,,,,,,765175000,527249587,None,26337107000,26337107000,3745817000,None,534716000,3953643000,None,None,345062000,,2.1,0.0283,,,,0.0,0.03,1495030000,1840092000,1.12,2017-12-31,16.18,4001020000,15117000000.0,6291331000,1394946000,548906000,1056335000,1056335000,None,0,None,3174012000,None,None,8312489000,None,None,855325000,None,None,None,0.0418,,4796301000,1495030000,183446000,1567362000,None,1477991000,None,,,,,1.123,17.2,0.433,,,,,,,,0.0221,,4366292000,2025-10-28,quarterly,1.15,USD,pre-market,None,9708261000,0.0831,0.835,0.032,169.2,4796301000,8853834000,541345000,118000,76.07,75.39,2.6786,18219370000,8272168000,5982970000,15917244000,9947202000,9934274000,32628438000,2268602000,19.9,-8450277000,83.12,66.22
2025-12-28,SYY,3.73,82034000000.0,19.9,None,0.62,4.319,,None,909203000,909203000,,,,,,,,,765175000,533063426,None,26337107000,26337107000,3951205000,None,533641000,4333704000,None,None,345062000,,2.1,0.0283,,,,0.0,0.03,1495030000,1840092000,1.12,2017-09-30,16.18,3970617000,15117000000.0,6291331000,1394946000,548906000,1052704000,1052704000,None,0,None,3180631000,None,None,8426359000,None,None,855325000,None,None,None,0.0418,,4796301000,1495030000,173464000,1502021000,None,1367965000,None,,,,,1.123,17.2,0.433,,,,,,,,0.0221,,4388299000,2025-10-28,quarterly,1.15,USD,pre-market,None,9638386000,0.0831,0.835,0.032,169.2,4796301000,8964513000,538154000,223000,76.07,75.39,2.6786,18418590000,8597002000,6140282000,16100228000,9821588000,9959946000,32628438000,2235254000,19.9,-8374078000,83.12,66.22
2025-12-28,SYY,3.73,82034000000.0,19.9,None,0.62,4.319,,None,869502000,869502000,,,,,,,,,765175000,538797624,None,26337107000,26337107000,3971112000,None,530075000,4029153000,None,None,345062000,,2.1,0.0283,,,,0.0,0.03,1495030000,1840092000,1.12,2017-06-30,16.18,3916128000,15117000000.0,6291331000,1394946000,548906000,1037511000,1037511000,None,0,None,2995598000,None,None,7660877000,None,None,855325000,None,None,None,0.0418,,4796301000,1495030000,139185000,1576221000,None,1373822000,None,,,,,1.123,17.2,0.433,,,,,,,,0.0221,,4377302000,2025-10-28,quarterly,1.15,USD,pre-market,None,9447755000,0.0831,0.835,0.032,169.2,4796301000,8194890000,534013000,707000,76.07,75.39,2.6786,17756655000,8033438000,6095886000,15292300000,9723217000,9196414000,32628438000,2381516000,19.9,-7896043000,83.12,66.22
2025-12-28,SYY,3.73,82034000000.0,19.9,None,0.62,4.319,,None,855133000,855133000,,,,,,,,,765175000,544068915,None,26337107000,26337107000,3849670000,None,551367000,4282038000,None,None,345062000,,2.1,0.0283,,,,0.0,0.03,1495030000,1840092000,1.12,2017-03-31,16.18,3767906000,15117000000.0,6291331000,1394946000,548906000,1085946000,1085946000,None,0,None,2944327000,None,None,8026617000,None,None,855325000,None,None,None,0.0418,,4796301000,1495030000,244063000,1224008000,None,1568523000,None,,,,,1.123,17.2,0.433,,,,,,,,0.0221,,4271707000,2025-10-28,quarterly,1.15,USD,pre-market,None,9317377000,0.0831,0.835,0.032,169.2,4796301000,8577984000,551367000,659000,76.07,75.39,2.6786,17920900000,8325561000,5729810000,15510128000,9595339000,9780318000,32628438000,2330528000,19.9,-7554501000,83.12,66.22
2025-12-28,SYY,3.73,82034000000.0,19.9,None,0.62,4.319,,None,847292000,847292000,,,,,,,,,765175000,550372067,None,26337107000,26337107000,3549554000,None,31537000,3963458000,None,None,345062000,,2.1,0.0283,,,,0.0,0.03,1495030000,1840092000,1.12,2016-12-31,16.18,3714355000,15117000000.0,6291331000,1394946000,548906000,1094927000,1094927000,None,0,None,3031548000,None,None,8313651000,None,None,855325000,None,None,None,0.0418,,4796301000,1495030000,168908000,1444606000,None,1533390000,None,,,,,1.123,17.2,0.433,,,,,,,,0.0221,,4331129000,2025-10-28,quarterly,1.15,USD,pre-market,None,9256137000,0.0831,0.835,0.032,169.2,4796301000,8345188000,31537000,0,76.07,75.39,2.6786,17630066000,8011206000,5052286000,15075122000,9618860000,10022836000,32628438000,2476039000,19.9,-7282745000,83.12,66.22
2025-12-28,SYY,3.73,82034000000.0,19.9,None,0.62,4.319,,None,759898000,759898000,,,,,,,,,765175000,560954068,None,26337107000,26337107000,3716517000,None,16052000,4191460000,None,None,345062000,,2.1,0.0283,,,,0.0,0.03,1495030000,1840092000,1.12,2016-09-30,16.18,3815674000,15117000000.0,6291331000,1394946000,548906000,1203888000,1203888000,None,0,None,3025811000,None,None,7843517000,None,None,855325000,None,None,None,0.0418,,4796301000,1495030000,158301000,1381300000,None,1498680000,None,,,,,1.123,17.2,0.433,,,,,,,,0.0221,,4418524000,2025-10-28,quarterly,1.15,USD,pre-market,None,9159866000,0.0831,0.835,0.032,169.2,4796301000,7859569000,16052000,0,76.07,75.39,2.6786,18024810000,8135470000,5366550000,14927161000,9889340000,9560611000,32628438000,3020786000,19.9,-6782560000,83.12,66.22
2025-12-28,SYY,3.73,82034000000.0,19.9,None,0.62,4.319,,None,3919300000,3919300000,,,,,,,,,765175000,567997290,None,26337107000,26337107000,2935982000,None,8909000,3380971000,None,None,345062000,,2.1,0.0283,,,,0.0,0.03,1495030000,1840092000,1.12,2016-06-30,16.18,2121661000,15117000000.0,6291331000,1394946000,548906000,207461000,207461000,None,0,None,2639174000,None,None,7336930000,None,36805000,855325000,None,None,None,0.0418,,4796301000,1495030000,114454000,1289312000,None,1368482000,None,,,,,1.123,17.2,0.433,,,,,,,,0.0221,,3880442000,2025-10-28,quarterly,1.15,USD,pre-market,None,9006138000,0.0831,0.835,0.032,169.2,4796301000,7435402000,98472000,0,76.07,75.39,2.6786,16721804000,10053899000,4434456000,13166810000,6667905000,8732354000,32628438000,3479608000,19.9,-6214727000,83.12,66.22
2025-12-28,SYY,3.73,82034000000.0,19.9,None,0.62,4.319,,None,610838000,610838000,,,,,,,,,765175000,570814798,None,26337107000,26337107000,2906651000,None,87011000,3509438000,None,None,345062000,,2.1,0.0283,,,,0.0,0.03,1495030000,1840092000,1.12,2016-03-31,16.18,2079529000,15117000000.0,6291331000,1394946000,548906000,193672000,193672000,None,0,None,2703635000,None,None,4274884000,None,None,855325000,None,None,None,0.0418,,4796301000,1495030000,136122000,1101696000,None,810642000,None,,,,,1.123,17.2,0.433,,,,,,,,0.0221,,3900470000,2025-10-28,quarterly,1.15,USD,pre-market,None,8964542000,0.0831,0.835,0.032,169.2,4796301000,4361895000,87011000,0,76.07,75.39,2.6786,13351094000,6960033000,4112072000,9304734000,6391061000,5192662000,32628438000,3969431000,19.9,-5811421000,83.12,66.22
2025-12-28,SYY,3.73,82034000000.0,19.9,None,0.62,4.319,,None,595602000,595602000,,,,,,,,,765175000,571452124,None,26337107000,26337107000,2710469000,None,None,3353453000,None,None,345062000,,2.1,0.0283,,,,0.0,0.03,1495030000,1840092000,1.12,2015-12-31,16.18,1977921000,15117000000.0,6291331000,1394946000,548906000,163089000,163089000,None,0,None,2736382000,None,None,4265857000,None,None,855325000,None,None,None,0.0418,,4796301000,1495030000,93589000,1061306000,None,852655000,None,,,,,1.123,17.2,0.433,,,,,,,,0.0221,,3936612000,2025-10-28,quarterly,1.15,USD,pre-market,None,8922498000,0.0831,0.835,0.032,169.2,4796301000,4355970000,90113000,0,76.07,75.39,2.6786,13089468000,6779026000,3872214000,9102548000,6310442000,5230334000,32628438000,3941427000,19.9,-5723885000,83.12,66.22
2025-12-28,SYY,3.73,82034000000.0,19.9,None,0.62,4.319,,None,388256000,388256000,,,,,,,,,765175000,600789913,None,26337107000,26337107000,2887863000,None,None,3531105000,None,None,345062000,,2.1,0.0283,,,,0.0,0.03,1495030000,1840092000,1.12,2015-09-30,16.18,1981390000,15117000000.0,6291331000,1394946000,548906000,168541000,168541000,None,0,None,2841361000,None,None,3004618000,None,None,855325000,None,None,None,0.0418,,4796301000,1495030000,267238000,910530000,None,885501000,None,,,,,1.123,17.2,0.433,,,,,,,,0.0221,,3961299000,2025-10-28,quarterly,1.15,USD,pre-market,None,8816245000,0.0831,0.835,0.032,169.2,4796301000,3088234000,83616000,0,76.07,75.39,2.6786,13371551000,7027960000,3970816000,8021623000,6343591000,4050807000,32628438000,5305685000,19.9,-4499702000,83.12,66.22
2025-12-28,SYY,3.73,82034000000.0,19.9,None,0.62,4.319,,None,5130044000,5130044000,,,,,,,,,765175000,599259889,None,26337107000,26337107000,2881953000,None,4979301000,3353381000,None,None,345062000,,2.1,0.0283,,,,0.0,0.03,1495030000,1840092000,1.12,2015-06-30,16.18,1959817000,15117000000.0,6291331000,1394946000,548906000,154809000,154809000,None,0,None,2691823000,None,None,2271825000,None,12597000,855325000,None,None,None,0.0418,,4796301000,1495030000,93039000,1467610000,None,934722000,None,,,,,1.123,17.2,0.433,,,,,,,,0.0221,,3982143000,2025-10-28,quarterly,1.15,USD,pre-market,None,8751985000,0.0831,0.835,0.032,169.2,4796301000,7321877000,5050052000,0,76.07,75.39,2.6786,17989281000,11494304000,9399615000,12687753000,6494977000,3288138000,32628438000,5260224000,19.9,-4547738000,83.12,66.22
2025-12-28,SYY,3.73,82034000000.0,19.9,None,0.62,4.319,,None,5084704000,5084704000,,,,,,,,,765175000,598921070,None,26337107000,26337107000,2836430000,None,None,3496254000,None,None,345062000,,2.1,0.0283,,,,0.0,0.03,1495030000,1840092000,1.12,2015-03-31,16.18,1933385000,15117000000.0,6291331000,1394946000,548906000,154277000,154277000,None,0,None,2649752000,None,None,7275195000,None,None,855325000,None,None,None,0.0418,,4796301000,1495030000,290597000,1040539000,None,898062000,None,,,,,1.123,17.2,0.433,,,,,,,,0.0221,,3970261000,2025-10-28,quarterly,1.15,USD,pre-market,None,8857277000,0.0831,0.835,0.032,169.2,4796301000,7668926000,393731000,0,76.07,75.39,2.6786,17983591000,11521307000,4340048000,12630979000,6462284000,8290931000,32628438000,5312883000,19.9,-4574441000,83.12,66.22
2025-12-28,SYY,3.73,82034000000.0,19.9,None,0.62,4.319,,None,4907677000,4907677000,,,,,,,,,765175000,595911680,None,26337107000,26337107000,2797947000,None,None,3529997000,None,None,345062000,,2.1,0.0283,,,,0.0,0.03,1495030000,1840092000,1.12,2014-12-31,16.18,1966547000,15117000000.0,6291331000,1394946000,548906000,168446000,168446000,None,0,None,2791813000,None,None,7248457000,None,None,855325000,None,None,None,0.0418,,4796301000,1495030000,227417000,1089960000,None,940349000,None,,,,,1.123,17.2,0.433,,,,,,,,0.0221,,4002932000,2025-10-28,quarterly,1.15,USD,pre-market,None,8858831000,0.0831,0.835,0.032,169.2,4796301000,7636680000,388223000,0,76.07,75.39,2.6786,17970470000,11456904000,4286409000,12592568000,6513566000,8306159000,32628438000,5342960000,19.9,-4634308000,83.12,66.22
2025-12-28,SYY,3.73,82034000000.0,19.9,None,0.62,4.319,,None,384898000,384898000,,,,,,,,,765175000,593309750,None,26337107000,26337107000,2924417000,None,None,3646817000,None,None,345062000,,2.1,0.0283,,,,0.0,0.03,1495030000,1840092000,1.12,2014-09-30,16.18,1980524000,15117000000.0,6291331000,1394946000,548906000,180325000,180325000,None,0,None,2845641000,None,None,2650490000,None,None,855325000,None,None,None,0.0418,,4796301000,1495030000,231047000,1132069000,None,959920000,None,,,,,1.123,17.2,0.433,,,,,,,,0.0221,,3968713000,2025-10-28,quarterly,1.15,USD,pre-market,None,8878693000,0.0831,0.835,0.032,169.2,4796301000,3036056000,385566000,0,76.07,75.39,2.6786,13617913000,7108403000,4536489000,8262399000,6509510000,3725910000,32628438000,5321416000,19.9,-4735118000,83.12,66.22
2025-12-28,SYY,3.73,82034000000.0,19.9,None,0.62,4.319,,None,413046000,413046000,,,,,,,,,765175000,591361869,None,26337107000,26337107000,2831028000,None,2866548000,3398713000,None,None,345062000,,2.1,0.0283,,,,0.0,0.03,1495030000,1840092000,1.12,2014-06-30,16.18,1950672000,15117000000.0,6291331000,1394946000,548906000,177227000,177227000,None,0,None,2602018000,None,None,2384167000,None,None,855325000,None,None,None,0.0418,,4796301000,1495030000,268195000,1160850000,None,1027878000,None,,,,,1.123,17.2,0.433,,,,,,,,0.0221,,3985618000,2025-10-28,quarterly,1.15,USD,pre-market,None,8770751000,0.0831,0.835,0.032,169.2,4796301000,2733082000,375752000,0,76.07,75.39,2.6786,13141113000,6681972000,4367630000,7874418000,6459141000,3506788000,32628438000,5266695000,19.9,-4765786000,83.12,66.22
2025-12-28,SYY,3.73,82034000000.0,19.9,None,0.62,4.319,,None,341090000,341090000,,,,,,,,,765175000,590470283,None,26337107000,26337107000,2726427000,None,None,3510518000,None,None,345062000,,2.1,0.0283,,,,0.0,0.03,1495030000,1840092000,1.12,2014-03-31,16.18,1937075000,15117000000.0,6291331000,1394946000,548906000,181036000,181036000,None,0,None,2527900000,None,None,2986163000,None,None,855325000,None,None,None,0.0418,,4796301000,1495030000,259967000,1077518000,None,780834000,None,,,,,1.123,17.2,0.433,,,,,,,,0.0221,,3956209000,2025-10-28,quarterly,1.15,USD,pre-market,None,8687098000,0.0831,0.835,0.032,169.2,4796301000,3062127000,75964000,0,76.07,75.39,2.6786,13138264000,6639475000,3944016000,7906889000,6498789000,3962873000,32628438000,5231375000,19.9,-4823760000,83.12,66.22
2025-12-28,SYY,3.73,82034000000.0,19.9,None,0.62,4.319,,None,449863000,449863000,,,,,,,,,765175000,587926287,None,26337107000,26337107000,2443704000,None,None,3289930000,None,None,345062000,,2.1,0.0283,,,,0.0,0.03,1495030000,1840092000,1.12,2013-12-31,16.18,1915922000,15117000000.0,6291331000,1394946000,548906000,191568000,191568000,None,0,None,2506581000,None,None,2944083000,None,None,855325000,None,None,None,0.0418,,4796301000,1495030000,274482000,963541000,None,784988000,None,,,,,1.123,17.2,0.433,,,,,,,,0.0221,,3967176000,2025-10-28,quarterly,1.15,USD,pre-market,None,8676012000,0.0831,0.835,0.032,169.2,4796301000,3205973000,261890000,945000,76.07,75.39,2.6786,13013025000,6520856000,3749250000,7709235000,6492169000,3959985000,32628438000,5303790000,19.9,-4796362000,83.12,66.22
2025-12-28,SYY,3.73,82034000000.0,19.9,None,0.62,4.319,,None,359532000,359532000,,,,,,,,,765175000,591458948,None,26337107000,26337107000,2475589000,None,None,3423152000,None,None,345062000,,2.1,0.0283,,,,0.0,0.03,1495030000,1840092000,1.12,2013-09-30,16.18,1908542000,15117000000.0,6291331000,1394946000,548906000,200074000,200074000,None,0,None,2540643000,None,None,2878391000,None,None,855325000,None,None,None,0.0418,,4796301000,1495030000,210935000,1017077000,None,807506000,None,,,,,1.123,17.2,0.433,,,,,,,,0.0221,,3979351000,2025-10-28,quarterly,1.15,USD,pre-market,None,8635190000,0.0831,0.835,0.032,169.2,4796301000,3130133000,251742000,2015000,76.07,75.39,2.6786,13025395000,6534262000,3883694000,7826253000,6491133000,3942559000,32628438000,5199142000,19.9,-4876138000,83.12,66.22
2025-12-28,SYY,3.73,82034000000.0,19.9,None,0.62,4.319,,None,412285000,412285000,,,,,,,,,765175000,597536893,None,26337107000,26337107000,2428215000,None,None,3183114000,None,None,345062000,,2.1,0.0283,,,,0.0,0.03,1495030000,1840092000,1.12,2013-06-30,16.18,1884235000,15117000000.0,6291331000,1394946000,548906000,205719000,205719000,None,0,None,2396188000,None,None,2639986000,None,None,855325000,None,None,None,0.0418,,4796301000,1495030000,230101000,985476000,None,816647000,None,,,,,1.123,17.2,0.433,,,,,,,,0.0221,,3978071000,2025-10-28,quarterly,1.15,USD,pre-market,None,8512786000,0.0831,0.835,0.032,169.2,4796301000,2888919000,248933000,2988000,76.07,75.39,2.6786,12678208000,6221688000,3662624000,7486398000,6456520000,3823774000,32628438000,5191810000,19.9,-4698838000,83.12,66.22
2025-12-28,SYY,3.73,82034000000.0,19.9,None,0.62,4.319,,None,331520000,331520000,,,,,,,,,765175000,592903799,None,26337107000,26337107000,2464215000,None,None,3396850000,None,None,345062000,,2.1,0.0283,,,,0.0,0.03,1495030000,1840092000,1.12,2013-03-31,16.18,1802433000,15117000000.0,6291331000,1394946000,548906000,150779000,150779000,None,0,None,2413190000,None,None,2557314000,None,None,855325000,None,None,None,0.0418,,4796301000,1495030000,234022000,918885000,None,1173671000,None,,,,,1.123,17.2,0.433,,,,,,,,0.0221,,3938277000,2025-10-28,quarterly,1.15,USD,pre-market,None,8394426000,0.0831,0.835,0.032,169.2,4796301000,2798151000,240837000,3990000,76.07,75.39,2.6786,12657210000,6375582000,3656904000,7504849000,6281628000,3847945000,32628438000,5152361000,19.9,-4415963000,83.12,66.22
2025-12-28,SYY,3.73,82034000000.0,19.9,None,0.62,4.319,,None,320805000,320805000,,,,,,,,,765175000,589751933,None,26337107000,26337107000,2287559000,None,None,3168120000,None,None,345062000,,2.1,0.0283,,,,0.0,0.03,1495030000,1840092000,1.12,2012-12-31,16.18,1802630000,15117000000.0,6291331000,1394946000,548906000,153358000,153358000,None,0,None,2436109000,None,None,2809290000,None,None,855325000,None,None,None,0.0418,,4796301000,1495030000,234751000,854745000,None,1134800000,None,,,,,1.123,17.2,0.433,,,,,,,,0.0221,,3960636000,2025-10-28,quarterly,1.15,USD,pre-market,None,8359768000,0.0831,0.835,0.032,169.2,4796301000,3105214000,295924000,488000,76.07,75.39,2.6786,12428067000,6159785000,3487417000,7526494000,6268282000,4039077000,32628438000,4901573000,19.9,-4572649000,83.12,66.22
2025-12-28,SYY,3.73,82034000000.0,19.9,None,0.62,4.319,,None,548415000,548415000,,,,,,,,,765175000,589838819,None,26337107000,26337107000,2343903000,None,None,3193389000,None,None,345062000,,2.1,0.0283,,,,0.0,0.03,1495030000,1840092000,1.12,2012-09-30,16.18,1726350000,15117000000.0,6291331000,1394946000,548906000,125520000,125520000,None,0,None,2370864000,None,None,2764853000,None,None,855325000,None,None,None,0.0418,,4796301000,1495030000,220982000,845695000,None,1114276000,None,,,,,1.123,17.2,0.433,,,,,,,,0.0221,,3950668000,2025-10-28,quarterly,1.15,USD,pre-market,None,8302859000,0.0831,0.835,0.032,169.2,4796301000,3019115000,254262000,0,76.07,75.39,2.6786,12487833000,6333650000,3602874000,7593652000,6154183000,3990778000,32628438000,4894181000,19.9,-4499127000,83.12,66.22
2025-12-28,SYY,3.73,82034000000.0,19.9,None,0.62,4.319,,None,688867000,688867000,,,,,,,,,765175000,588268439,None,26337107000,26337107000,2209469000,None,None,2966624000,None,None,345062000,,2.1,0.0283,,,,0.0,0.03,1495030000,1840092000,1.12,2012-06-30,16.18,1665611000,15117000000.0,6291331000,1394946000,548906000,113571000,113571000,None,0,None,2178830000,None,None,2763688000,None,None,855325000,None,None,None,0.0418,,4796301000,1495030000,250487000,909144000,None,1107499000,None,,,,,1.123,17.2,0.433,,,,,,,,0.0221,,3883750000,2025-10-28,quarterly,1.15,USD,pre-market,None,8175230000,0.0831,0.835,0.032,169.2,4796301000,3018338000,254650000,0,76.07,75.39,2.6786,12137207000,6084808000,3423579000,7452167000,6052399000,4028588000,32628438000,4685040000,19.9,-4531678000,83.12,66.22
2025-12-28,SYY,3.73,82034000000.0,19.9,None,0.62,4.319,,None,350464000,350464000,,,,,,,,,765175000,587214691,None,26337107000,26337107000,2285744000,None,None,3094175000,None,None,345062000,,2.1,0.0283,,,,0.0,0.03,1495030000,1840092000,1.12,2012-03-31,16.18,1659818000,15117000000.0,6291331000,1394946000,548906000,116011000,116011000,None,0,None,2250460000,None,None,2412477000,None,None,855325000,None,None,None,0.0418,,4796301000,1495030000,229843000,870674000,None,652373000,None,,,,,1.123,17.2,0.433,,,,,,,,0.0221,,3846870000,2025-10-28,quarterly,1.15,USD,pre-market,None,8024536000,0.0831,0.835,0.032,169.2,4796301000,2871699000,459222000,0,76.07,75.39,2.6786,11892113000,5924942000,3703752000,7014098000,5967171000,3310346000,32628438000,4878015000,19.9,-4548262000,83.12,66.22
2025-12-28,SYY,3.73,82034000000.0,19.9,None,0.62,4.319,,None,336531000,336531000,,,,,,,,,765175000,587034204,None,26337107000,26337107000,2074396000,None,None,2882730000,None,None,345062000,,2.1,0.0283,,,,0.0,0.03,1495030000,1840092000,1.12,2011-12-31,16.18,1630879000,15117000000.0,6291331000,1394946000,548906000,102594000,102594000,None,0,None,2213153000,None,None,2649346000,None,None,855325000,None,None,None,0.0418,,4796301000,1495030000,215636000,857538000,None,634982000,None,,,,,1.123,17.2,0.433,,,,,,,,0.0221,,3736137000,2025-10-28,quarterly,1.15,USD,pre-market,None,7923413000,0.0831,0.835,0.032,169.2,4796301000,2857762000,208416000,0,76.07,75.39,2.6786,11454027000,5648050000,3263770000,6766412000,5805977000,3502642000,32628438000,4687615000,19.9,-4585399000,83.12,66.22
2025-12-28,SYY,3.73,82034000000.0,19.9,None,0.62,4.319,,None,284101000,284101000,,,,,,,,,765175000,593449101,None,26337107000,26337107000,2164695000,None,None,3061145000,None,None,345062000,,2.1,0.0283,,,,0.0,0.03,1495030000,1840092000,1.12,2011-09-30,16.18,1621257000,15117000000.0,6291331000,1394946000,548906000,108610000,108610000,None,0,None,2137451000,None,None,2384986000,None,None,855325000,None,None,None,0.0418,,4796301000,1495030000,213537000,817703000,None,616349000,None,,,,,1.123,17.2,0.433,,,,,,,,0.0221,,3615361000,2025-10-28,quarterly,1.15,USD,pre-market,None,7831330000,0.0831,0.835,0.032,169.2,4796301000,2596665000,211679000,0,76.07,75.39,2.6786,11446863000,5696234000,3578690000,6792608000,5750629000,3213918000,32628438000,4654255000,19.9,-4481788000,83.12,66.22
2025-12-28,SYY,3.73,82034000000.0,19.9,None,0.62,4.319,,None,639765000,639765000,,,,,,,,,765175000,593449101,None,26337107000,26337107000,2183417000,None,None,2898283000,None,None,345062000,,2.1,0.0283,,,,0.0,0.03,1495030000,1840092000,1.12,2011-06-30,16.18,1633289000,15117000000.0,6291331000,1394946000,548906000,109938000,109938000,None,0,None,2073766000,None,None,2279517000,None,None,855325000,None,None,None,0.0418,,4796301000,1495030000,121068000,677170000,None,621498000,None,,,,,1.123,17.2,0.433,,,,,,,,0.0221,,3512389000,2025-10-28,quarterly,1.15,USD,pre-market,None,7681669000,0.0831,0.835,0.032,169.2,4796301000,2668523000,389006000,0,76.07,75.39,2.6786,11385555000,5732882000,3575075000,6680313000,5652673000,3105238000,32628438000,4705242000,19.9,-4369398000,83.12,66.22
2025-12-28,SYY,3.73,82034000000.0,19.9,None,0.62,4.319,,None,385668000,385668000,,,,,,,,,765175000,585421864,None,26337107000,26337107000,2143219000,None,None,2926033000,None,None,345062000,,2.1,0.0283,,,,0.0,0.03,1495030000,1840092000,1.12,2011-03-31,16.18,1596727000,15117000000.0,6291331000,1394946000,548906000,101518000,101518000,None,0,None,2047371000,None,None,2663470000,None,None,855325000,None,None,None,0.0418,,4796301000,1495030000,79485000,899101000,None,812356000,None,,,,,1.123,17.2,0.433,,,,,,,,0.0221,,3419862000,2025-10-28,quarterly,1.15,USD,pre-market,None,7499532000,0.0831,0.835,0.032,169.2,4796301000,2672762000,9292000,0,76.07,75.39,2.6786,10949934000,5438557000,3136450000,6742729000,5511377000,3606279000,32628438000,4207205000,19.9,-4589277000,83.12,66.22
2025-12-28,SYY,3.73,82034000000.0,19.9,None,0.62,4.319,,None,209755000,209755000,,,,,,,,,765175000,587110338,None,26337107000,26337107000,1804690000,None,None,2623300000,None,None,345062000,,2.1,0.0283,,,,0.0,0.03,1495030000,1840092000,1.12,2010-12-31,16.18,1577108000,15117000000.0,6291331000,1394946000,548906000,104511000,104511000,None,0,None,1963397000,None,None,2653529000,None,None,855325000,None,None,None,0.0418,,4796301000,1495030000,70430000,861239000,None,773490000,None,,,,,1.123,17.2,0.433,,,,,,,,0.0221,,3370553000,2025-10-28,quarterly,1.15,USD,pre-market,None,7392996000,0.0831,0.835,0.032,169.2,4796301000,2661396000,7867000,0,76.07,75.39,2.6786,10328283000,4866882000,2721534000,6333792000,5461401000,3612258000,32628438000,3994491000,19.9,-4624871000,83.12,66.22
2025-12-28,SYY,3.73,82034000000.0,19.9,None,0.62,4.319,,None,448374000,448374000,,,,,,,,,765175000,591103346,None,26337107000,26337107000,1998982000,None,None,2814958000,None,None,345062000,,2.1,0.0283,,,,0.0,0.03,1495030000,1840092000,1.12,2010-09-30,16.18,1577691000,15117000000.0,6291331000,1394946000,548906000,110974000,110974000,None,0,None,1875242000,None,None,2486646000,None,None,855325000,None,None,None,0.0418,,4796301000,1495030000,150837000,802201000,None,758912000,None,,,,,1.123,17.2,0.433,,,,,,,,0.0221,,3277583000,2025-10-28,quarterly,1.15,USD,pre-market,None,7286409000,0.0831,0.835,0.032,169.2,4796301000,2494483000,7837000,0,76.07,75.39,2.6786,10655410000,5289411000,3146021000,6674415000,5365999000,3528394000,32628438000,3980995000,19.9,-4480754000,83.12,66.22
2025-12-28,SYY,3.73,82034000000.0,19.9,None,0.62,4.319,,None,585443000,585443000,,,,,,,,,765175000,591103346,None,26337107000,26337107000,1953092000,None,None,2617352000,None,None,345062000,,2.1,0.0283,,,,0.0,0.03,1495030000,1840092000,1.12,2010-06-30,16.18,1549815000,15117000000.0,6291331000,1394946000,548906000,106398000,106398000,None,0,None,1771539000,None,None,2472662000,None,None,855325000,None,None,None,0.0418,,4796301000,1495030000,78413000,1040715000,None,732803000,None,,,,,1.123,17.2,0.433,,,,,,,,0.0221,,3203823000,2025-10-28,quarterly,1.15,USD,pre-market,None,7134139000,0.0831,0.835,0.032,169.2,4796301000,2480632000,7970000,23511000,76.07,75.39,2.6786,10313701000,5076258000,3009198000,6486175000,5237443000,3476977000,32628438000,3827526000,19.9,-4408370000,83.12,66.22
2025-12-28,SYY,3.73,82034000000.0,19.9,None,0.62,4.319,,None,652792000,652792000,,,,,,,,,765175000,594833736,None,26337107000,26337107000,2038922000,None,None,2633995000,None,None,345062000,,2.1,0.0283,,,,0.0,0.03,1495030000,1840092000,1.12,2010-03-31,16.18,1559291000,15117000000.0,6291331000,1394946000,548906000,114254000,114254000,None,0,None,1751239000,None,None,2468517000,None,None,855325000,None,None,None,0.0418,,4796301000,1495030000,93769000,848485000,None,541229000,None,,,,,1.123,17.2,0.433,,,,,,,,0.0221,,3176220000,2025-10-28,quarterly,1.15,USD,pre-market,None,6943640000,0.0831,0.835,0.032,169.2,4796301000,2476334000,7817000,0,76.07,75.39,2.6786,10468227000,5131795000,2917232000,6440189000,5336432000,3522957000,32628438000,4028038000,19.9,-4312228000,83.12,66.22
2025-12-28,SYY,3.73,82034000000.0,19.9,None,0.62,4.319,,None,647606000,647606000,,,,,,,,,765175000,593372477,None,26337107000,26337107000,1906745000,None,None,2526044000,None,None,345062000,,2.1,0.0283,,,,0.0,0.03,1495030000,1840092000,1.12,2009-12-31,16.18,1551550000,15117000000.0,6291331000,1394946000,548906000,118032000,118032000,None,0,None,1790327000,None,None,2468690000,None,None,855325000,None,None,None,0.0418,,4796301000,1495030000,63674000,811785000,None,548383000,None,,,,,1.123,17.2,0.433,,,,,,,,0.0221,,3072721000,2025-10-28,quarterly,1.15,USD,pre-market,None,6844095000,0.0831,0.835,0.032,169.2,4796301000,2477128000,8438000,61860000,76.07,75.39,2.6786,10276966000,5089511000,2783743000,6346679000,5187455000,3562936000,32628438000,3930287000,19.9,-4287026000,83.12,66.22
2025-12-28,SYY,3.73,82034000000.0,19.9,None,0.62,4.319,,None,851036000,851036000,,,,,,,,,765175000,591983474,None,26337107000,26337107000,1960354000,None,None,2575293000,None,None,345062000,,2.1,0.0283,,,,0.0,0.03,1495030000,1840092000,1.12,2009-09-30,16.18,1529066000,15117000000.0,6291331000,1394946000,548906000,116731000,116731000,None,0,None,1747773000,None,None,2468783000,None,None,855325000,None,None,None,0.0418,,4796301000,1495030000,160275000,767742000,None,548163000,None,,,,,1.123,17.2,0.433,,,,,,,,0.0221,,3014341000,2025-10-28,quarterly,1.15,USD,pre-market,None,6724058000,0.0831,0.835,0.032,169.2,4796301000,2477526000,8743000,27438000,76.07,75.39,2.6786,10429705000,5361815000,3082259000,6715347000,5067890000,3633088000,32628438000,3714358000,19.9,-4305845000,83.12,66.22
2025-12-28,SYY,3.73,82034000000.0,19.9,None,0.62,4.319,,None,1018651000,1018651000,,,,,,,,,765175000,591983474,None,26337107000,26337107000,1788454000,None,None,2468511000,None,None,345062000,,2.1,0.0283,,,,0.0,0.03,1495030000,1840092000,1.12,2009-06-30,16.18,1510795000,15117000000.0,6291331000,1394946000,548906000,121089000,121089000,None,0,None,1650666000,None,None,2467486000,None,None,855325000,None,None,None,0.0418,,4796301000,1495030000,64418000,960121000,None,None,None,,,,,1.123,17.2,0.433,,,,,,,,0.0221,,2979200000,2025-10-28,quarterly,1.15,USD,pre-market,None,6539890000,0.0831,0.835,0.032,169.2,4796301000,2476649000,9163000,-68433000,76.07,75.39,2.6786,10148186000,5202246000,3081721000,6698484000,4945940000,3616763000,32628438000,3449702000,19.9,-4337729000,83.12,66.22
2025-12-28,SYY,3.73,82034000000.0,19.9,None,0.62,4.319,,None,899117000,899117000,,,,,,,,,765175000,590667577,None,26337107000,26337107000,1830432000,None,None,2549769000,None,None,345062000,,2.1,0.0283,,,,0.0,0.03,1495030000,1840092000,1.12,2009-03-31,16.18,1404993000,15117000000.0,6291331000,1394946000,548906000,87011000,87011000,None,0,None,1710251000,None,None,2463243000,None,None,855325000,None,None,None,0.0418,,4796301000,1495030000,67131000,1180952000,None,None,None,,,,,1.123,17.2,0.433,,,,,,,,0.0221,,2891893000,2025-10-28,quarterly,1.15,USD,pre-market,None,6366304000,0.0831,0.835,0.032,169.2,4796301000,2469772000,6529000,None,76.07,75.39,2.6786,10137052000,5226268000,3116092000,6805875000,4910784000,3689783000,32628438000,3331177000,19.9,-4355297000,83.12,66.22
2025-12-28,SYY,3.73,82034000000.0,19.9,None,0.62,4.319,,None,373074000,373074000,,,,,,,,,765175000,598233384,None,26337107000,26337107000,1707331000,None,None,2623509000,None,None,345062000,,2.1,0.0283,,,,0.0,0.03,1495030000,1840092000,1.12,2008-12-31,16.18,1384790000,15117000000.0,6291331000,1394946000,548906000,78976000,78976000,None,0,None,1862187000,None,None,1972612000,None,None,855325000,None,None,None,0.0418,,4796301000,1495030000,60938000,1040341000,None,None,None,,,,,1.123,17.2,0.433,,,,,,,,0.0221,,2890641000,2025-10-28,quarterly,1.15,USD,pre-market,None,6281575000,0.0831,0.835,0.032,169.2,4796301000,1979359000,6747000,None,76.07,75.39,2.6786,9811422000,4919708000,3293209000,6517410000,4891714000,3224201000,32628438000,3294012000,19.9,-4306294000,83.12,66.22
2025-12-28,SYY,3.73,82034000000.0,19.9,None,0.62,4.319,,None,345625000,345625000,,,,,,,,,765175000,605707175,None,26337107000,26337107000,2051112000,None,None,2873502000,None,None,345062000,,2.1,0.0283,,,,0.0,0.03,1495030000,1840092000,1.12,2008-09-30,16.18,1421460000,15117000000.0,6291331000,1394946000,548906000,83709000,83709000,None,0,None,1933703000,None,None,1974053000,None,None,855325000,None,None,None,0.0418,,4796301000,1495030000,170876000,757455000,None,None,None,,,,,1.123,17.2,0.433,,,,,,,,0.0221,,2876081000,2025-10-28,quarterly,1.15,USD,pre-market,None,6185935000,0.0831,0.835,0.032,169.2,4796301000,1979322000,5269000,None,76.07,75.39,2.6786,10285055000,5323706000,3398444000,6779829000,4961349000,3381385000,32628438000,3505226000,19.9,-4075134000,83.12,66.22
2025-12-28,SYY,3.73,82034000000.0,19.9,None,0.62,4.319,,None,551552000,551552000,,,,,,,,,765175000,605707175,None,26337107000,26337107000,2048759000,None,None,2723189000,None,None,345062000,,2.1,0.0283,,,,0.0,0.03,1495030000,1840092000,1.12,2008-06-30,16.18,1413224000,15117000000.0,6291331000,1394946000,548906000,87528000,87528000,None,0,None,1836478000,None,None,1975435000,None,None,855325000,None,None,None,0.0418,,4796301000,1495030000,63814000,1434023000,None,None,None,,,,,1.123,17.2,0.433,,,,,,,,0.0221,,2889790000,2025-10-28,quarterly,1.15,USD,pre-market,None,6041429000,0.0831,0.835,0.032,169.2,4796301000,1980331000,4896000,None,76.07,75.39,2.6786,10082293000,5175033000,3499343000,6673307000,4907260000,3173964000,32628438000,3408986000,19.9,-4041058000,83.12,66.22
2025-12-28,SYY,3.73,82034000000.0,19.9,None,0.62,4.319,,None,243919000,243919000,,,,,,,,,765175000,605773862,None,26337107000,26337107000,2033198000,None,None,2737464000,None,None,345062000,,2.1,0.0283,,,,0.0,0.03,1495030000,1840092000,1.12,2008-03-31,16.18,1406700000,15117000000.0,6291331000,1394946000,548906000,90242000,90242000,None,0,None,1836683000,None,None,2040546000,None,None,855325000,None,None,None,0.0418,,4796301000,1495030000,62432000,1232867000,None,None,None,,,,,1.123,17.2,0.433,,,,,,,,0.0221,,2857230000,2025-10-28,quarterly,1.15,USD,pre-market,None,5839698000,0.0831,0.835,0.032,169.2,4796301000,2045050000,4504000,None,76.07,75.39,2.6786,9960985000,4880498000,3430197000,6680038000,5080487000,3249841000,32628438000,3280947000,19.9,-4069318000,83.12,66.22
2025-12-28,SYY,3.73,82034000000.0,19.9,None,0.62,4.319,,None,168786000,168786000,,,,,,,,,765175000,614620234,None,26337107000,26337107000,2000419000,None,None,2754339000,None,None,345062000,,2.1,0.0283,,,,0.0,0.03,1495030000,1840092000,1.12,2007-12-31,16.18,1408061000,15117000000.0,6291331000,1394946000,548906000,91329000,91329000,None,0,None,1896557000,None,None,2135547000,None,None,855325000,None,None,None,0.0418,,4796301000,1495030000,64798000,995845000,None,None,None,,,,,1.123,17.2,0.433,,,,,,,,0.0221,,2841229000,2025-10-28,quarterly,1.15,USD,pre-market,None,5731024000,0.0831,0.835,0.032,169.2,4796301000,2143103000,7556000,None,76.07,75.39,2.6786,9952827000,4884480000,3268683000,6622764000,5068347000,3354081000,32628438000,3330063000,19.9,-3921992000,83.12,66.22
2025-12-28,SYY,3.73,82034000000.0,19.9,None,0.62,4.319,,None,190154000,190154000,,,,,,,,,765175000,617108313,None,26337107000,26337107000,2079131000,None,None,2765213000,None,None,345062000,,2.1,0.0283,,,,0.0,0.03,1495030000,1840092000,1.12,2007-09-30,16.18,1394814000,15117000000.0,6291331000,1394946000,548906000,90393000,90393000,None,0,None,1865355000,None,None,1969804000,None,None,855325000,None,None,None,0.0418,,4796301000,1495030000,209105000,779968000,None,None,None,,,,,1.123,17.2,0.433,,,,,,,,0.0221,,2780780000,2025-10-28,quarterly,1.15,USD,pre-market,None,5600065000,0.0831,0.835,0.032,169.2,4796301000,1976080000,6276000,None,76.07,75.39,2.6786,10017944000,5029827000,3374745000,6720489000,4988117000,3345744000,32628438000,3297455000,19.9,-3784612000,83.12,66.22
2025-12-28,SYY,3.73,82034000000.0,19.9,None,0.62,4.319,,None,207872000,207872000,,,,,,,,,765175000,617108313,None,26337107000,26337107000,1981190000,None,None,2610885000,None,None,345062000,,2.1,0.0283,,,,0.0,0.03,1495030000,1840092000,1.12,2007-06-30,16.18,1355313000,15117000000.0,6291331000,1394946000,548906000,91366000,91366000,None,0,None,1714187000,None,None,1758227000,None,None,855325000,None,None,None,0.0418,,4796301000,1495030000,142602000,1850210000,None,None,None,,,,,1.123,17.2,0.433,,,,,,,,0.0221,,2721233000,2025-10-28,quarterly,1.15,USD,pre-market,None,5544078000,0.0831,0.835,0.032,169.2,4796301000,1780695000,22468000,None,76.07,75.39,2.6786,9518931000,4675546000,3415089000,6240531000,4843385000,2825442000,32628438000,3278400000,19.9,-3663946000,83.12,66.22
2025-12-28,SYY,3.73,82034000000.0,19.9,None,0.62,4.319,,None,180943000,180943000,,,,,,,,,765175000,625750925,None,26337107000,26337107000,1982126000,None,None,2634273000,None,None,345062000,,2.1,0.0283,,,,0.0,0.03,1495030000,1840092000,1.12,2007-03-31,16.18,1329745000,15117000000.0,6291331000,1394946000,548906000,89977000,89977000,None,0,None,1693084000,None,None,1633091000,None,None,855325000,None,None,None,0.0418,,4796301000,1495030000,66939000,1167845000,None,None,None,,,,,1.123,17.2,0.433,,,,,,,,0.0221,,2649708000,2025-10-28,quarterly,1.15,USD,pre-market,None,5357045000,0.0831,0.835,0.032,169.2,4796301000,1748473000,115382000,None,76.07,75.39,2.6786,9427321000,4575239000,3385272000,6091800000,4852082000,2706528000,32628438000,3335521000,19.9,-3472227000,83.12,66.22
2025-12-28,SYY,3.73,82034000000.0,19.9,None,0.62,4.319,,None,185862000,185862000,,,,,,,,,765175000,628429841,None,26337107000,26337107000,1888178000,None,None,2551114000,None,None,345062000,,2.1,0.0283,,,,0.0,0.03,1495030000,1840092000,1.12,2006-12-31,16.18,1324014000,15117000000.0,6291331000,1394946000,548906000,92759000,92759000,None,0,None,1717978000,None,None,1755982000,None,None,855325000,None,None,None,0.0418,,4796301000,1495030000,69785000,957724000,None,None,None,,,,,1.123,17.2,0.433,,,,,,,,0.0221,,2593874000,2025-10-28,quarterly,1.15,USD,pre-market,None,5202504000,0.0831,0.835,0.032,169.2,4796301000,1871099000,115117000,None,76.07,75.39,2.6786,9266398000,4524739000,3243227000,6080733000,4741659000,2837506000,32628438000,3185665000,19.9,-3433537000,83.12,66.22
2025-12-28,SYY,3.73,82034000000.0,19.9,None,0.62,4.319,,None,180721000,180721000,,,,,,,,,765175000,625486950,None,26337107000,26337107000,1913688000,None,None,2636834000,None,None,345062000,,2.1,0.0283,,,,0.0,0.03,1495030000,1840092000,1.12,2006-09-30,16.18,1329782000,15117000000.0,6291331000,1394946000,548906000,96136000,96136000,None,0,None,1715608000,None,None,1738858000,None,None,855325000,None,None,None,0.0418,,4796301000,1495030000,162027000,1174844000,None,None,None,,,,,1.123,17.2,0.433,,,,,,,,0.0221,,2486301000,2025-10-28,quarterly,1.15,USD,pre-market,None,5083232000,0.0831,0.835,0.032,169.2,4796301000,1851791000,112933000,None,76.07,75.39,2.6786,9320960000,4695190000,3201465000,6174248000,4625770000,2972783000,32628438000,3146712000,19.9,-3341275000,83.12,66.22
2025-12-28,SYY,3.73,82034000000.0,19.9,None,0.62,4.319,,None,201897000,201897000,,,,,,,,,765175000,625486950,None,26337107000,26337107000,1891357000,None,None,2483720000,None,None,345062000,,2.1,0.0283,,,,0.0,0.03,1495030000,1840092000,1.12,2006-06-30,16.18,1302591000,15117000000.0,6291331000,1394946000,548906000,95651000,95651000,None,0,None,1608233000,None,None,1627127000,None,None,855325000,None,None,None,0.0418,,4796301000,1495030000,105844000,1152791000,None,None,None,,,,,1.123,17.2,0.433,,,,,,,,0.0221,,2464900000,2025-10-28,quarterly,1.15,USD,pre-market,None,4999440000,0.0831,0.835,0.032,169.2,4796301000,1762692000,135565000,None,76.07,75.39,2.6786,8992025000,4399694000,3226403000,5939741000,4592331000,2713338000,32628438000,3052284000,19.9,-3322633000,83.12,66.22
2025-12-28,SYY,3.73,82034000000.0,19.9,None,0.62,4.319,,None,205605000,205605000,,,,,,,,,765175000,625101592,None,26337107000,26337107000,1839477000,None,None,2467308000,None,None,345062000,,2.1,0.0283,,,,0.0,0.03,1495030000,1840092000,1.12,2006-03-31,16.18,1292527000,15117000000.0,6291331000,1394946000,548906000,97733000,97733000,None,0,None,1601250000,None,None,1787155000,None,None,855325000,None,None,None,0.0418,,4796301000,1495030000,72049000,1083778000,None,None,None,,,,,1.123,17.2,0.433,,,,,,,,0.0221,,2399345000,2025-10-28,quarterly,1.15,USD,pre-market,None,4849518000,0.0831,0.835,0.032,169.2,4796301000,2007725000,220570000,None,76.07,75.39,2.6786,8884088000,4346212000,3191472000,6084258000,4537876000,2892786000,32628438000,2799830000,19.9,-3333055000,83.12,66.22
2025-12-28,SYY,3.73,82034000000.0,19.9,None,0.62,4.319,,None,253938000,253938000,,,,,,,,,765175000,627147814,None,26337107000,26337107000,1813247000,None,None,2360132000,None,None,345062000,,2.1,0.0283,,,,0.0,0.03,1495030000,1840092000,1.12,2005-12-31,16.18,None,15117000000.0,6291331000,1394946000,548906000,1346228000,1346228000,None,0,None,1672908000,None,None,1827586000,None,None,855325000,None,None,None,0.0418,,4796301000,1495030000,65273000,897272000,None,None,None,,,,,1.123,17.2,0.433,,,,,,,,0.0221,,2344423000,2025-10-28,quarterly,1.15,USD,pre-market,None,4766135000,0.0831,0.835,0.032,169.2,4796301000,2068647000,241061000,None,76.07,75.39,2.6786,8810187000,4352251000,3141173000,6098930000,4457936000,2957757000,32628438000,2711257000,19.9,-3312307000,83.12,66.22
2025-12-28,SYY,3.73,82034000000.0,19.9,None,0.62,4.319,,None,177918000,177918000,,,,,,,,,765175000,634959278,None,26337107000,26337107000,1806046000,None,None,2406855000,None,None,345062000,,2.1,0.0283,,,,0.0,0.03,1495030000,1840092000,1.12,2005-09-30,16.18,1245000000,15117000000.0,6291331000,1394946000,548906000,1324354000,1324354000,None,0,None,1568546000,None,None,1451697000,None,None,855325000,None,None,None,0.0418,,4796301000,1495030000,132528000,667429000,None,None,None,,,,,1.123,17.2,0.433,,,,,,,,0.0221,,2280580000,2025-10-28,quarterly,1.15,USD,pre-market,None,4667348000,0.0831,0.835,0.032,169.2,4796301000,1693734000,242037000,None,76.07,75.39,2.6786,8605786000,4285847000,3189157000,5885396000,4319939000,2696239000,32628438000,2720390000,19.9,-3172735000,83.12,66.22
2025-12-28,SYY,3.73,82034000000.0,19.9,None,0.62,4.319,,1185000000,1071000000,1071000000,,,,,,,,,765000000,489825648,None,26337107000,26337107000,6512000000,None,949000000,5506000000,None,None,345062000,,2.1,0.0283,,,,0.0,0.03,1495030000,1840092000,1.12,2025-06-30,16.18,5231000000,15117000000.0,6291331000,1394946000,548906000,1080000000,1080000000,None,0,None,5053000000,None,None,12360000000,None,None,855325000,None,None,None,0.0418,,4796301000,1495030000,338000000,2319000000,None,1247000000,None,,,,,1.123,17.2,0.433,,,,,,,,0.0221,,7215000000,2025-10-28,annual,1.15,USD,pre-market,None,13061000000,0.0831,0.835,0.032,169.2,4796301000,14494000000,1085000000,None,76.07,75.39,2.6786,26774000000,11968000000,9916000000,24917000000,14806000000,15001000000,32628438000,1830000000,19.9,None,83.12,66.22
2025-12-28,SYY,3.73,82034000000.0,19.9,None,0.62,4.319,,963000000,696000000,696000000,,,,,,,,,765000000,503096086,None,26337107000,26337107000,6290000000,None,469000000,5346000000,None,None,345062000,,2.1,0.0283,,,,0.0,0.03,1495030000,1840092000,1.12,2024-06-30,16.18,5153000000,15117000000.0,6291331000,1394946000,548906000,1188000000,1188000000,None,0,None,4678000000,None,None,11513000000,None,None,855325000,None,None,None,0.0418,,4796301000,1495030000,323000000,2226000000,None,1089000000,None,,,,,1.123,17.2,0.433,,,,,,,,0.0221,,6420000000,2025-10-28,annual,1.15,USD,pre-market,None,12260000000,0.0831,0.835,0.032,169.2,4796301000,12945000000,594000000,1182000000,76.07,75.39,2.6786,24917000000,11043000000,9241000000,23026000000,13874000000,13785000000,32628438000,1860000000,19.9,None,83.12,66.22
2025-12-28,SYY,3.73,82034000000.0,19.9,None,0.62,4.319,,755320000,745000000,745000000,,,,,,,,,765000000,509719756,None,26337107000,26337107000,6025000000,None,62550000,5098000000,None,None,345062000,,2.1,0.0283,,,,0.0,0.03,1495030000,1840092000,1.12,2023-06-30,16.18,4646000000,15117000000.0,6291331000,1394946000,548906000,859000000,859000000,None,0,None,4481000000,None,None,10347997000,None,None,855325000,None,None,None,0.0418,,4796301000,1495030000,284000000,2251106000,None,931708000,None,,,,,1.123,17.2,0.433,,,,,,,,0.0221,,5646815000,2025-10-28,annual,1.15,USD,pre-market,None,11311000000,0.0831,0.835,0.032,169.2,4796301000,11166000000,162000000,None,76.07,75.39,2.6786,22821000000,10608000000,8540000000,20779000000,12212000000,12239000000,32628438000,2009000000,19.9,None,83.12,66.22
2025-12-28,SYY,3.73,82034000000.0,19.9,None,0.62,4.319,,742107000,867086000,867086000,,,,,,,,,765175000,514005826,None,26337107000,26337107000,5752958000,None,580611000,4874846000,None,None,345062000,,2.1,0.0283,,,,0.0,0.03,1495030000,1840092000,1.12,2022-06-30,16.18,4542315000,15117000000.0,6291331000,1394946000,548906000,952683000,952683000,None,0,None,4437498000,None,None,10066931000,None,None,855325000,None,None,None,0.0418,,4796301000,1495030000,303789000,2270753000,None,967907000,None,,,,,1.123,17.2,0.433,,,,,,,,0.0221,,5179717000,2025-10-28,annual,1.15,USD,pre-market,None,10539722000,0.0831,0.835,0.032,169.2,4796301000,11389649000,686301000,None,76.07,75.39,2.6786,22085688000,10483219000,8750054000,20671480000,11602469000,11921426000,32628438000,1382260000,19.9,-10206888000,83.12,66.22
2025-12-28,SYY,3.73,82034000000.0,19.9,None,0.62,4.319,,737140000,3007123000,3007123000,,,,,,,,,765175000,513555087,None,26337107000,26337107000,4884781000,None,494923000,3790269000,None,None,345062000,,2.1,0.0283,,,,0.0,0.03,1495030000,1840092000,1.12,2021-06-30,16.18,3944139000,15117000000.0,6291331000,1394946000,548906000,746073000,746073000,None,0,None,3695219000,None,None,10588184000,None,None,855325000,None,None,None,0.0418,,4796301000,1495030000,240956000,1814837000,None,1136480000,None,,,,,1.123,17.2,0.433,,,,,,,,0.0221,,5035226000,2025-10-28,annual,1.15,USD,pre-market,None,10151706000,0.0831,0.835,0.032,169.2,4796301000,11820247000,597582000,None,76.07,75.39,2.6786,21413539000,10733567000,7319844000,19826055000,10679972000,12506211000,32628438000,1552896000,19.9,-9835216000,83.12,66.22
2025-12-28,SYY,3.73,82034000000.0,19.9,None,0.62,4.319,,630663000,6059427000,6059427000,,,,,,,,,765175000,514025974,None,26337107000,26337107000,3447065000,None,1544394000,3001557000,None,None,345062000,,2.1,0.0283,,,,0.0,0.03,1495030000,1840092000,1.12,2020-06-30,16.18,3732469000,15117000000.0,6291331000,1394946000,548906000,780171000,780171000,None,0,None,3095085000,None,None,12833543000,None,None,855325000,None,None,None,0.0418,,4796301000,1495030000,192163000,1616289000,None,1204953000,None,,,,,1.123,17.2,0.433,,,,,,,,0.0221,,5062183000,2025-10-28,annual,1.15,USD,pre-market,None,10563008000,0.0831,0.835,0.032,169.2,4796301000,15077542000,1651561000,1388000,76.07,75.39,2.6786,22628266000,12348232000,6717853000,21435388000,10280033000,14717535000,32628438000,1158613000,19.9,-9965590000,83.12,66.22
2025-12-28,SYY,3.73,82034000000.0,19.9,None,0.62,4.319,,None,513460000,513460000,,,,,,,,,765175000,523381124,None,26337107000,26337107000,4314620000,None,41279000,4201429000,None,None,345062000,,2.1,0.0283,,,,0.0,0.03,1495030000,1840092000,1.12,2019-06-30,16.18,3896226000,15117000000.0,6291331000,1394946000,548906000,857301000,857301000,None,0,None,3216034000,None,None,8122058000,None,145409000,855325000,None,None,None,0.0418,,4796301000,1495030000,210582000,1729941000,None,1031020000,None,,,,,1.123,17.2,0.433,,,,,,,,0.0221,,4501705000,2025-10-28,annual,1.15,USD,pre-market,None,11229679000,0.0831,0.835,0.032,169.2,4796301000,8163337000,41279000,12006000,76.07,75.39,2.6786,17966522000,8141505000,6103183000,15428493000,9825017000,9325310000,32628438000,2502603000,19.9,-9349941000,83.12,66.22
2025-12-28,SYY,3.73,82034000000.0,19.9,None,0.62,4.319,,None,552325000,552325000,,,,,,,,,765175000,529089854,None,26337107000,26337107000,4136482000,None,786505000,4137835000,None,None,345062000,,2.1,0.0283,,,,0.0,0.03,1495030000,1840092000,1.12,2018-06-30,16.18,3955485000,15117000000.0,6291331000,1394946000,548906000,979812000,979812000,None,0,None,3125413000,None,None,7540765000,None,None,855325000,None,None,None,0.0418,,4796301000,1495030000,187880000,1608966000,None,1077163000,None,,,,,1.123,17.2,0.433,,,,,,,,0.0221,,4521660000,2025-10-28,annual,1.15,USD,pre-market,None,10348628000,0.0831,0.835,0.032,169.2,4796301000,8327270000,786505000,0,76.07,75.39,2.6786,18070404000,8003453000,6588746000,15525798000,10066951000,8937052000,32628438000,2506957000,19.9,-8581196000,83.12,66.22
2025-12-28,SYY,3.73,82034000000.0,19.9,None,0.62,4.319,,None,869502000,869502000,,,,,,,,,765175000,548545027,None,26337107000,26337107000,3971112000,None,534013000,4029153000,None,None,345062000,,2.1,0.0283,,,,0.0,0.03,1495030000,1840092000,1.12,2017-06-30,16.18,3916128000,15117000000.0,6291331000,1394946000,548906000,1037511000,1037511000,None,0,None,2995598000,None,None,7660877000,None,None,855325000,None,None,None,0.0418,,4796301000,1495030000,139185000,1576221000,None,1373822000,None,,,,,1.123,17.2,0.433,,,,,,,,0.0221,,4377302000,2025-10-28,annual,1.15,USD,pre-market,None,9447755000,0.0831,0.835,0.032,169.2,4796301000,8194890000,534013000,707000,76.07,75.39,2.6786,17756655000,8033438000,6095886000,15292300000,9723217000,9196414000,32628438000,2381516000,19.9,-7896043000,83.12,66.22
2025-12-28,SYY,3.73,82034000000.0,19.9,None,0.62,4.319,,None,3919300000,3919300000,,,,,,,,,765175000,577391406,None,26337107000,26337107000,2935982000,None,98472000,3380971000,None,None,345062000,,2.1,0.0283,,,,0.0,0.03,1495030000,1840092000,1.12,2016-06-30,16.18,2121661000,15117000000.0,6291331000,1394946000,548906000,207461000,207461000,None,0,None,2639174000,None,None,7336930000,None,36805000,855325000,None,None,None,0.0418,,4796301000,1495030000,114454000,1289312000,None,1368482000,None,,,,,1.123,17.2,0.433,,,,,,,,0.0221,,3880442000,2025-10-28,annual,1.15,USD,pre-market,None,9006138000,0.0831,0.835,0.032,169.2,4796301000,7435402000,98472000,0,76.07,75.39,2.6786,16721804000,10053899000,4434456000,13166810000,6667905000,8732354000,32628438000,3479608000,19.9,-6214727000,83.12,66.22
2025-12-28,SYY,3.73,82034000000.0,19.9,None,0.62,4.319,,None,5130044000,5130044000,,,,,,,,,765175000,596849034,None,26337107000,26337107000,2881953000,None,4979301000,3353381000,None,None,345062000,,2.1,0.0283,,,,0.0,0.03,1495030000,1840092000,1.12,2015-06-30,16.18,1959817000,15117000000.0,6291331000,1394946000,548906000,154809000,154809000,None,0,None,2691823000,None,None,2271825000,None,12597000,855325000,None,None,None,0.0418,,4796301000,1495030000,93039000,1467610000,None,934722000,None,,,,,1.123,17.2,0.433,,,,,,,,0.0221,,3982143000,2025-10-28,annual,1.15,USD,pre-market,None,8751985000,0.0831,0.835,0.032,169.2,4796301000,7321877000,5050052000,0,76.07,75.39,2.6786,17989281000,11494304000,9399615000,12687753000,6494977000,3288138000,32628438000,5260224000,19.9,-4547738000,83.12,66.22
2025-12-28,SYY,3.73,82034000000.0,19.9,None,0.62,4.319,,None,413046000,413046000,,,,,,,,,765175000,590216220,None,26337107000,26337107000,2831028000,None,2866548000,3398713000,None,None,345062000,,2.1,0.0283,,,,0.0,0.03,1495030000,1840092000,1.12,2014-06-30,16.18,1950672000,15117000000.0,6291331000,1394946000,548906000,177227000,177227000,None,0,None,2602018000,None,None,2384167000,None,None,855325000,None,None,None,0.0418,,4796301000,1495030000,268195000,1117625000,None,1027878000,None,,,,,1.123,17.2,0.433,,,,,,,,0.0221,,3985618000,2025-10-28,annual,1.15,USD,pre-market,None,8770751000,0.0831,0.835,0.032,169.2,4796301000,2733082000,375752000,-146053000,76.07,75.39,2.6786,13141113000,6681972000,4367630000,7874418000,6459141000,3506788000,32628438000,5266695000,19.9,-4765786000,83.12,66.22
2025-12-28,SYY,3.73,82034000000.0,19.9,None,0.62,4.319,,None,412285000,412285000,,,,,,,,,765175000,592675110,None,26337107000,26337107000,2428215000,None,None,3183114000,None,None,345062000,,2.1,0.0283,,,,0.0,0.03,1495030000,1840092000,1.12,2013-06-30,16.18,1884235000,15117000000.0,6291331000,1394946000,548906000,205719000,205719000,None,0,None,2396188000,None,None,2639986000,None,None,855325000,None,None,None,0.0418,,4796301000,1495030000,230101000,967772000,None,816647000,None,,,,,1.123,17.2,0.433,,,,,,,,0.0221,,3978071000,2025-10-28,annual,1.15,USD,pre-market,None,8512786000,0.0831,0.835,0.032,169.2,4796301000,2888919000,248933000,2988000,76.07,75.39,2.6786,12678208000,6221688000,3662624000,7486398000,6456520000,3823774000,32628438000,5191810000,19.9,-4698838000,83.12,66.22
2025-12-28,SYY,3.73,82034000000.0,19.9,None,0.62,4.319,,None,688867000,688867000,,,,,,,,,765175000,588991441,None,26337107000,26337107000,2209469000,None,None,2966624000,None,None,345062000,,2.1,0.0283,,,,0.0,0.03,1495030000,1840092000,1.12,2012-06-30,16.18,1665611000,15117000000.0,6291331000,1394946000,548906000,113571000,113571000,None,0,None,2178830000,None,None,2763688000,None,None,855325000,None,None,None,0.0418,,4796301000,1495030000,250487000,909144000,None,1107499000,None,,,,,1.123,17.2,0.433,,,,,,,,0.0221,,3883750000,2025-10-28,annual,1.15,USD,pre-market,None,8175230000,0.0831,0.835,0.032,169.2,4796301000,3018338000,254650000,0,76.07,75.39,2.6786,12137207000,6084808000,3423579000,7452167000,6052399000,4028588000,32628438000,4685040000,19.9,-4531678000,83.12,66.22
2025-12-28,SYY,3.73,82034000000.0,19.9,None,0.62,4.319,,None,639765000,639765000,,,,,,,,,765175000,588691546,None,26337107000,26337107000,2183417000,None,None,2898283000,None,None,345062000,,2.1,0.0283,,,,0.0,0.03,1495030000,1840092000,1.12,2011-06-30,16.18,1633289000,15117000000.0,6291331000,1394946000,548906000,109938000,109938000,None,0,None,2073766000,None,None,2279517000,None,None,855325000,None,None,None,0.0418,,4796301000,1495030000,121068000,1002652000,None,621498000,None,,,,,1.123,17.2,0.433,,,,,,,,0.0221,,3512389000,2025-10-28,annual,1.15,USD,pre-market,None,7681669000,0.0831,0.835,0.032,169.2,4796301000,2668523000,389006000,0,76.07,75.39,2.6786,11385555000,5732882000,3575075000,6680313000,5652673000,3105238000,32628438000,4705242000,19.9,-4369398000,83.12,66.22
2025-12-28,SYY,3.73,82034000000.0,19.9,None,0.62,4.319,,None,585443000,585443000,,,,,,,,,765175000,593590042,None,26337107000,26337107000,1953092000,None,None,2617352000,None,None,345062000,,2.1,0.0283,,,,0.0,0.03,1495030000,1840092000,1.12,2010-06-30,16.18,1549815000,15117000000.0,6291331000,1394946000,548906000,106398000,106398000,None,0,None,1771539000,None,None,2472662000,None,None,855325000,None,None,None,0.0418,,4796301000,1495030000,78413000,1040715000,None,732803000,None,,,,,1.123,17.2,0.433,,,,,,,,0.0221,,3203823000,2025-10-28,annual,1.15,USD,pre-market,None,7134139000,0.0831,0.835,0.032,169.2,4796301000,2480632000,7970000,23511000,76.07,75.39,2.6786,10313701000,5076258000,3009198000,6486175000,5237443000,3476977000,32628438000,3827526000,19.9,-4408370000,83.12,66.22
2025-12-28,SYY,3.73,82034000000.0,19.9,None,0.62,4.319,,None,1018651000,1018651000,,,,,,,,,765175000,596069204,None,26337107000,26337107000,1788454000,None,None,2468511000,None,None,345062000,,2.1,0.0283,,,,0.0,0.03,1495030000,1840092000,1.12,2009-06-30,16.18,1510795000,15117000000.0,6291331000,1394946000,548906000,121089000,121089000,None,0,None,1650666000,None,None,2467486000,None,None,855325000,None,None,None,0.0418,,4796301000,1495030000,64418000,960121000,None,None,None,,,,,1.123,17.2,0.433,,,,,,,,0.0221,,2979200000,2025-10-28,annual,1.15,USD,pre-market,None,6539890000,0.0831,0.835,0.032,169.2,4796301000,2476649000,9163000,None,76.07,75.39,2.6786,10148186000,5202246000,3081721000,6698484000,4945940000,3616763000,32628438000,3449702000,19.9,-4337729000,83.12,66.22
2025-12-28,SYY,3.73,82034000000.0,19.9,None,0.62,4.319,,None,551552000,551552000,,,,,,,,,765175000,610970783,None,26337107000,26337107000,2048759000,None,None,2723189000,None,None,345062000,,2.1,0.0283,,,,0.0,0.03,1495030000,1840092000,1.12,2008-06-30,16.18,1413224000,15117000000.0,6291331000,1394946000,548906000,87528000,87528000,None,0,None,1836478000,None,None,1975435000,None,None,855325000,None,None,None,0.0418,,4796301000,1495030000,63814000,1434023000,None,None,None,,,,,1.123,17.2,0.433,,,,,,,,0.0221,,2889790000,2025-10-28,annual,1.15,USD,pre-market,None,6041429000,0.0831,0.835,0.032,169.2,4796301000,1980331000,4896000,None,76.07,75.39,2.6786,10082293000,5175033000,3499343000,6673307000,4907260000,3173964000,32628438000,3408986000,19.9,-4041058000,83.12,66.22
2025-12-28,SYY,3.73,82034000000.0,19.9,None,0.62,4.319,,None,207872000,207872000,,,,,,,,,765175000,626366798,None,26337107000,26337107000,1981190000,None,None,2610885000,None,None,345062000,,2.1,0.0283,,,,0.0,0.03,1495030000,1840092000,1.12,2007-06-30,16.18,1355313000,15117000000.0,6291331000,1394946000,548906000,91366000,91366000,None,0,None,1714187000,None,None,1758227000,None,None,855325000,None,None,None,0.0418,,4796301000,1495030000,142602000,1392113000,None,None,None,,,,,1.123,17.2,0.433,,,,,,,,0.0221,,2721233000,2025-10-28,annual,1.15,USD,pre-market,None,5544078000,0.0831,0.835,0.032,169.2,4796301000,1780695000,22468000,None,76.07,75.39,2.6786,9518931000,4675546000,3415089000,6240531000,4843385000,2825442000,32628438000,3278400000,19.9,-3663946000,83.12,66.22
2025-12-28,SYY,3.73,82034000000.0,19.9,None,0.62,4.319,,None,201897000,201897000,,,,,,,,,765175000,628800647,None,26337107000,26337107000,1891357000,None,None,2483720000,None,None,345062000,,2.1,0.0283,,,,0.0,0.03,1495030000,1840092000,1.12,2006-06-30,16.18,1302591000,15117000000.0,6291331000,1394946000,548906000,95651000,95651000,None,0,None,1608233000,None,None,1627127000,None,None,855325000,None,None,None,0.0418,,4796301000,1495030000,105844000,1152791000,None,None,None,,,,,1.123,17.2,0.433,,,,,,,,0.0221,,2464900000,2025-10-28,annual,1.15,USD,pre-market,None,4999440000,0.0831,0.835,0.032,169.2,4796301000,1762692000,135565000,None,76.07,75.39,2.6786,8992025000,4399694000,3226403000,5939741000,4592331000,2713338000,32628438000,3052284000,19.9,-3322633000,83.12,66.22
2025-12-28,SYY,3.73,82034000000.0,19.9,None,0.62,4.319,160000000,None,201897000,201897000,-195000000,-107000000,None,None,-335000000,None,None,None,765175000,628800647,None,26337107000,26337107000,1891357000,None,None,2483720000,None,None,345062000,270000000,2.1,0.0283,259000000,259000000,None,0.0,0.03,1495030000,1840092000,1.12,2025-09-30,16.18,1302591000,15117000000.0,6291331000,1394946000,548906000,95651000,95651000,None,0,None,1608233000,None,None,1627127000,None,None,476000000,None,None,None,0.0418,86000000,4796301000,1495030000,105844000,1152791000,None,None,None,None,None,None,None,1.123,17.2,0.433,None,None,None,None,None,43000000,None,0.0221,None,2464900000,2025-10-28,quarterly,1.15,USD,pre-market,None,4999440000,0.0831,0.835,0.032,169.2,4796301000,1762692000,135565000,None,76.07,75.39,2.6786,8992025000,4399694000,3226403000,5939741000,4592331000,2713338000,32628438000,3052284000,19.9,-3322633000,83.12,66.22
2025-12-28,SYY,3.73,82034000000.0,19.9,None,0.62,4.319,374000000,None,201897000,201897000,-1290000000,-325000000,None,None,-116000000,None,None,None,765175000,628800647,None,26337107000,26337107000,1891357000,None,None,2483720000,None,None,345062000,275000000,2.1,0.0283,248000000,248000000,None,0.0,0.03,1495030000,1840092000,1.12,2025-06-30,16.18,1302591000,15117000000.0,6291331000,1394946000,548906000,95651000,95651000,None,0,None,1608233000,None,None,1627127000,None,None,531000000,None,None,None,0.0418,1370000000,4796301000,1495030000,105844000,1152791000,None,None,None,None,None,None,None,1.123,17.2,0.433,None,None,None,None,None,-550000000,None,0.0221,None,2464900000,2025-10-28,quarterly,1.15,USD,pre-market,None,4999440000,0.0831,0.835,0.032,169.2,4796301000,1762692000,135565000,None,76.07,75.39,2.6786,8992025000,4399694000,3226403000,5939741000,4592331000,2713338000,32628438000,3052284000,19.9,-3322633000,83.12,66.22
2025-12-28,SYY,3.73,82034000000.0,19.9,None,0.62,4.319,199000000,None,201897000,201897000,66000000,-188000000,None,None,180000000,None,None,None,765175000,628800647,None,26337107000,26337107000,1891357000,None,None,2483720000,None,None,345062000,270000000,2.1,0.0283,249000000,249000000,None,0.0,0.03,1495030000,1840092000,1.12,2025-03-31,16.18,1302591000,15117000000.0,6291331000,1394946000,548906000,95651000,95651000,None,0,None,1608233000,None,None,1627127000,None,None,401000000,None,None,None,0.0418,819000000,4796301000,1495030000,105844000,1152791000,None,None,None,None,None,None,None,1.123,17.2,0.433,None,None,None,None,None,-400000000,None,0.0221,None,2464900000,2025-10-28,quarterly,1.15,USD,pre-market,None,4999440000,0.0831,0.835,0.032,169.2,4796301000,1762692000,135565000,None,76.07,75.39,2.6786,8992025000,4399694000,3226403000,5939741000,4592331000,2713338000,32628438000,3052284000,19.9,-3322633000,83.12,66.22
2025-12-28,SYY,3.73,82034000000.0,19.9,None,0.62,4.319,211000000,None,201897000,201897000,-234000000,-158000000,None,None,-107000000,None,None,None,765175000,628800647,None,26337107000,26337107000,1891357000,None,None,2483720000,None,None,345062000,272000000,2.1,0.0283,252000000,252000000,None,0.0,0.03,1495030000,1840092000,1.12,2024-12-31,16.18,1302591000,15117000000.0,6291331000,1394946000,548906000,95651000,95651000,None,0,None,1608233000,None,None,1627127000,None,None,406000000,None,None,None,0.0418,445000000,4796301000,1495030000,105844000,1152791000,None,None,None,None,None,None,None,1.123,17.2,0.433,None,None,None,None,None,-192000000,None,0.0221,None,2464900000,2025-10-28,quarterly,1.15,USD,pre-market,None,4999440000,0.0831,0.835,0.032,169.2,4796301000,1762692000,135565000,None,76.07,75.39,2.6786,8992025000,4399694000,3226403000,5939741000,4592331000,2713338000,32628438000,3052284000,19.9,-3322633000,83.12,66.22
2025-12-28,SYY,3.73,82034000000.0,19.9,None,0.62,4.319,122000000,None,201897000,201897000,-131000000,-46000000,None,None,-287000000,None,None,None,765175000,628800647,None,26337107000,26337107000,1891357000,None,None,2483720000,None,None,345062000,269000000,2.1,0.0283,251000000,251000000,None,0.0,0.03,1495030000,1840092000,1.12,2024-09-30,16.18,1302591000,15117000000.0,6291331000,1394946000,548906000,95651000,95651000,None,0,None,1608233000,None,None,1627127000,None,None,490000000,None,None,None,0.0418,53000000,4796301000,1495030000,105844000,1152791000,None,None,None,None,None,None,None,1.123,17.2,0.433,None,None,None,None,None,-108000000,None,0.0221,None,2464900000,2025-10-28,quarterly,1.15,USD,pre-market,None,4999440000,0.0831,0.835,0.032,169.2,4796301000,1762692000,135565000,None,76.07,75.39,2.6786,8992025000,4399694000,3226403000,5939741000,4592331000,2713338000,32628438000,3052284000,19.9,-3322633000,83.12,66.22
2025-12-28,SYY,3.73,82034000000.0,19.9,None,0.62,4.319,301839000,None,201897000,201897000,-1098260000,-261351000,None,None,55859000,None,None,None,765175000,628800647,None,26337107000,26337107000,1891357000,None,None,2483720000,None,None,345062000,258458000,2.1,0.0283,249872000,249872000,None,0.0,0.03,1495030000,1840092000,1.12,2024-06-30,16.18,1302591000,15117000000.0,6291331000,1394946000,548906000,95651000,95651000,None,0,None,1608233000,None,None,1627127000,None,None,611678000,None,None,None,0.0418,1615807000,4796301000,1495030000,105844000,1152791000,None,None,None,None,None,None,None,1.123,17.2,0.433,None,None,None,None,None,-532053000,None,0.0221,None,2464900000,2025-10-28,quarterly,1.15,USD,pre-market,None,4999440000,0.0831,0.835,0.032,169.2,4796301000,1762692000,135565000,None,76.07,75.39,2.6786,8992025000,4399694000,3226403000,5939741000,4592331000,2713338000,32628438000,3052284000,19.9,-3322633000,83.12,66.22
2025-12-28,SYY,3.73,82034000000.0,19.9,None,0.62,4.319,183161000,None,201897000,201897000,-717740000,-195649000,None,None,-27859000,None,None,None,765175000,628800647,None,26337107000,26337107000,1891357000,None,None,2483720000,None,None,345062000,254542000,2.1,0.0283,252128000,252128000,None,0.0,0.03,1495030000,1840092000,1.12,2024-03-31,16.18,1302591000,15117000000.0,6291331000,1394946000,548906000,95651000,95651000,None,0,None,1608233000,None,None,1627127000,None,None,424322000,None,None,None,0.0418,517193000,4796301000,1495030000,105844000,1152791000,None,None,None,None,None,None,None,1.123,17.2,0.433,None,None,None,None,None,-499947000,None,0.0221,None,2464900000,2025-10-28,quarterly,1.15,USD,pre-market,None,4999440000,0.0831,0.835,0.032,169.2,4796301000,1762692000,135565000,None,76.07,75.39,2.6786,8992025000,4399694000,3226403000,5939741000,4592331000,2713338000,32628438000,3052284000,19.9,-3322633000,83.12,66.22
2025-12-28,SYY,3.73,82034000000.0,19.9,None,0.62,4.319,176000000,None,201897000,201897000,712000000,-1125000000,None,None,87000000,None,None,None,765175000,628800647,None,26337107000,26337107000,1891357000,None,None,2483720000,None,None,345062000,249000000,2.1,0.0283,253000000,253000000,None,0.0,0.03,1495030000,1840092000,1.12,2023-12-31,16.18,1302591000,15117000000.0,6291331000,1394946000,548906000,95651000,95651000,None,0,None,1608233000,None,None,1627127000,None,None,416000000,None,None,None,0.0418,769000000,4796301000,1495030000,105844000,1152791000,None,None,None,None,None,None,None,1.123,17.2,0.433,None,None,None,None,None,-100000000,None,0.0221,None,2464900000,2025-10-28,quarterly,1.15,USD,pre-market,None,4999440000,0.0831,0.835,0.032,169.2,4796301000,1762692000,135565000,None,76.07,75.39,2.6786,8992025000,4399694000,3226403000,5939741000,4592331000,2713338000,32628438000,3052284000,19.9,-3322633000,83.12,66.22
2025-12-28,SYY,3.73,82034000000.0,19.9,None,0.62,4.319,171000000,None,201897000,201897000,66000000,-380000000,None,None,-185000000,None,None,None,765175000,628800647,None,26337107000,26337107000,1891357000,None,None,2483720000,None,None,345062000,235000000,2.1,0.0283,253000000,253000000,None,0.0,0.03,1495030000,1840092000,1.12,2023-09-30,16.18,1302591000,15117000000.0,6291331000,1394946000,548906000,95651000,95651000,None,0,None,1608233000,None,None,1627127000,None,None,503000000,None,None,None,0.0418,87000000,4796301000,1495030000,105844000,1152791000,None,None,None,None,None,None,None,1.123,17.2,0.433,None,None,None,None,None,-100000000,None,0.0221,None,2464900000,2025-10-28,quarterly,1.15,USD,pre-market,None,4999440000,0.0831,0.835,0.032,169.2,4796301000,1762692000,135565000,None,76.07,75.39,2.6786,8992025000,4399694000,3226403000,5939741000,4592331000,2713338000,32628438000,3052284000,19.9,-3322633000,83.12,66.22
2025-12-28,SYY,3.73,82034000000.0,19.9,None,0.62,4.319,318869000,None,201897000,201897000,-1032924000,-303259000,105637000,None,149898000,None,None,134733000,765175000,628800647,None,26337107000,26337107000,1891357000,None,None,2483720000,None,None,345062000,229773000,2.1,0.0283,248607000,248607000,None,0.0,0.03,1495030000,1840092000,1.12,2023-06-30,16.18,1302591000,15117000000.0,6291331000,1394946000,548906000,95651000,95651000,None,0,None,1608233000,None,None,1627127000,None,None,733736000,None,None,None,0.0418,1441820000,4796301000,1495030000,105844000,1152791000,None,None,None,None,None,None,None,1.123,17.2,0.433,None,None,None,None,None,-122293000,None,0.0221,None,2464900000,2025-10-28,quarterly,1.15,USD,pre-market,None,4999440000,0.0831,0.835,0.032,169.2,4796301000,1762692000,135565000,None,76.07,75.39,2.6786,8992025000,4399694000,3226403000,5939741000,4592331000,2713338000,32628438000,3052284000,19.9,-3322633000,83.12,66.22
2025-12-28,SYY,3.73,82034000000.0,19.9,None,0.62,4.319,164792000,None,201897000,201897000,-495578000,-161946000,264792000,None,50533000,None,None,-318182000,765175000,628800647,None,26337107000,26337107000,1891357000,None,None,2483720000,None,None,345062000,224071000,2.1,0.0283,249055000,249055000,None,0.0,0.03,1495030000,1840092000,1.12,2023-03-31,16.18,1302591000,15117000000.0,6291331000,1394946000,548906000,95651000,95651000,None,0,None,1608233000,None,None,1627127000,None,None,429604000,None,None,None,0.0418,922316000,4796301000,1495030000,105844000,1152791000,None,None,None,None,None,None,None,1.123,17.2,0.433,None,None,None,None,None,-110073000,None,0.0221,None,2464900000,2025-10-28,quarterly,1.15,USD,pre-market,None,4999440000,0.0831,0.835,0.032,169.2,4796301000,1762692000,135565000,None,76.07,75.39,2.6786,8992025000,4399694000,3226403000,5939741000,4592331000,2713338000,32628438000,3052284000,19.9,-3322633000,83.12,66.22
2025-12-28,SYY,3.73,82034000000.0,19.9,None,0.62,4.319,142404000,None,201897000,201897000,-127122000,-144573000,73165000,None,60602000,None,None,489395000,765175000,628800647,None,26337107000,26337107000,1891357000,None,None,2483720000,None,None,345062000,218367000,2.1,0.0283,249029000,249029000,None,0.0,0.03,1495030000,1840092000,1.12,2022-12-31,16.18,1302591000,15117000000.0,6291331000,1394946000,548906000,95651000,95651000,None,0,None,1608233000,None,None,1627127000,None,None,141216000,None,None,None,0.0418,344860000,4796301000,1495030000,105844000,1152791000,None,None,None,None,None,None,None,1.123,17.2,0.433,None,None,None,None,None,-22778000,None,0.0221,None,2464900000,2025-10-28,quarterly,1.15,USD,pre-market,None,4999440000,0.0831,0.835,0.032,169.2,4796301000,1762692000,135565000,None,76.07,75.39,2.6786,8992025000,4399694000,3226403000,5939741000,4592331000,2713338000,32628438000,3052284000,19.9,-3322633000,83.12,66.22
2025-12-28,SYY,3.73,82034000000.0,19.9,None,0.62,4.319,167260000,None,201897000,201897000,-400352000,-174835000,-416581000,None,-283252000,None,None,-576585000,765175000,628800647,None,26337107000,26337107000,1891357000,None,None,2483720000,None,None,345062000,216466000,2.1,0.0283,249294000,249294000,None,0.0,0.03,1495030000,1840092000,1.12,2022-09-30,16.18,1302591000,15117000000.0,6291331000,1394946000,548906000,95651000,95651000,None,0,None,1608233000,None,None,1627127000,None,None,465568000,None,None,None,0.0418,158606000,4796301000,1495030000,105844000,1152791000,None,None,None,None,None,None,None,1.123,17.2,0.433,None,None,None,None,None,-267727000,None,0.0221,None,2464900000,2025-10-28,quarterly,1.15,USD,pre-market,None,4999440000,0.0831,0.835,0.032,169.2,4796301000,1762692000,135565000,None,76.07,75.39,2.6786,8992025000,4399694000,3226403000,5939741000,4592331000,2713338000,32628438000,3052284000,19.9,-3322633000,83.12,66.22
2025-12-28,SYY,3.73,82034000000.0,19.9,None,0.62,4.319,305267000,None,201897000,201897000,-745964000,-294885000,4566000,None,-63811000,None,None,-63043000,765175000,628800647,None,26337107000,26337107000,1891357000,None,None,2483720000,None,None,345062000,226911000,2.1,0.0283,239072000,239072000,None,0.0,0.03,1495030000,1840092000,1.12,2022-06-30,16.18,1302591000,15117000000.0,6291331000,1394946000,548906000,95651000,95651000,None,0,None,1608233000,None,None,1627127000,None,None,509989000,None,None,None,0.0418,1045415000,4796301000,1495030000,105844000,1152791000,None,None,None,None,None,None,None,1.123,17.2,0.433,None,None,None,None,None,-84001000,None,0.0221,None,2464900000,2025-10-28,quarterly,1.15,USD,pre-market,None,4999440000,0.0831,0.835,0.032,169.2,4796301000,1762692000,135565000,None,76.07,75.39,2.6786,8992025000,4399694000,3226403000,5939741000,4592331000,2713338000,32628438000,3052284000,19.9,-3322633000,83.12,66.22
2025-12-28,SYY,3.73,82034000000.0,19.9,None,0.62,4.319,146161000,None,201897000,201897000,-213367000,-642499000,-487042000,None,-286891000,None,None,-522948000,765175000,628800647,None,26337107000,26337107000,1891357000,None,None,2483720000,None,None,345062000,221403000,2.1,0.0283,238479000,238479000,None,0.0,0.03,1495030000,1840092000,1.12,2022-03-31,16.18,1302591000,15117000000.0,6291331000,1394946000,548906000,95651000,95651000,None,0,None,1608233000,None,None,1627127000,None,None,303325000,None,None,None,0.0418,368824000,4796301000,1495030000,105844000,1152791000,None,None,None,None,None,None,None,1.123,17.2,0.433,None,None,None,None,None,53102000,None,0.0221,None,2464900000,2025-10-28,quarterly,1.15,USD,pre-market,None,4999440000,0.0831,0.835,0.032,169.2,4796301000,1762692000,135565000,None,76.07,75.39,2.6786,8992025000,4399694000,3226403000,5939741000,4592331000,2713338000,32628438000,3052284000,19.9,-3322633000,83.12,66.22
2025-12-28,SYY,3.73,82034000000.0,19.9,None,0.62,4.319,96355000,None,201897000,201897000,-789836000,-152217000,-675818000,None,-63391000,None,None,93492000,765175000,628800647,None,26337107000,26337107000,1891357000,None,None,2483720000,None,None,345062000,217932000,2.1,0.0283,240825000,240825000,None,0.0,0.03,1495030000,1840092000,1.12,2021-12-31,16.18,1302591000,15117000000.0,6291331000,1394946000,548906000,95651000,95651000,None,0,None,1608233000,None,None,1627127000,None,None,167441000,None,None,None,0.0418,266235000,4796301000,1495030000,105844000,1152791000,None,None,None,None,None,None,None,1.123,17.2,0.433,None,None,None,None,None,-415824000,None,0.0221,None,2464900000,2025-10-28,quarterly,1.15,USD,pre-market,None,4999440000,0.0831,0.835,0.032,169.2,4796301000,1762692000,135565000,None,76.07,75.39,2.6786,8992025000,4399694000,3226403000,5939741000,4592331000,2713338000,32628438000,3052284000,19.9,-3322633000,83.12,66.22
2025-12-28,SYY,3.73,82034000000.0,19.9,None,0.62,4.319,85019000,None,201897000,201897000,-237731000,-788605000,-915524000,None,-294517000,None,None,-478671000,765175000,628800647,None,26337107000,26337107000,1891357000,None,None,2483720000,None,None,345062000,214687000,2.1,0.0283,240561000,240561000,None,0.0,0.03,1495030000,1840092000,1.12,2021-09-30,16.18,1302591000,15117000000.0,6291331000,1394946000,548906000,95651000,95651000,None,0,None,1608233000,None,None,1627127000,None,None,378013000,None,None,None,0.0418,110812000,4796301000,1495030000,105844000,1152791000,None,None,None,None,None,None,None,1.123,17.2,0.433,None,None,None,None,None,17881000,None,0.0221,None,2464900000,2025-10-28,quarterly,1.15,USD,pre-market,None,4999440000,0.0831,0.835,0.032,169.2,4796301000,1762692000,135565000,None,76.07,75.39,2.6786,8992025000,4399694000,3226403000,5939741000,4592331000,2713338000,32628438000,3052284000,19.9,-3322633000,83.12,66.22
2025-12-28,SYY,3.73,82034000000.0,19.9,None,0.62,4.319,219509000,None,201897000,201897000,-2138496000,-182925000,-1897363000,None,-468880000,None,None,-531942000,765175000,628800647,None,26337107000,26337107000,1891357000,None,None,2483720000,None,None,345062000,227937000,2.1,0.0283,228313000,228313000,None,0.0,0.03,1495030000,1840092000,1.12,2021-06-30,16.18,1302591000,15117000000.0,6291331000,1394946000,548906000,95651000,95651000,None,0,None,1608233000,None,None,1627127000,None,None,151093000,None,None,None,0.0418,424058000,4796301000,1495030000,105844000,1152791000,None,None,None,None,None,None,None,1.123,17.2,0.433,None,None,None,None,None,130374000,None,0.0221,None,2464900000,2025-10-28,quarterly,1.15,USD,pre-market,None,4999440000,0.0831,0.835,0.032,169.2,4796301000,1762692000,135565000,None,76.07,75.39,2.6786,8992025000,4399694000,3226403000,5939741000,4592331000,2713338000,32628438000,3052284000,19.9,-3322633000,83.12,66.22
2025-12-28,SYY,3.73,82034000000.0,19.9,None,0.62,4.319,87223000,None,201897000,201897000,-1333671000,-82015000,-872580000,None,-119870000,None,None,-322524000,765175000,628800647,None,26337107000,26337107000,1891357000,None,None,2483720000,None,None,345062000,203322000,2.1,0.0283,230534000,230534000,None,0.0,0.03,1495030000,1840092000,1.12,2021-03-31,16.18,1302591000,15117000000.0,6291331000,1394946000,548906000,95651000,95651000,None,0,None,1608233000,None,None,1627127000,None,None,88927000,None,None,None,0.0418,543106000,4796301000,1495030000,105844000,1152791000,None,None,None,None,None,None,None,1.123,17.2,0.433,None,None,None,None,None,45596000,None,0.0221,None,2464900000,2025-10-28,quarterly,1.15,USD,pre-market,None,4999440000,0.0831,0.835,0.032,169.2,4796301000,1762692000,135565000,None,76.07,75.39,2.6786,8992025000,4399694000,3226403000,5939741000,4592331000,2713338000,32628438000,3052284000,19.9,-3322633000,83.12,66.22
2025-12-28,SYY,3.73,82034000000.0,19.9,None,0.62,4.319,88405000,None,201897000,201897000,-205234000,-80892000,-280362000,None,60665000,None,None,303382000,765175000,628800647,None,26337107000,26337107000,1891357000,None,None,2483720000,None,None,345062000,212664000,2.1,0.0283,230003000,230003000,None,0.0,0.03,1495030000,1840092000,1.12,2020-12-31,16.18,1302591000,15117000000.0,6291331000,1394946000,548906000,95651000,95651000,None,0,None,1608233000,None,None,1627127000,None,None,67289000,None,None,None,0.0418,5764000,4796301000,1495030000,105844000,1152791000,None,None,None,None,None,None,None,1.123,17.2,0.433,None,None,None,None,None,34702000,None,0.0221,None,2464900000,2025-10-28,quarterly,1.15,USD,pre-market,None,4999440000,0.0831,0.835,0.032,169.2,4796301000,1762692000,135565000,None,76.07,75.39,2.6786,8992025000,4399694000,3226403000,5939741000,4592331000,2713338000,32628438000,3052284000,19.9,-3322633000,83.12,66.22
2025-12-28,SYY,3.73,82034000000.0,19.9,None,0.62,4.319,75539000,None,201897000,201897000,-950827000,-82866000,-102779000,None,-23320000,None,None,-111261000,765175000,628800647,None,26337107000,26337107000,1891357000,None,None,2483720000,None,None,345062000,207899000,2.1,0.0283,228714000,228714000,None,0.0,0.03,1495030000,1840092000,1.12,2020-09-30,16.18,1302591000,15117000000.0,6291331000,1394946000,548906000,95651000,95651000,None,0,None,1608233000,None,None,1627127000,None,None,216900000,None,None,None,0.0418,930914000,4796301000,1495030000,105844000,1152791000,None,None,None,None,None,None,None,1.123,17.2,0.433,None,None,None,None,None,31933000,None,0.0221,None,2464900000,2025-10-28,quarterly,1.15,USD,pre-market,None,4999440000,0.0831,0.835,0.032,169.2,4796301000,1762692000,135565000,None,76.07,75.39,2.6786,8992025000,4399694000,3226403000,5939741000,4592331000,2713338000,32628438000,3052284000,19.9,-3322633000,83.12,66.22
2025-12-28,SYY,3.73,82034000000.0,19.9,None,0.62,4.319,116558000,None,201897000,201897000,3377122000,-96319000,3821014000,None,611954000,None,None,573160000,765175000,628800647,None,26337107000,26337107000,1891357000,None,None,2483720000,None,None,345062000,271804000,2.1,0.0283,228256000,228256000,None,0.0,0.03,1495030000,1840092000,1.12,2020-06-30,16.18,1302591000,15117000000.0,6291331000,1394946000,548906000,95651000,95651000,None,0,None,1608233000,None,None,1627127000,None,None,-618419000,None,None,None,0.0418,540211000,4796301000,1495030000,105844000,1152791000,None,None,None,None,None,None,None,1.123,17.2,0.433,None,None,None,None,None,844699000,None,0.0221,None,2464900000,2025-10-28,quarterly,1.15,USD,pre-market,None,4999440000,0.0831,0.835,0.032,169.2,4796301000,1762692000,135565000,None,76.07,75.39,2.6786,8992025000,4399694000,3226403000,5939741000,4592331000,2713338000,32628438000,3052284000,19.9,-3322633000,83.12,66.22
2025-12-28,SYY,3.73,82034000000.0,19.9,None,0.62,4.319,210486000,None,201897000,201897000,1535771000,-132298000,1727473000,None,-217988000,None,None,503715000,765175000,628800647,None,26337107000,26337107000,1891357000,None,None,2483720000,None,None,345062000,216477000,2.1,0.0283,228963000,228963000,None,0.0,0.03,1495030000,1840092000,1.12,2020-03-31,16.18,1302591000,15117000000.0,6291331000,1394946000,548906000,95651000,95651000,None,0,None,1608233000,None,None,1627127000,None,None,-3297000,None,None,None,0.0418,324000000,4796301000,1495030000,105844000,1152791000,None,None,None,None,None,None,None,1.123,17.2,0.433,None,None,None,None,None,-214304000,None,0.0221,None,2464900000,2025-10-28,quarterly,1.15,USD,pre-market,None,4999440000,0.0831,0.835,0.032,169.2,4796301000,1762692000,135565000,None,76.07,75.39,2.6786,8992025000,4399694000,3226403000,5939741000,4592331000,2713338000,32628438000,3052284000,19.9,-3322633000,83.12,66.22
2025-12-28,SYY,3.73,82034000000.0,19.9,None,0.62,4.319,217651000,None,201897000,201897000,-255798000,-281066000,46026000,None,-93072000,None,None,74978000,765175000,628800647,None,26337107000,26337107000,1891357000,None,None,2483720000,None,None,345062000,211530000,2.1,0.0283,199056000,199056000,None,0.0,0.03,1495030000,1840092000,1.12,2019-12-31,16.18,1302591000,15117000000.0,6291331000,1394946000,548906000,95651000,95651000,None,0,None,1608233000,None,None,1627127000,None,None,383410000,None,None,None,0.0418,582890000,4796301000,1495030000,105844000,1152791000,None,None,None,None,None,None,None,1.123,17.2,0.433,None,None,None,None,None,-281081000,None,0.0221,None,2464900000,2025-10-28,quarterly,1.15,USD,pre-market,None,4999440000,0.0831,0.835,0.032,169.2,4796301000,1762692000,135565000,None,76.07,75.39,2.6786,8992025000,4399694000,3226403000,5939741000,4592331000,2713338000,32628438000,3052284000,19.9,-3322633000,83.12,66.22
2025-12-28,SYY,3.73,82034000000.0,19.9,None,0.62,4.319,175728000,None,201897000,201897000,62705000,-246624000,-12340000,None,-186331000,None,None,-236136000,765175000,628800647,None,26337107000,26337107000,1891357000,None,None,2483720000,None,None,345062000,214330000,2.1,0.0283,200037000,200037000,None,0.0,0.03,1495030000,1840092000,1.12,2019-09-30,16.18,1302591000,15117000000.0,6291331000,1394946000,548906000,95651000,95651000,None,0,None,1608233000,None,None,1627127000,None,None,453781000,None,None,None,0.0418,171579000,4796301000,1495030000,105844000,1152791000,None,None,None,None,None,None,None,1.123,17.2,0.433,None,None,None,None,None,-349314000,None,0.0221,None,2464900000,2025-10-28,quarterly,1.15,USD,pre-market,None,4999440000,0.0831,0.835,0.032,169.2,4796301000,1762692000,135565000,None,76.07,75.39,2.6786,8992025000,4399694000,3226403000,5939741000,4592331000,2713338000,32628438000,3052284000,19.9,-3322633000,83.12,66.22
2025-12-28,SYY,3.73,82034000000.0,19.9,None,0.62,4.319,309486000,None,201897000,201897000,-897459000,-162996000,-14473000,None,117065000,None,None,114169000,765175000,628800647,None,26337107000,26337107000,1891357000,None,None,2483720000,None,None,345062000,187339000,2.1,0.0283,200371000,200371000,None,0.0,0.03,1495030000,1840092000,1.12,2019-06-30,16.18,1302591000,15117000000.0,6291331000,1394946000,548906000,95651000,95651000,None,0,None,1608233000,None,None,1627127000,None,None,535766000,None,None,None,0.0418,1045982000,4796301000,1495030000,105844000,1152791000,None,None,None,None,None,None,None,1.123,17.2,0.433,None,None,None,None,None,-155319000,None,0.0221,None,2464900000,2025-10-28,quarterly,1.15,USD,pre-market,None,4999440000,0.0831,0.835,0.032,169.2,4796301000,1762692000,135565000,None,76.07,75.39,2.6786,8992025000,4399694000,3226403000,5939741000,4592331000,2713338000,32628438000,3052284000,19.9,-3322633000,83.12,66.22
2025-12-28,SYY,3.73,82034000000.0,19.9,None,0.62,4.319,159080000,None,201897000,201897000,-429083000,-362847000,-344495000,None,-27295000,None,None,-180313000,765175000,628800647,None,26337107000,26337107000,1891357000,None,None,2483720000,None,None,345062000,184183000,2.1,0.0283,195843000,195843000,None,0.0,0.03,1495030000,1840092000,1.12,2019-03-31,16.18,1302591000,15117000000.0,6291331000,1394946000,548906000,95651000,95651000,None,0,None,1608233000,None,None,1627127000,None,None,440083000,None,None,None,0.0418,447435000,4796301000,1495030000,105844000,1152791000,None,None,None,None,None,None,None,1.123,17.2,0.433,None,None,None,None,None,-127509000,None,0.0221,None,2464900000,2025-10-28,quarterly,1.15,USD,pre-market,None,4999440000,0.0831,0.835,0.032,169.2,4796301000,1762692000,135565000,None,76.07,75.39,2.6786,8992025000,4399694000,3226403000,5939741000,4592331000,2713338000,32628438000,3052284000,19.9,-3322633000,83.12,66.22
2025-12-28,SYY,3.73,82034000000.0,19.9,None,0.62,4.319,119503000,None,201897000,201897000,-579120000,-117441000,-49916000,None,24663000,None,None,44919000,765175000,628800647,None,26337107000,26337107000,1891357000,None,None,2483720000,None,None,345062000,204786000,2.1,0.0283,191987000,191987000,None,0.0,0.03,1495030000,1840092000,1.12,2018-12-31,16.18,1302591000,15117000000.0,6291331000,1394946000,548906000,95651000,95651000,None,0,None,1608233000,None,None,1627127000,None,None,267380000,None,None,None,0.0418,646645000,4796301000,1495030000,105844000,1152791000,None,None,None,None,None,None,None,1.123,17.2,0.433,None,None,None,None,None,-534565000,None,0.0221,None,2464900000,2025-10-28,quarterly,1.15,USD,pre-market,None,4999440000,0.0831,0.835,0.032,169.2,4796301000,1762692000,135565000,None,76.07,75.39,2.6786,8992025000,4399694000,3226403000,5939741000,4592331000,2713338000,32628438000,3052284000,19.9,-3322633000,83.12,66.22
2025-12-28,SYY,3.73,82034000000.0,19.9,None,0.62,4.319,104322000,None,201897000,201897000,68388000,-99571000,239962000,None,-229100000,None,None,-182233000,765175000,628800647,None,26337107000,26337107000,1891357000,None,None,2483720000,None,None,345062000,187627000,2.1,0.0283,187229000,187229000,None,0.0,0.03,1495030000,1840092000,1.12,2018-09-30,16.18,1302591000,15117000000.0,6291331000,1394946000,548906000,95651000,95651000,None,0,None,1608233000,None,None,1627127000,None,None,431042000,None,None,None,0.0418,271145000,4796301000,1495030000,105844000,1152791000,None,None,None,None,None,None,None,1.123,17.2,0.433,None,None,None,None,None,-204640000,None,0.0221,None,2464900000,2025-10-28,quarterly,1.15,USD,pre-market,None,4999440000,0.0831,0.835,0.032,169.2,4796301000,1762692000,135565000,None,76.07,75.39,2.6786,8992025000,4399694000,3226403000,5939741000,4592331000,2713338000,32628438000,3052284000,19.9,-3322633000,83.12,66.22
2025-12-28,SYY,3.73,82034000000.0,19.9,None,0.62,4.319,315203000,None,201897000,201897000,-998470000,-354355000,-318380000,None,113042000,None,None,119898000,765175000,628800647,None,26337107000,26337107000,1891357000,None,None,2483720000,None,None,345062000,201766000,2.1,0.0283,187417000,187417000,None,0.0,0.03,1495030000,1840092000,1.12,2018-06-30,16.18,1302591000,15117000000.0,6291331000,1394946000,548906000,95651000,95651000,None,0,None,1608233000,None,None,1627127000,None,None,448928000,None,None,None,0.0418,1034445000,4796301000,1495030000,105844000,1152791000,None,None,None,None,None,None,None,1.123,17.2,0.433,None,None,None,None,None,-67935000,None,0.0221,None,2464900000,2025-10-28,quarterly,1.15,USD,pre-market,None,4999440000,0.0831,0.835,0.032,169.2,4796301000,1762692000,135565000,None,76.07,75.39,2.6786,8992025000,4399694000,3226403000,5939741000,4592331000,2713338000,32628438000,3052284000,19.9,-3322633000,83.12,66.22
2025-12-28,SYY,3.73,82034000000.0,19.9,None,0.62,4.319,114035000,None,201897000,201897000,-102071000,-153715000,-68055000,None,-69405000,None,None,-257068000,765175000,628800647,None,26337107000,26337107000,1891357000,None,None,2483720000,None,None,345062000,193416000,2.1,0.0283,187821000,187821000,None,0.0,0.03,1495030000,1840092000,1.12,2018-03-31,16.18,1302591000,15117000000.0,6291331000,1394946000,548906000,95651000,95651000,None,0,None,1608233000,None,None,1627127000,None,None,330085000,None,None,None,0.0418,187731000,4796301000,1495030000,105844000,1152791000,None,None,None,None,None,None,None,1.123,17.2,0.433,None,None,None,None,None,-160434000,None,0.0221,None,2464900000,2025-10-28,quarterly,1.15,USD,pre-market,None,4999440000,0.0831,0.835,0.032,169.2,4796301000,1762692000,135565000,None,76.07,75.39,2.6786,8992025000,4399694000,3226403000,5939741000,4592331000,2713338000,32628438000,3052284000,19.9,-3322633000,83.12,66.22
2025-12-28,SYY,3.73,82034000000.0,19.9,None,0.62,4.319,122316000,None,201897000,201897000,-382823000,-267804000,181232000,None,33618000,None,None,394702000,765175000,628800647,None,26337107000,26337107000,1891357000,None,None,2483720000,None,None,345062000,190654000,2.1,0.0283,172056000,172056000,None,0.0,0.03,1495030000,1840092000,1.12,2017-12-31,16.18,1302591000,15117000000.0,6291331000,1394946000,548906000,95651000,95651000,None,0,None,1608233000,None,None,1627127000,None,None,284113000,None,None,None,0.0418,850429000,4796301000,1495030000,105844000,1152791000,None,None,None,None,None,None,None,1.123,17.2,0.433,None,None,None,None,None,-200434000,None,0.0221,None,2464900000,2025-10-28,quarterly,1.15,USD,pre-market,None,4999440000,0.0831,0.835,0.032,169.2,4796301000,1762692000,135565000,None,76.07,75.39,2.6786,8992025000,4399694000,3226403000,5939741000,4592331000,2713338000,32628438000,3052284000,19.9,-3322633000,83.12,66.22
2025-12-28,SYY,3.73,82034000000.0,19.9,None,0.62,4.319,136261000,None,201897000,201897000,72895000,-134539000,39701000,18570000,-166992000,None,None,-294989000,765175000,628800647,None,26337107000,26337107000,1891357000,None,None,2483720000,None,None,345062000,179662000,2.1,0.0283,174864000,174864000,None,0.0,0.03,1495030000,1840092000,1.12,2017-09-30,16.18,1302591000,15117000000.0,6291331000,1394946000,548906000,95651000,95651000,None,0,None,1608233000,None,None,1627127000,None,None,367640000,None,None,None,0.0418,82775000,4796301000,1495030000,105844000,1152791000,None,None,None,None,None,None,None,1.123,17.2,0.433,None,None,None,None,None,-550098000,None,0.0221,None,2464900000,2025-10-28,quarterly,1.15,USD,pre-market,None,4999440000,0.0831,0.835,0.032,169.2,4796301000,1762692000,135565000,None,76.07,75.39,2.6786,8992025000,4399694000,3226403000,5939741000,4592331000,2713338000,32628438000,3052284000,19.9,-3322633000,83.12,66.22
2025-12-28,SYY,3.73,82034000000.0,19.9,None,0.62,4.319,272602000,None,201897000,201897000,-912746000,-279315000,14318000,54729000,-32987000,None,None,308210000,765175000,628800647,None,26337107000,26337107000,1891357000,None,None,2483720000,None,None,345062000,234717000,2.1,0.0283,176841000,176841000,None,0.0,0.03,1495030000,1840092000,1.12,2017-06-30,16.18,1302591000,15117000000.0,6291331000,1394946000,548906000,95651000,95651000,None,0,None,1608233000,None,None,1627127000,None,None,305171000,None,None,None,0.0418,1151650000,4796301000,1495030000,105844000,1152791000,None,None,None,None,None,None,None,1.123,17.2,0.433,None,None,None,None,None,-355047000,None,0.0221,None,2464900000,2025-10-28,quarterly,1.15,USD,pre-market,None,4999440000,0.0831,0.835,0.032,169.2,4796301000,1762692000,135565000,None,76.07,75.39,2.6786,8992025000,4399694000,3226403000,5939741000,4592331000,2713338000,32628438000,3052284000,19.9,-3322633000,83.12,66.22
2025-12-28,SYY,3.73,82034000000.0,19.9,None,0.62,4.319,128084000,None,201897000,201897000,-248330000,-120632000,7841000,-66220000,94524000,None,None,-312363000,765175000,628800647,None,26337107000,26337107000,1891357000,None,None,2483720000,None,None,345062000,218316000,2.1,0.0283,178421000,178421000,None,0.0,0.03,1495030000,1840092000,1.12,2017-03-31,16.18,1302591000,15117000000.0,6291331000,1394946000,548906000,95651000,95651000,None,0,None,1608233000,None,None,1627127000,None,None,238278000,None,None,None,0.0418,443023000,4796301000,1495030000,105844000,1152791000,None,None,None,None,None,None,None,1.123,17.2,0.433,None,None,None,None,None,-350761000,None,0.0221,None,2464900000,2025-10-28,quarterly,1.15,USD,pre-market,None,4999440000,0.0831,0.835,0.032,169.2,4796301000,1762692000,135565000,None,76.07,75.39,2.6786,8992025000,4399694000,3226403000,5939741000,4592331000,2713338000,32628438000,3052284000,19.9,-3322633000,83.12,66.22
2025-12-28,SYY,3.73,82034000000.0,19.9,None,0.62,4.319,143437000,None,201897000,201897000,-121355000,-136059000,87394000,-40651000,-25425000,None,None,160702000,765175000,628800647,None,26337107000,26337107000,1891357000,None,None,2483720000,None,None,345062000,237274000,2.1,0.0283,170093000,170093000,None,0.0,0.03,1495030000,1840092000,1.12,2016-12-31,16.18,1302591000,15117000000.0,6291331000,1394946000,548906000,95651000,95651000,None,0,None,1608233000,None,None,1627127000,None,None,275167000,None,None,None,0.0418,385459000,4796301000,1495030000,105844000,1152791000,None,None,None,None,None,None,None,1.123,17.2,0.433,None,None,None,None,None,-580174000,None,0.0221,None,2464900000,2025-10-28,quarterly,1.15,USD,pre-market,None,4999440000,0.0831,0.835,0.032,169.2,4796301000,1762692000,135565000,None,76.07,75.39,2.6786,8992025000,4399694000,3226403000,5939741000,4592331000,2713338000,32628438000,3052284000,19.9,-3322633000,83.12,66.22
2025-12-28,SYY,3.73,82034000000.0,19.9,None,0.62,4.319,142255000,None,201897000,201897000,-394927000,-3048455000,-3159402000,30038000,-149759000,None,None,-136097000,765175000,628800647,None,26337107000,26337107000,1891357000,None,None,2483720000,None,None,345062000,211685000,2.1,0.0283,173292000,173292000,None,0.0,0.03,1495030000,1840092000,1.12,2016-09-30,16.18,1302591000,15117000000.0,6291331000,1394946000,548906000,95651000,95651000,None,0,None,1608233000,None,None,1627127000,None,None,323887000,None,None,None,0.0418,253942000,4796301000,1495030000,105844000,1152791000,None,None,None,None,None,None,None,1.123,17.2,0.433,None,None,None,None,None,-600139000,None,0.0221,None,2464900000,2025-10-28,quarterly,1.15,USD,pre-market,None,4999440000,0.0831,0.835,0.032,169.2,4796301000,1762692000,135565000,None,76.07,75.39,2.6786,8992025000,4399694000,3226403000,5939741000,4592331000,2713338000,32628438000,3052284000,19.9,-3322633000,83.12,66.22
2025-12-28,SYY,3.73,82034000000.0,19.9,None,0.62,4.319,166463000,None,201897000,201897000,2695012000,-218493000,3308462000,-112218000,73762000,None,None,147515000,765175000,628800647,None,26337107000,26337107000,1891357000,None,None,2483720000,None,None,345062000,202046000,2.1,0.0283,175204000,175204000,None,0.0,0.03,1495030000,1840092000,1.12,2016-06-30,16.18,1302591000,15117000000.0,6291331000,1394946000,548906000,95651000,95651000,None,0,None,1608233000,None,None,1627127000,None,None,215667000,None,None,None,0.0418,944161000,4796301000,1495030000,105844000,1152791000,None,None,None,None,None,None,None,1.123,17.2,0.433,None,None,None,None,None,-237964000,None,0.0221,None,2464900000,2025-10-28,quarterly,1.15,USD,pre-market,None,4999440000,0.0831,0.835,0.032,169.2,4796301000,1762692000,135565000,None,76.07,75.39,2.6786,8992025000,4399694000,3226403000,5939741000,4592331000,2713338000,32628438000,3052284000,19.9,-3322633000,83.12,66.22
2025-12-28,SYY,3.73,82034000000.0,19.9,None,0.62,4.319,112650000,None,201897000,201897000,-304408000,-215049000,15236000,14593000,62545000,None,None,-123973000,765175000,628800647,None,26337107000,26337107000,1891357000,None,None,2483720000,None,None,345062000,179264000,2.1,0.0283,175229000,175229000,None,0.0,0.03,1495030000,1840092000,1.12,2016-03-31,16.18,1302591000,15117000000.0,6291331000,1394946000,548906000,95651000,95651000,None,0,None,1608233000,None,None,1627127000,None,None,217136000,None,None,None,0.0418,520100000,4796301000,1495030000,105844000,1152791000,None,None,None,None,None,None,None,1.123,17.2,0.433,None,None,None,None,None,-189843000,None,0.0221,None,2464900000,2025-10-28,quarterly,1.15,USD,pre-market,None,4999440000,0.0831,0.835,0.032,169.2,4796301000,1762692000,135565000,None,76.07,75.39,2.6786,8992025000,4399694000,3226403000,5939741000,4592331000,2713338000,32628438000,3052284000,19.9,-3322633000,83.12,66.22
2025-12-28,SYY,3.73,82034000000.0,19.9,None,0.62,4.319,126990000,None,201897000,201897000,-357931000,-132225000,207346000,-32861000,93497000,None,None,160182000,765175000,628800647,None,26337107000,26337107000,1891357000,None,None,2483720000,None,None,345062000,145439000,2.1,0.0283,169399000,169399000,None,0.0,0.03,1495030000,1840092000,1.12,2015-12-31,16.18,1302591000,15117000000.0,6291331000,1394946000,548906000,95651000,95651000,None,0,None,1608233000,None,None,1627127000,None,None,272399000,None,None,None,0.0418,730363000,4796301000,1495030000,105844000,1152791000,None,None,None,None,None,None,None,1.123,17.2,0.433,None,None,None,None,None,-1521638000,None,0.0221,None,2464900000,2025-10-28,quarterly,1.15,USD,pre-market,None,4999440000,0.0831,0.835,0.032,169.2,4796301000,1762692000,135565000,None,76.07,75.39,2.6786,8992025000,4399694000,3226403000,5939741000,4592331000,2713338000,32628438000,3052284000,19.9,-3322633000,83.12,66.22
2025-12-28,SYY,3.73,82034000000.0,19.9,None,0.62,4.319,121243000,None,201897000,201897000,-4437404000,-35061000,-4741788000,-7841000,-162867000,None,None,-211035000,765175000,628800647,None,26337107000,26337107000,1891357000,None,None,2483720000,None,None,345062000,135961000,2.1,0.0283,179037000,179037000,None,0.0,0.03,1495030000,1840092000,1.12,2015-09-30,16.18,1302591000,15117000000.0,6291331000,1394946000,548906000,95651000,95651000,None,0,None,1608233000,None,None,1627127000,None,None,244420000,None,None,None,0.0418,-261482000,4796301000,1495030000,105844000,1152791000,None,None,None,None,None,None,None,1.123,17.2,0.433,None,None,None,None,None,54800000,None,0.0221,None,2464900000,2025-10-28,quarterly,1.15,USD,pre-market,None,4999440000,0.0831,0.835,0.032,169.2,4796301000,1762692000,135565000,None,76.07,75.39,2.6786,8992025000,4399694000,3226403000,5939741000,4592331000,2713338000,32628438000,3052284000,19.9,-3322633000,83.12,66.22
2025-12-28,SYY,3.73,82034000000.0,19.9,None,0.62,4.319,105544000,None,201897000,201897000,-462901000,-182491000,45340000,-4253000,-27843000,None,None,165277000,765175000,628800647,None,26337107000,26337107000,1891357000,None,None,2483720000,None,None,345062000,117122000,2.1,0.0283,178734000,178734000,None,0.0,0.03,1495030000,1840092000,1.12,2015-06-30,16.18,1302591000,15117000000.0,6291331000,1394946000,548906000,95651000,95651000,None,0,None,1608233000,None,None,1627127000,None,None,73026000,None,None,None,0.0418,694985000,4796301000,1495030000,105844000,1152791000,None,None,None,None,None,None,None,1.123,17.2,0.433,None,None,None,None,None,38400000,None,0.0221,None,2464900000,2025-10-28,quarterly,1.15,USD,pre-market,None,4999440000,0.0831,0.835,0.032,169.2,4796301000,1762692000,135565000,None,76.07,75.39,2.6786,8992025000,4399694000,3226403000,5939741000,4592331000,2713338000,32628438000,3052284000,19.9,-3322633000,83.12,66.22
2025-12-28,SYY,3.73,82034000000.0,19.9,None,0.62,4.319,139218000,None,201897000,201897000,-66303000,-126687000,177027000,-38044000,116722000,None,None,4859000,765175000,628800647,None,26337107000,26337107000,1891357000,None,None,2483720000,None,None,345062000,137187000,2.1,0.0283,175886000,175886000,None,0.0,0.03,1495030000,1840092000,1.12,2015-03-31,16.18,1302591000,15117000000.0,6291331000,1394946000,548906000,95651000,95651000,None,0,None,1608233000,None,None,1627127000,None,None,176955000,None,None,None,0.0418,408061000,4796301000,1495030000,105844000,1152791000,None,None,None,None,None,None,None,1.123,17.2,0.433,None,None,None,None,None,79300000,None,0.0221,None,2464900000,2025-10-28,quarterly,1.15,USD,pre-market,None,4999440000,0.0831,0.835,0.032,169.2,4796301000,1762692000,135565000,None,76.07,75.39,2.6786,8992025000,4399694000,3226403000,5939741000,4592331000,2713338000,32628438000,3052284000,19.9,-3322633000,83.12,66.22
2025-12-28,SYY,3.73,82034000000.0,19.9,None,0.62,4.319,179247000,None,201897000,201897000,4342232000,-175374000,4522779000,-33899000,37887000,None,None,85725000,765175000,628800647,None,26337107000,26337107000,1891357000,None,None,2483720000,None,None,345062000,140659000,2.1,0.0283,170605000,170605000,None,0.0,0.03,1495030000,1840092000,1.12,2014-12-31,16.18,1302591000,15117000000.0,6291331000,1394946000,548906000,95651000,95651000,None,0,None,1608233000,None,None,1627127000,None,None,157979000,None,None,None,0.0418,389820000,4796301000,1495030000,105844000,1152791000,None,None,None,None,None,None,None,1.123,17.2,0.433,None,None,None,None,None,87300000,None,0.0221,None,2464900000,2025-10-28,quarterly,1.15,USD,pre-market,None,4999440000,0.0831,0.835,0.032,169.2,4796301000,1762692000,135565000,None,76.07,75.39,2.6786,8992025000,4399694000,3226403000,5939741000,4592331000,2713338000,32628438000,3052284000,19.9,-3322633000,83.12,66.22
2025-12-28,SYY,3.73,82034000000.0,19.9,None,0.62,4.319,118821000,None,201897000,201897000,84534000,-169794000,-28148000,-5506000,-251998000,None,None,-267602000,765175000,628800647,None,26337107000,26337107000,1891357000,None,None,2483720000,None,None,345062000,133996000,2.1,0.0283,170049000,170049000,None,0.0,0.03,1495030000,1840092000,1.12,2014-09-30,16.18,1302591000,15117000000.0,6291331000,1394946000,548906000,95651000,95651000,None,0,None,1608233000,None,None,1627127000,None,None,278813000,None,None,None,0.0418,62618000,4796301000,1495030000,105844000,1152791000,None,None,None,None,None,None,None,1.123,17.2,0.433,None,None,None,None,None,35200000,None,0.0221,None,2464900000,2025-10-28,quarterly,1.15,USD,pre-market,None,4999440000,0.0831,0.835,0.032,169.2,4796301000,1762692000,135565000,None,76.07,75.39,2.6786,8992025000,4399694000,3226403000,5939741000,4592331000,2713338000,32628438000,3052284000,19.9,-3322633000,83.12,66.22
2025-12-28,SYY,3.73,82034000000.0,19.9,None,0.62,4.319,135755000,None,201897000,201897000,-413728000,-160078000,71956000,1011000,-61052000,None,None,114435000,765175000,628800647,None,26337107000,26337107000,1891357000,None,None,2483720000,None,None,345062000,146990000,2.1,0.0283,169445000,169445000,None,0.0,0.03,1495030000,1840092000,1.12,2014-06-30,16.18,1302591000,15117000000.0,6291331000,1394946000,548906000,95651000,95651000,None,0,None,1608233000,None,None,1627127000,None,None,254171000,None,None,None,0.0418,644751000,4796301000,1495030000,105844000,1152791000,None,None,None,None,None,None,None,1.123,17.2,0.433,None,None,None,None,None,332381000,None,0.0221,None,2464900000,2025-10-28,quarterly,1.15,USD,pre-market,None,4999440000,0.0831,0.835,0.032,169.2,4796301000,1762692000,135565000,None,76.07,75.39,2.6786,8992025000,4399694000,3226403000,5939741000,4592331000,2713338000,32628438000,3052284000,19.9,-3322633000,83.12,66.22
2025-12-28,SYY,3.73,82034000000.0,19.9,None,0.62,4.319,117019000,None,201897000,201897000,-362739000,-134834000,-108773000,-1100000,-24750000,None,None,-237039000,765175000,628800647,None,26337107000,26337107000,1891357000,None,None,2483720000,None,None,345062000,137925000,2.1,0.0283,169493000,169493000,None,0.0,0.03,1495030000,1840092000,1.12,2014-03-31,16.18,1302591000,15117000000.0,6291331000,1394946000,548906000,95651000,95651000,None,0,None,1608233000,None,None,1627127000,None,None,180937000,None,None,None,0.0418,389900000,4796301000,1495030000,105844000,1152791000,None,None,None,None,None,None,None,1.123,17.2,0.433,None,None,None,None,None,-65743000,None,0.0221,None,2464900000,2025-10-28,quarterly,1.15,USD,pre-market,None,4999440000,0.0831,0.835,0.032,169.2,4796301000,1762692000,135565000,None,76.07,75.39,2.6786,8992025000,4399694000,3226403000,5939741000,4592331000,2713338000,32628438000,3052284000,19.9,-3322633000,83.12,66.22
2025-12-28,SYY,3.73,82034000000.0,19.9,None,0.62,4.319,134683000,None,201897000,201897000,-53908000,-142900000,90331000,-1796000,24806000,None,None,120725000,765175000,628800647,None,26337107000,26337107000,1891357000,None,None,2483720000,None,None,345062000,137403000,2.1,0.0283,164141000,164141000,None,0.0,0.03,1495030000,1840092000,1.12,2013-12-31,16.18,1302591000,15117000000.0,6291331000,1394946000,548906000,95651000,95651000,None,0,None,1608233000,None,None,1627127000,None,None,210835000,None,None,None,0.0418,288935000,4796301000,1495030000,105844000,1152791000,None,None,None,None,None,None,None,1.123,17.2,0.433,None,None,None,None,None,-16037000,None,0.0221,None,2464900000,2025-10-28,quarterly,1.15,USD,pre-market,None,4999440000,0.0831,0.835,0.032,169.2,4796301000,1762692000,135565000,None,76.07,75.39,2.6786,8992025000,4399694000,3226403000,5939741000,4592331000,2713338000,32628438000,3052284000,19.9,-3322633000,83.12,66.22
2025-12-28,SYY,3.73,82034000000.0,19.9,None,0.62,4.319,135749000,None,201897000,201897000,-85483000,-139026000,-52753000,2527000,-134849000,None,None,-234441000,765175000,628800647,None,26337107000,26337107000,1891357000,None,None,2483720000,None,None,345062000,133744000,2.1,0.0283,164138000,164138000,None,0.0,0.03,1495030000,1840092000,1.12,2013-09-30,16.18,1302591000,15117000000.0,6291331000,1394946000,548906000,95651000,95651000,None,0,None,1608233000,None,None,1627127000,None,None,285590000,None,None,None,0.0418,169229000,4796301000,1495030000,105844000,1152791000,None,None,None,None,None,None,None,1.123,17.2,0.433,None,None,None,None,None,-250601000,None,0.0221,None,2464900000,2025-10-28,quarterly,1.15,USD,pre-market,None,4999440000,0.0831,0.835,0.032,169.2,4796301000,1762692000,135565000,None,76.07,75.39,2.6786,8992025000,4399694000,3226403000,5939741000,4592331000,2713338000,32628438000,3052284000,19.9,-3322633000,83.12,66.22
2025-12-28,SYY,3.73,82034000000.0,19.9,None,0.62,4.319,138814000,None,201897000,201897000,-343948000,-322871000,80765000,-4602000,25967000,None,None,214431000,765175000,628800647,None,26337107000,26337107000,1891357000,None,None,2483720000,None,None,345062000,132550000,2.1,0.0283,166223000,166223000,None,0.0,0.03,1495030000,1840092000,1.12,2013-06-30,16.18,1302591000,15117000000.0,6291331000,1394946000,548906000,95651000,95651000,None,0,None,1608233000,None,None,1627127000,None,None,283043000,None,None,None,0.0418,752186000,4796301000,1495030000,105844000,1152791000,None,None,None,None,None,None,None,1.123,17.2,0.433,None,None,None,None,None,-400574000,None,0.0221,None,2464900000,2025-10-28,quarterly,1.15,USD,pre-market,None,4999440000,0.0831,0.835,0.032,169.2,4796301000,1762692000,135565000,None,76.07,75.39,2.6786,8992025000,4399694000,3226403000,5939741000,4592331000,2713338000,32628438000,3052284000,19.9,-3322633000,83.12,66.22
2025-12-28,SYY,3.73,82034000000.0,19.9,None,0.62,4.319,111472000,None,201897000,201897000,-242832000,-118408000,10715000,-668000,15926000,None,None,-251113000,765175000,628800647,None,26337107000,26337107000,1891357000,None,None,2483720000,None,None,345062000,130405000,2.1,0.0283,166126000,166126000,None,0.0,0.03,1495030000,1840092000,1.12,2013-03-31,16.18,1302591000,15117000000.0,6291331000,1394946000,548906000,95651000,95651000,None,0,None,1608233000,None,None,1627127000,None,None,201417000,None,None,None,0.0418,372623000,4796301000,1495030000,105844000,1152791000,None,None,None,None,None,None,None,1.123,17.2,0.433,None,None,None,None,None,-177516000,None,0.0221,None,2464900000,2025-10-28,quarterly,1.15,USD,pre-market,None,4999440000,0.0831,0.835,0.032,169.2,4796301000,1762692000,135565000,None,76.07,75.39,2.6786,8992025000,4399694000,3226403000,5939741000,4592331000,2713338000,32628438000,3052284000,19.9,-3322633000,83.12,66.22
2025-12-28,SYY,3.73,82034000000.0,19.9,None,0.62,4.319,105903000,None,201897000,201897000,-162959000,-238157000,-227610000,-78000,-45562000,None,None,49367000,765175000,628800647,None,26337107000,26337107000,1891357000,None,None,2483720000,None,None,345062000,128929000,2.1,0.0283,157662000,157662000,None,0.0,0.03,1495030000,1840092000,1.12,2012-12-31,16.18,1302591000,15117000000.0,6291331000,1394946000,548906000,95651000,95651000,None,0,None,1608233000,None,None,1627127000,None,None,221369000,None,None,None,0.0418,173584000,4796301000,1495030000,105844000,1152791000,None,None,None,None,None,None,None,1.123,17.2,0.433,None,None,None,None,None,-141387000,None,0.0221,None,2464900000,2025-10-28,quarterly,1.15,USD,pre-market,None,4999440000,0.0831,0.835,0.032,169.2,4796301000,1762692000,135565000,None,76.07,75.39,2.6786,8992025000,4399694000,3226403000,5939741000,4592331000,2713338000,32628438000,3052284000,19.9,-3322633000,83.12,66.22
2025-12-28,SYY,3.73,82034000000.0,19.9,None,0.62,4.319,155673000,None,201897000,201897000,-124469000,-232446000,-140452000,3262000,-176608000,None,None,-206440000,765175000,628800647,None,26337107000,26337107000,1891357000,None,None,2483720000,None,None,345062000,120664000,2.1,0.0283,158242000,158242000,None,0.0,0.03,1495030000,1840092000,1.12,2012-09-30,16.18,1302591000,15117000000.0,6291331000,1394946000,548906000,95651000,95651000,None,0,None,1608233000,None,None,1627127000,None,None,286598000,None,None,None,0.0418,213201000,4796301000,1495030000,105844000,1152791000,None,None,None,None,None,None,None,1.123,17.2,0.433,None,None,None,None,None,-2139000,None,0.0221,None,2464900000,2025-10-28,quarterly,1.15,USD,pre-market,None,4999440000,0.0831,0.835,0.032,169.2,4796301000,1762692000,135565000,None,76.07,75.39,2.6786,8992025000,4399694000,3226403000,5939741000,4592331000,2713338000,32628438000,3052284000,19.9,-3322633000,83.12,66.22
2025-12-28,SYY,3.73,82034000000.0,19.9,None,0.62,4.319,151305000,None,201897000,201897000,4943000,-163160000,None,None,68746000,None,None,None,765175000,628800647,None,26337107000,26337107000,1891357000,None,None,2483720000,None,None,345062000,111977000,2.1,0.0283,158060000,158060000,None,0.0,0.03,1495030000,1840092000,1.12,2012-06-30,16.18,1302591000,15117000000.0,6291331000,1394946000,548906000,95651000,95651000,None,0,None,1608233000,None,None,1627127000,None,None,309269000,None,None,None,0.0418,495891000,4796301000,1495030000,105844000,1152791000,None,None,None,None,None,None,None,1.123,17.2,0.433,None,None,None,None,None,272299000,None,0.0221,None,2464900000,2025-10-28,quarterly,1.15,USD,pre-market,None,4999440000,0.0831,0.835,0.032,169.2,4796301000,1762692000,135565000,None,76.07,75.39,2.6786,8992025000,4399694000,3226403000,5939741000,4592331000,2713338000,32628438000,3052284000,19.9,-3322633000,83.12,66.22
2025-12-28,SYY,3.73,82034000000.0,19.9,None,0.62,4.319,199338000,None,201897000,201897000,-106238000,-252646000,13933000,3043000,-15675000,None,None,-202342000,765175000,628800647,None,26337107000,26337107000,1891357000,None,None,2483720000,None,None,345062000,104242000,2.1,0.0283,157668000,157668000,None,0.0,0.03,1495030000,1840092000,1.12,2012-03-31,16.18,1302591000,15117000000.0,6291331000,1394946000,548906000,95651000,95651000,None,0,None,1608233000,None,None,1627127000,None,None,259550000,None,None,None,0.0418,369774000,4796301000,1495030000,105844000,1152791000,None,None,None,None,None,None,None,1.123,17.2,0.433,None,None,None,None,None,16656000,None,0.0221,None,2464900000,2025-10-28,quarterly,1.15,USD,pre-market,None,4999440000,0.0831,0.835,0.032,169.2,4796301000,1762692000,135565000,None,76.07,75.39,2.6786,8992025000,4399694000,3226403000,5939741000,4592331000,2713338000,32628438000,3052284000,19.9,-3322633000,83.12,66.22
2025-12-28,SYY,3.73,82034000000.0,19.9,None,0.62,4.319,207311000,None,201897000,201897000,-15608000,-213993000,52430000,-1141000,-69967000,None,None,172125000,765175000,628800647,None,26337107000,26337107000,1891357000,None,None,2483720000,None,None,345062000,101083000,2.1,0.0283,153351000,153351000,None,0.0,0.03,1495030000,1840092000,1.12,2011-12-31,16.18,1302591000,15117000000.0,6291331000,1394946000,548906000,95651000,95651000,None,0,None,1608233000,None,None,1627127000,None,None,250113000,None,None,None,0.0418,283172000,4796301000,1495030000,105844000,1152791000,None,None,None,None,None,None,None,1.123,17.2,0.433,None,None,None,None,None,-138929000,None,0.0221,None,2464900000,2025-10-28,quarterly,1.15,USD,pre-market,None,4999440000,0.0831,0.835,0.032,169.2,4796301000,1762692000,135565000,None,76.07,75.39,2.6786,8992025000,4399694000,3226403000,5939741000,4592331000,2713338000,32628438000,3052284000,19.9,-3322633000,83.12,66.22
2025-12-28,SYY,3.73,82034000000.0,19.9,None,0.62,4.319,226547000,None,201897000,201897000,-325746000,-273830000,-355664000,-11431000,-82322000,None,None,-195451000,765175000,628800647,None,26337107000,26337107000,1891357000,None,None,2483720000,None,None,345062000,99641000,2.1,0.0283,153790000,153790000,None,0.0,0.03,1495030000,1840092000,1.12,2011-09-30,16.18,1302591000,15117000000.0,6291331000,1394946000,548906000,95651000,95651000,None,0,None,1608233000,None,None,1627127000,None,None,302653000,None,None,None,0.0418,255343000,4796301000,1495030000,105844000,1152791000,None,None,None,None,None,None,None,1.123,17.2,0.433,None,None,None,None,None,-133370000,None,0.0221,None,2464900000,2025-10-28,quarterly,1.15,USD,pre-market,None,4999440000,0.0831,0.835,0.032,169.2,4796301000,1762692000,135565000,None,76.07,75.39,2.6786,8992025000,4399694000,3226403000,5939741000,4592331000,2713338000,32628438000,3052284000,19.9,-3322633000,83.12,66.22
2025-12-28,SYY,3.73,82034000000.0,19.9,None,0.62,4.319,182388000,None,201897000,201897000,71168000,-244015000,254097000,1185000,-10102000,None,None,49291000,765175000,628800647,None,26337107000,26337107000,1891357000,None,None,2483720000,None,None,345062000,104281000,2.1,0.0283,151665000,151665000,None,0.0,0.03,1495030000,1840092000,1.12,2011-06-30,16.18,1302591000,15117000000.0,6291331000,1394946000,548906000,95651000,95651000,None,0,None,1608233000,None,None,1627127000,None,None,336310000,None,None,None,0.0418,425759000,4796301000,1495030000,105844000,1152791000,None,None,None,None,None,None,None,1.123,17.2,0.433,None,None,None,None,None,-4455000,None,0.0221,None,2464900000,2025-10-28,quarterly,1.15,USD,pre-market,None,4999440000,0.0831,0.835,0.032,169.2,4796301000,1762692000,135565000,None,76.07,75.39,2.6786,8992025000,4399694000,3226403000,5939741000,4592331000,2713338000,32628438000,3052284000,19.9,-3322633000,83.12,66.22
2025-12-28,SYY,3.73,82034000000.0,19.9,None,0.62,4.319,136633000,None,201897000,201897000,-106495000,-108782000,175913000,8078000,-76724000,None,None,-297045000,765175000,628800647,None,26337107000,26337107000,1891357000,None,None,2483720000,None,None,345062000,100077000,2.1,0.0283,151317000,151317000,None,0.0,0.03,1495030000,1840092000,1.12,2011-03-31,16.18,1302591000,15117000000.0,6291331000,1394946000,548906000,95651000,95651000,None,0,None,1608233000,None,None,1627127000,None,None,258478000,None,None,None,0.0418,383112000,4796301000,1495030000,105844000,1152791000,None,None,None,None,None,None,None,1.123,17.2,0.433,None,None,None,None,None,-6158000,None,0.0221,None,2464900000,2025-10-28,quarterly,1.15,USD,pre-market,None,4999440000,0.0831,0.835,0.032,169.2,4796301000,1762692000,135565000,None,76.07,75.39,2.6786,8992025000,4399694000,3226403000,5939741000,4592331000,2713338000,32628438000,3052284000,19.9,-3322633000,83.12,66.22
2025-12-28,SYY,3.73,82034000000.0,19.9,None,0.62,4.319,174497000,None,201897000,201897000,-118477000,-179329000,-238619000,3322000,-82263000,None,None,173612000,765175000,628800647,None,26337107000,26337107000,1891357000,None,None,2483720000,None,None,345062000,96516000,2.1,0.0283,147221000,147221000,None,0.0,0.03,1495030000,1840092000,1.12,2010-12-31,16.18,1302591000,15117000000.0,6291331000,1394946000,548906000,95651000,95651000,None,0,None,1608233000,None,None,1627127000,None,None,258173000,None,None,None,0.0418,55865000,4796301000,1495030000,105844000,1152791000,None,None,None,None,None,None,None,1.123,17.2,0.433,None,None,None,None,None,-168743000,None,0.0221,None,2464900000,2025-10-28,quarterly,1.15,USD,pre-market,None,4999440000,0.0831,0.835,0.032,169.2,4796301000,1762692000,135565000,None,76.07,75.39,2.6786,8992025000,4399694000,3226403000,5939741000,4592331000,2713338000,32628438000,3052284000,19.9,-3322633000,83.12,66.22
2025-12-28,SYY,3.73,82034000000.0,19.9,None,0.62,4.319,142924000,None,201897000,201897000,-224103000,-147430000,-137069000,7682000,-85649000,None,None,-178499000,765175000,628800647,None,26337107000,26337107000,1891357000,None,None,2483720000,None,None,345062000,101714000,2.1,0.0283,146868000,146868000,None,0.0,0.03,1495030000,1840092000,1.12,2010-09-30,16.18,1302591000,15117000000.0,6291331000,1394946000,548906000,95651000,95651000,None,0,None,1608233000,None,None,1627127000,None,None,299069000,None,None,None,0.0418,226782000,4796301000,1495030000,105844000,1152791000,None,None,None,None,None,None,None,1.123,17.2,0.433,None,None,None,None,None,-116699000,None,0.0221,None,2464900000,2025-10-28,quarterly,1.15,USD,pre-market,None,4999440000,0.0831,0.835,0.032,169.2,4796301000,1762692000,135565000,None,76.07,75.39,2.6786,8992025000,4399694000,3226403000,5939741000,4592331000,2713338000,32628438000,3052284000,19.9,-3322633000,83.12,66.22
2025-12-28,SYY,3.73,82034000000.0,19.9,None,0.62,4.319,156533000,None,201897000,201897000,-245896000,-159857000,1084000,-12644000,-27162000,None,None,3094000,765175000,628800647,None,26337107000,26337107000,1891357000,None,None,2483720000,None,None,345062000,105763000,2.1,0.0283,147847000,147847000,None,0.0,0.03,1495030000,1840092000,1.12,2010-06-30,16.18,1302591000,15117000000.0,6291331000,1394946000,548906000,95651000,95651000,None,0,None,1608233000,None,None,1627127000,None,None,337781000,None,None,None,0.0418,419481000,4796301000,1495030000,105844000,1152791000,None,None,None,None,None,None,None,1.123,17.2,0.433,None,None,None,None,None,-138154000,None,0.0221,None,2464900000,2025-10-28,quarterly,1.15,USD,pre-market,None,4999440000,0.0831,0.835,0.032,169.2,4796301000,1762692000,135565000,None,76.07,75.39,2.6786,8992025000,4399694000,3226403000,5939741000,4592331000,2713338000,32628438000,3052284000,19.9,-3322633000,83.12,66.22
2025-12-28,SYY,3.73,82034000000.0,19.9,None,0.62,4.319,190496000,None,201897000,201897000,-173736000,-147162000,5186000,4136000,42616000,None,None,-115923000,765175000,628800647,None,26337107000,26337107000,1891357000,None,None,2483720000,None,None,345062000,94785000,2.1,0.0283,148150000,148150000,None,0.0,0.03,1495030000,1840092000,1.12,2010-03-31,16.18,1302591000,15117000000.0,6291331000,1394946000,548906000,95651000,95651000,None,0,None,1608233000,None,None,1627127000,None,None,247648000,None,None,None,0.0418,330108000,4796301000,1495030000,105844000,1152791000,None,None,None,None,None,None,None,1.123,17.2,0.433,None,None,None,None,None,-41020000,None,0.0221,None,2464900000,2025-10-28,quarterly,1.15,USD,pre-market,None,4999440000,0.0831,0.835,0.032,169.2,4796301000,1762692000,135565000,None,76.07,75.39,2.6786,8992025000,4399694000,3226403000,5939741000,4592331000,2713338000,32628438000,3052284000,19.9,-3322633000,83.12,66.22
2025-12-28,SYY,3.73,82034000000.0,19.9,None,0.62,4.319,138170000,None,201897000,201897000,-127865000,-177794000,-203430000,4704000,-35459000,None,None,46570000,765175000,628800647,None,26337107000,26337107000,1891357000,None,None,2483720000,None,None,345062000,95522000,2.1,0.0283,142037000,142037000,None,0.0,0.03,1495030000,1840092000,1.12,2009-12-31,16.18,1302591000,15117000000.0,6291331000,1394946000,548906000,95651000,95651000,None,0,None,1608233000,None,None,1627127000,None,None,268349000,None,None,None,0.0418,104817000,4796301000,1495030000,105844000,1152791000,None,None,None,None,None,None,None,1.123,17.2,0.433,None,None,None,None,None,24070000,None,0.0221,None,2464900000,2025-10-28,quarterly,1.15,USD,pre-market,None,4999440000,0.0831,0.835,0.032,169.2,4796301000,1762692000,135565000,None,76.07,75.39,2.6786,8992025000,4399694000,3226403000,5939741000,4592331000,2713338000,32628438000,3052284000,19.9,-3322633000,83.12,66.22
2025-12-28,SYY,3.73,82034000000.0,19.9,None,0.62,4.319,109405000,None,201897000,201897000,-119533000,-171507000,-236048000,8518000,-86167000,None,None,-100167000,765175000,628800647,None,26337107000,26337107000,1891357000,None,None,2483720000,None,None,345062000,93906000,2.1,0.0283,141729000,141729000,None,0.0,0.03,1495030000,1840092000,1.12,2009-09-30,16.18,1302591000,15117000000.0,6291331000,1394946000,548906000,95651000,95651000,None,0,None,1608233000,None,None,1627127000,None,None,326205000,None,None,None,0.0418,41604000,4796301000,1495030000,105844000,1152791000,None,None,None,None,None,None,None,1.123,17.2,0.433,None,None,None,None,None,-19490000,None,0.0221,None,2464900000,2025-10-28,quarterly,1.15,USD,pre-market,None,4999440000,0.0831,0.835,0.032,169.2,4796301000,1762692000,135565000,None,76.07,75.39,2.6786,8992025000,4399694000,3226403000,5939741000,4592331000,2713338000,32628438000,3052284000,19.9,-3322633000,83.12,66.22
2025-12-28,SYY,3.73,82034000000.0,19.9,None,0.62,4.319,149703000,None,201897000,201897000,-127056000,-292034000,None,None,80973000,None,None,None,765175000,628800647,None,26337107000,26337107000,1891357000,None,None,2483720000,None,None,345062000,98186000,2.1,0.0283,141557000,141557000,None,0.0,0.03,1495030000,1840092000,1.12,2009-06-30,16.18,1302591000,15117000000.0,6291331000,1394946000,548906000,95651000,95651000,None,0,None,1608233000,None,None,1627127000,None,None,315314000,None,None,None,0.0418,597616000,4796301000,1495030000,105844000,1152791000,None,None,None,None,None,None,None,1.123,17.2,0.433,None,None,None,None,None,438843000,None,0.0221,None,2464900000,2025-10-28,quarterly,1.15,USD,pre-market,None,4999440000,0.0831,0.835,0.032,169.2,4796301000,1762692000,135565000,None,76.07,75.39,2.6786,8992025000,4399694000,3226403000,5939741000,4592331000,2713338000,32628438000,3052284000,19.9,-3322633000,83.12,66.22
2025-12-28,SYY,3.73,82034000000.0,19.9,None,0.62,4.319,136262000,None,201897000,201897000,278743000,-172879000,None,None,154476000,None,None,None,765175000,628800647,None,26337107000,26337107000,1891357000,None,None,2483720000,None,None,345062000,93544000,2.1,0.0283,142002000,142002000,None,0.0,0.03,1495030000,1840092000,1.12,2009-03-31,16.18,1302591000,15117000000.0,6291331000,1394946000,548906000,95651000,95651000,None,0,None,1608233000,None,None,1627127000,None,None,226166000,None,None,None,0.0418,422976000,4796301000,1495030000,105844000,1152791000,None,None,None,None,None,None,None,1.123,17.2,0.433,None,None,None,None,None,-80092000,None,0.0221,None,2464900000,2025-10-28,quarterly,1.15,USD,pre-market,None,4999440000,0.0831,0.835,0.032,169.2,4796301000,1762692000,135565000,None,76.07,75.39,2.6786,8992025000,4399694000,3226403000,5939741000,4592331000,2713338000,32628438000,3052284000,19.9,-3322633000,83.12,66.22
2025-12-28,SYY,3.73,82034000000.0,19.9,None,0.62,4.319,98550000,None,201897000,201897000,-356665000,-100703000,None,None,42791000,None,None,None,765175000,628800647,None,26337107000,26337107000,1891357000,None,None,2483720000,None,None,345062000,96258000,2.1,0.0283,132304000,132304000,None,0.0,0.03,1495030000,1840092000,1.12,2008-12-31,16.18,1302591000,15117000000.0,6291331000,1394946000,548906000,95651000,95651000,None,0,None,1608233000,None,None,1627127000,None,None,237654000,None,None,None,0.0418,498379000,4796301000,1495030000,105844000,1152791000,None,None,None,None,None,None,None,1.123,17.2,0.433,None,None,None,None,None,-240362000,None,0.0221,None,2464900000,2025-10-28,quarterly,1.15,USD,pre-market,None,4999440000,0.0831,0.835,0.032,169.2,4796301000,1762692000,135565000,None,76.07,75.39,2.6786,8992025000,4399694000,3226403000,5939741000,4592331000,2713338000,32628438000,3052284000,19.9,-3322633000,83.12,66.22
2025-12-28,SYY,3.73,82034000000.0,19.9,None,0.62,4.319,80046000,None,201897000,201897000,-174665000,-93047000,None,None,-100650000,None,None,None,765175000,628800647,None,26337107000,26337107000,1891357000,None,None,2483720000,None,None,345062000,94351000,2.1,0.0283,132383000,132383000,None,0.0,0.03,1495030000,1840092000,1.12,2008-09-30,16.18,1302591000,15117000000.0,6291331000,1394946000,548906000,95651000,95651000,None,0,None,1608233000,None,None,1627127000,None,None,276814000,None,None,None,0.0418,63370000,4796301000,1495030000,105844000,1152791000,None,None,None,None,None,None,None,1.123,17.2,0.433,None,None,None,None,None,-118389000,None,0.0221,None,2464900000,2025-10-28,quarterly,1.15,USD,pre-market,None,4999440000,0.0831,0.835,0.032,169.2,4796301000,1762692000,135565000,None,76.07,75.39,2.6786,8992025000,4399694000,3226403000,5939741000,4592331000,2713338000,32628438000,3052284000,19.9,-3322633000,83.12,66.22
2025-12-28,SYY,3.73,82034000000.0,19.9,None,0.62,4.319,123257000,None,201897000,201897000,-169937000,-126612000,None,None,1942000,None,None,None,765175000,628800647,None,26337107000,26337107000,1891357000,None,None,2483720000,None,None,345062000,96782000,2.1,0.0283,132134000,132134000,None,0.0,0.03,1495030000,1840092000,1.12,2008-06-30,16.18,1302591000,15117000000.0,6291331000,1394946000,548906000,95651000,95651000,None,0,None,1608233000,None,None,1627127000,None,None,334113000,None,None,None,0.0418,603507000,4796301000,1495030000,105844000,1152791000,None,None,None,None,None,None,None,1.123,17.2,0.433,None,None,None,None,None,529179000,None,0.0221,None,2464900000,2025-10-28,quarterly,1.15,USD,pre-market,None,4999440000,0.0831,0.835,0.032,169.2,4796301000,1762692000,135565000,None,76.07,75.39,2.6786,8992025000,4399694000,3226403000,5939741000,4592331000,2713338000,32628438000,3052284000,19.9,-3322633000,83.12,66.22
2025-12-28,SYY,3.73,82034000000.0,19.9,None,0.62,4.319,115154000,None,201897000,201897000,-392044000,-122796000,None,None,53392000,None,None,None,765175000,628800647,None,26337107000,26337107000,1891357000,None,None,2483720000,None,None,345062000,95107000,2.1,0.0283,133203000,133203000,None,0.0,0.03,1495030000,1840092000,1.12,2008-03-31,16.18,1302591000,15117000000.0,6291331000,1394946000,548906000,95651000,95651000,None,0,None,1608233000,None,None,1627127000,None,None,240901000,None,None,None,0.0418,591718000,4796301000,1495030000,105844000,1152791000,None,None,None,None,None,None,None,1.123,17.2,0.433,None,None,None,None,None,-176347000,None,0.0221,None,2464900000,2025-10-28,quarterly,1.15,USD,pre-market,None,4999440000,0.0831,0.835,0.032,169.2,4796301000,1762692000,135565000,None,76.07,75.39,2.6786,8992025000,4399694000,3226403000,5939741000,4592331000,2713338000,32628438000,3052284000,19.9,-3322633000,83.12,66.22
2025-12-28,SYY,3.73,82034000000.0,19.9,None,0.62,4.319,146009000,None,201897000,201897000,-80410000,-152104000,None,None,-28022000,None,None,None,765175000,628800647,None,26337107000,26337107000,1891357000,None,None,2483720000,None,None,345062000,90184000,2.1,0.0283,115791000,115791000,None,0.0,0.03,1495030000,1840092000,1.12,2007-12-31,16.18,1302591000,15117000000.0,6291331000,1394946000,548906000,95651000,95651000,None,0,None,1608233000,None,None,1627127000,None,None,264148000,None,None,None,0.0418,209138000,4796301000,1495030000,105844000,1152791000,None,None,None,None,None,None,None,1.123,17.2,0.433,None,None,None,None,None,-163348000,None,0.0221,None,2464900000,2025-10-28,quarterly,1.15,USD,pre-market,None,4999440000,0.0831,0.835,0.032,169.2,4796301000,1762692000,135565000,None,76.07,75.39,2.6786,8992025000,4399694000,3226403000,5939741000,4592331000,2713338000,32628438000,3052284000,19.9,-3322633000,83.12,66.22
2025-12-28,SYY,3.73,82034000000.0,19.9,None,0.62,4.319,131543000,None,201897000,201897000,-56187000,-154048000,None,None,-138237000,None,None,None,765175000,628800647,None,26337107000,26337107000,1891357000,None,None,2483720000,None,None,345062000,90456000,2.1,0.0283,116339000,116339000,None,0.0,0.03,1495030000,1840092000,1.12,2007-09-30,16.18,1302591000,15117000000.0,6291331000,1394946000,548906000,95651000,95651000,None,0,None,1608233000,None,None,1627127000,None,None,266989000,None,None,None,0.0418,191766000,4796301000,1495030000,105844000,1152791000,None,None,None,None,None,None,None,1.123,17.2,0.433,None,None,None,None,None,-189484000,None,0.0221,None,2464900000,2025-10-28,quarterly,1.15,USD,pre-market,None,4999440000,0.0831,0.835,0.032,169.2,4796301000,1762692000,135565000,None,76.07,75.39,2.6786,8992025000,4399694000,3226403000,5939741000,4592331000,2713338000,32628438000,3052284000,19.9,-3322633000,83.12,66.22
2025-12-28,SYY,3.73,82034000000.0,19.9,None,0.62,4.319,146068000,None,201897000,201897000,-269681000,-155791000,None,None,-9210000,None,None,None,765175000,628800647,None,26337107000,26337107000,1891357000,None,None,2483720000,None,None,345062000,92323000,2.1,0.0283,117387000,117387000,None,0.0,0.03,1495030000,1840092000,1.12,2007-06-30,16.18,1302591000,15117000000.0,6291331000,1394946000,548906000,95651000,95651000,None,0,None,1608233000,None,None,1627127000,None,None,303391000,None,None,None,0.0418,450757000,4796301000,1495030000,105844000,1152791000,None,None,None,None,None,None,None,1.123,17.2,0.433,None,None,None,None,None,-221523000,None,0.0221,None,2464900000,2025-10-28,quarterly,1.15,USD,pre-market,None,4999440000,0.0831,0.835,0.032,169.2,4796301000,1762692000,135565000,None,76.07,75.39,2.6786,8992025000,4399694000,3226403000,5939741000,4592331000,2713338000,32628438000,3052284000,19.9,-3322633000,83.12,66.22
2025-12-28,SYY,3.73,82034000000.0,19.9,None,0.62,4.319,142677000,None,201897000,201897000,-284525000,-132681000,None,None,26561000,None,None,None,765175000,628800647,None,26337107000,26337107000,1891357000,None,None,2483720000,None,None,345062000,91365000,2.1,0.0283,117501000,117501000,None,0.0,0.03,1495030000,1840092000,1.12,2007-03-31,16.18,1302591000,15117000000.0,6291331000,1394946000,548906000,95651000,95651000,None,0,None,1608233000,None,None,1627127000,None,None,220999000,None,None,None,0.0418,411985000,4796301000,1495030000,105844000,1152791000,None,None,None,None,None,None,None,1.123,17.2,0.433,None,None,None,None,None,-104165000,None,0.0221,None,2464900000,2025-10-28,quarterly,1.15,USD,pre-market,None,4999440000,0.0831,0.835,0.032,169.2,4796301000,1762692000,135565000,None,76.07,75.39,2.6786,8992025000,4399694000,3226403000,5939741000,4592331000,2713338000,32628438000,3052284000,19.9,-3322633000,83.12,66.22
2025-12-28,SYY,3.73,82034000000.0,19.9,None,0.62,4.319,198618000,None,201897000,201897000,-160715000,-199270000,None,None,-8941000,None,None,None,765175000,628800647,None,26337107000,26337107000,1891357000,None,None,2483720000,None,None,345062000,88811000,2.1,0.0283,105295000,105295000,None,0.0,0.03,1495030000,1840092000,1.12,2006-12-31,16.18,1302591000,15117000000.0,6291331000,1394946000,548906000,95651000,95651000,None,0,None,1608233000,None,None,1627127000,None,None,246538000,None,None,None,0.0418,366997000,4796301000,1495030000,105844000,1152791000,None,None,None,None,None,None,None,1.123,17.2,0.433,None,None,None,None,None,-159896000,None,0.0221,None,2464900000,2025-10-28,quarterly,1.15,USD,pre-market,None,4999440000,0.0831,0.835,0.032,169.2,4796301000,1762692000,135565000,None,76.07,75.39,2.6786,8992025000,4399694000,3226403000,5939741000,4592331000,2713338000,32628438000,3052284000,19.9,-3322633000,83.12,66.22
2025-12-28,SYY,3.73,82034000000.0,19.9,None,0.62,4.319,115879000,None,201897000,201897000,-33329000,None,None,None,-104342000,None,None,None,765175000,628800647,None,26337107000,26337107000,1891357000,None,None,2483720000,None,None,345062000,90060000,2.1,0.0283,105233000,105233000,None,0.0,0.03,1495030000,1840092000,1.12,2006-09-30,16.18,1302591000,15117000000.0,6291331000,1394946000,548906000,95651000,95651000,None,0,None,1608233000,None,None,1627127000,None,None,189018000,None,None,None,0.0418,173183000,4796301000,1495030000,105844000,1152791000,None,None,None,None,None,None,None,1.123,17.2,0.433,None,None,None,None,None,-65281000,None,0.0221,None,2464900000,2025-10-28,quarterly,1.15,USD,pre-market,None,4999440000,0.0831,0.835,0.032,169.2,4796301000,1762692000,135565000,None,76.07,75.39,2.6786,8992025000,4399694000,3226403000,5939741000,4592331000,2713338000,32628438000,3052284000,19.9,-3322633000,83.12,66.22
2025-12-28,SYY,3.73,82034000000.0,19.9,None,0.62,4.319,150330000,None,201897000,201897000,-345807000,-148170000,None,None,-857000,None,None,None,765175000,628800647,None,26337107000,26337107000,1891357000,None,None,2483720000,None,None,345062000,93107000,2.1,0.0283,104002000,104002000,None,0.0,0.03,1495030000,1840092000,1.12,2006-06-30,16.18,1302591000,15117000000.0,6291331000,1394946000,548906000,95651000,95651000,None,0,None,1608233000,None,None,1627127000,None,None,254109000,None,None,None,0.0418,489527000,4796301000,1495030000,105844000,1152791000,None,None,None,None,None,None,None,1.123,17.2,0.433,None,None,None,None,None,-16515000,None,0.0221,None,2464900000,2025-10-28,quarterly,1.15,USD,pre-market,None,4999440000,0.0831,0.835,0.032,169.2,4796301000,1762692000,135565000,None,76.07,75.39,2.6786,8992025000,4399694000,3226403000,5939741000,4592331000,2713338000,32628438000,3052284000,19.9,-3322633000,83.12,66.22
2025-12-28,SYY,3.73,82034000000.0,19.9,None,0.62,4.319,131350000,None,201897000,201897000,-190925000,-185293000,None,None,75043000,None,None,None,765175000,628800647,None,26337107000,26337107000,1891357000,None,None,2483720000,None,None,345062000,82397000,2.1,0.0283,105376000,105376000,None,0.0,0.03,1495030000,1840092000,1.12,2006-03-31,16.18,1302591000,15117000000.0,6291331000,1394946000,548906000,95651000,95651000,None,0,None,1608233000,None,None,1627127000,None,None,188539000,None,None,None,0.0418,327660000,4796301000,1495030000,105844000,1152791000,None,None,None,None,None,None,None,1.123,17.2,0.433,None,None,None,None,None,-54435000,None,0.0221,None,2464900000,2025-10-28,quarterly,1.15,USD,pre-market,None,4999440000,0.0831,0.835,0.032,169.2,4796301000,1762692000,135565000,None,76.07,75.39,2.6786,8992025000,4399694000,3226403000,5939741000,4592331000,2713338000,32628438000,3052284000,19.9,-3322633000,83.12,66.22
2025-12-28,SYY,3.73,82034000000.0,19.9,None,0.62,4.319,138531000,None,201897000,201897000,127492000,-162938000,None,None,-100007000,None,None,None,765175000,628800647,None,26337107000,26337107000,1891357000,None,None,2483720000,None,None,345062000,84502000,2.1,0.0283,93602000,93602000,None,0.0,0.03,1495030000,1840092000,1.12,2005-12-31,16.18,1302591000,15117000000.0,6291331000,1394946000,548906000,95651000,95651000,None,0,None,1608233000,None,None,1627127000,None,None,204182000,None,None,None,0.0418,111211000,4796301000,1495030000,105844000,1152791000,None,None,None,None,None,None,None,1.123,17.2,0.433,None,None,None,None,None,-177757000,None,0.0221,None,2464900000,2025-10-28,quarterly,1.15,USD,pre-market,None,4999440000,0.0831,0.835,0.032,169.2,4796301000,1762692000,135565000,None,76.07,75.39,2.6786,8992025000,4399694000,3226403000,5939741000,4592331000,2713338000,32628438000,3052284000,19.9,-3322633000,83.12,66.22
2025-12-28,SYY,3.73,82034000000.0,19.9,None,0.62,4.319,94028000,None,201897000,201897000,-99375000,-113178000,None,None,-93571000,None,None,None,765175000,628800647,None,26337107000,26337107000,1891357000,None,None,2483720000,None,None,345062000,85056000,2.1,0.0283,94557000,94557000,None,0.0,0.03,1495030000,1840092000,1.12,2005-09-30,16.18,1302591000,15117000000.0,6291331000,1394946000,548906000,95651000,95651000,None,0,None,1608233000,None,None,1627127000,None,None,208495000,None,None,None,0.0418,200340000,4796301000,1495030000,105844000,1152791000,None,None,None,None,None,None,None,1.123,17.2,0.433,None,None,None,None,None,-295424000,None,0.0221,None,2464900000,2025-10-28,quarterly,1.15,USD,pre-market,None,4999440000,0.0831,0.835,0.032,169.2,4796301000,1762692000,135565000,None,76.07,75.39,2.6786,8992025000,4399694000,3226403000,5939741000,4592331000,2713338000,32628438000,3052284000,19.9,-3322633000,83.12,66.22
2025-12-28,SYY,3.73,82034000000.0,19.9,None,0.62,4.319,906000000,None,201897000,201897000,-1589000000,-717000000,None,None,-330000000,None,None,None,765175000,628800647,None,26337107000,26337107000,1891357000,None,None,2483720000,None,None,345062000,1086000000,2.1,0.0283,1000000000,1000000000,None,0.0,0.03,1495030000,1840092000,1.12,2025-06-30,16.18,1302591000,15117000000.0,6291331000,1394946000,548906000,95651000,95651000,None,0,None,1608233000,None,None,1627127000,None,None,1828000000,None,None,None,0.0418,2687000000,4796301000,1495030000,105844000,1152791000,None,None,None,None,None,None,None,1.123,17.2,0.433,None,None,None,None,None,-1250000000,None,0.0221,None,2464900000,2025-10-28,annual,1.15,USD,pre-market,None,4999440000,0.0831,0.835,0.032,169.2,4796301000,1762692000,135565000,None,76.07,75.39,2.6786,8992025000,4399694000,3226403000,5939741000,4592331000,2713338000,32628438000,3052284000,19.9,-3322633000,83.12,66.22
2025-12-28,SYY,3.73,82034000000.0,19.9,None,0.62,4.319,832000000,None,201897000,201897000,-1038000000,-1962000000,None,None,-70000000,None,None,None,765175000,628800647,None,26337107000,26337107000,1891357000,None,None,2483720000,None,None,345062000,997000000,2.1,0.0283,1008000000,1008000000,None,0.0,0.03,1495030000,1840092000,1.12,2024-06-30,16.18,1302591000,15117000000.0,6291331000,1394946000,548906000,95651000,95651000,None,0,None,1608233000,None,None,1627127000,None,None,1955000000,None,None,None,0.0418,2989000000,4796301000,1495030000,105844000,1152791000,None,None,None,None,None,None,None,1.123,17.2,0.433,None,None,None,None,None,-1232000000,None,0.0221,None,2464900000,2025-10-28,annual,1.15,USD,pre-market,None,4999440000,0.0831,0.835,0.032,169.2,4796301000,1762692000,135565000,None,76.07,75.39,2.6786,8992025000,4399694000,3226403000,5939741000,4592331000,2713338000,32628438000,3052284000,19.9,-3322633000,83.12,66.22
2025-12-28,SYY,3.73,82034000000.0,19.9,None,0.62,4.319,793000000,None,201897000,201897000,-2056000000,-785000000,27013000,None,-22000000,None,None,-270639000,765175000,628800647,None,26337107000,26337107000,1891357000,None,None,2483720000,None,None,345062000,889000000,2.1,0.0283,996000000,996000000,None,0.0,0.03,1495030000,1840092000,1.12,2023-06-30,16.18,1302591000,15117000000.0,6291331000,1394946000,548906000,95651000,95651000,None,0,None,1608233000,None,None,1627127000,None,None,1770000000,None,None,None,0.0418,2868000000,4796301000,1495030000,105844000,1152791000,None,None,None,None,None,None,None,1.123,17.2,0.433,None,None,None,None,None,-500000000,None,0.0221,None,2464900000,2025-10-28,annual,1.15,USD,pre-market,None,4999440000,0.0831,0.835,0.032,169.2,4796301000,1762692000,135565000,None,76.07,75.39,2.6786,8992025000,4399694000,3226403000,5939741000,4592331000,2713338000,32628438000,3052284000,19.9,-3322633000,83.12,66.22
2025-12-28,SYY,3.73,82034000000.0,19.9,None,0.62,4.319,633000000,None,201897000,201897000,-1987000000,-1878000000,-2073818000,None,-709000000,None,None,-971170000,765175000,628800647,None,26337107000,26337107000,1891357000,None,None,2483720000,None,None,345062000,881000000,2.1,0.0283,959000000,959000000,None,0.0,0.03,1495030000,1840092000,1.12,2022-06-30,16.18,1302591000,15117000000.0,6291331000,1394946000,548906000,95651000,95651000,None,0,None,1608233000,None,None,1627127000,None,None,1359000000,None,None,None,0.0418,1791000000,4796301000,1495030000,105844000,1152791000,None,None,None,None,None,None,None,1.123,17.2,0.433,None,None,None,None,None,-500000000,None,0.0221,None,2464900000,2025-10-28,annual,1.15,USD,pre-market,None,4999440000,0.0831,0.835,0.032,169.2,4796301000,1762692000,135565000,None,76.07,75.39,2.6786,8992025000,4399694000,3226403000,5939741000,4592331000,2713338000,32628438000,3052284000,19.9,-3322633000,83.12,66.22
2025-12-28,SYY,3.73,82034000000.0,19.9,None,0.62,4.319,470676000,None,201897000,201897000,-4628228000,-428698000,-3153084000,None,-551405000,None,None,-662345000,765175000,628800647,None,26337107000,26337107000,1891357000,None,None,2483720000,None,None,345062000,851822000,2.1,0.0283,917564000,917564000,None,0.0,0.03,1495030000,1840092000,1.12,2021-06-30,16.18,1302591000,15117000000.0,6291331000,1394946000,548906000,95651000,95651000,None,0,None,1608233000,None,None,1627127000,None,None,524209000,None,None,None,0.0418,1903842000,4796301000,1495030000,105844000,1152791000,None,None,None,None,None,None,None,1.123,17.2,0.433,None,None,None,None,None,-130374000,None,0.0221,None,2464900000,2025-10-28,annual,1.15,USD,pre-market,None,4999440000,0.0831,0.835,0.032,169.2,4796301000,1762692000,135565000,None,76.07,75.39,2.6786,8992025000,4399694000,3226403000,5939741000,4592331000,2713338000,32628438000,3052284000,19.9,-3322633000,83.12,66.22
2025-12-28,SYY,3.73,82034000000.0,19.9,None,0.62,4.319,720423000,None,201897000,201897000,4719800000,-756307000,5582173000,None,114563000,None,None,915717000,765175000,628800647,None,26337107000,26337107000,1891357000,None,None,2483720000,None,None,345062000,914141000,2.1,0.0283,856312000,856312000,None,0.0,0.03,1495030000,1840092000,1.12,2020-06-30,16.18,1302591000,15117000000.0,6291331000,1394946000,548906000,95651000,95651000,None,0,None,1608233000,None,None,1627127000,None,None,215475000,None,None,None,0.0418,1618680000,4796301000,1495030000,105844000,1152791000,None,None,None,None,None,None,None,1.123,17.2,0.433,None,None,None,None,None,-844699000,None,0.0221,None,2464900000,2025-10-28,annual,1.15,USD,pre-market,None,4999440000,0.0831,0.835,0.032,169.2,4796301000,1762692000,135565000,None,76.07,75.39,2.6786,8992025000,4399694000,3226403000,5939741000,4592331000,2713338000,32628438000,3052284000,19.9,-3322633000,83.12,66.22
2025-12-28,SYY,3.73,82034000000.0,19.9,None,0.62,4.319,692391000,None,201897000,201897000,-1837274000,-742855000,-168922000,None,-114667000,None,None,-203458000,765175000,628800647,None,26337107000,26337107000,1891357000,None,None,2483720000,None,None,345062000,763935000,2.1,0.0283,775430000,775430000,None,0.0,0.03,1495030000,1840092000,1.12,2019-06-30,16.18,1302591000,15117000000.0,6291331000,1394946000,548906000,95651000,95651000,None,0,None,1608233000,None,None,1627127000,None,None,1674271000,None,None,None,0.0418,2411207000,4796301000,1495030000,105844000,1152791000,None,None,None,None,None,None,None,1.123,17.2,0.433,None,None,None,None,None,-1022033000,None,0.0221,None,2464900000,2025-10-28,annual,1.15,USD,pre-market,None,4999440000,0.0831,0.835,0.032,169.2,4796301000,1762692000,135565000,None,76.07,75.39,2.6786,8992025000,4399694000,3226403000,5939741000,4592331000,2713338000,32628438000,3052284000,19.9,-3322633000,83.12,66.22
2025-12-28,SYY,3.73,82034000000.0,19.9,None,0.62,4.319,687815000,None,201897000,201897000,-1410469000,-910413000,-165502000,None,-89737000,None,None,-37457000,765175000,628800647,None,26337107000,26337107000,1891357000,None,None,2483720000,None,None,345062000,765498000,2.1,0.0283,722158000,722158000,None,0.0,0.03,1495030000,1840092000,1.12,2018-06-30,16.18,1302591000,15117000000.0,6291331000,1394946000,548906000,95651000,95651000,None,0,None,1608233000,None,None,1627127000,None,None,1430766000,None,None,None,0.0418,2155380000,4796301000,1495030000,105844000,1152791000,None,None,None,None,None,None,None,1.123,17.2,0.433,None,None,None,None,None,-978901000,None,0.0221,None,2464900000,2025-10-28,annual,1.15,USD,pre-market,None,4999440000,0.0831,0.835,0.032,169.2,4796301000,1762692000,135565000,None,76.07,75.39,2.6786,8992025000,4399694000,3226403000,5939741000,4592331000,2713338000,32628438000,3052284000,19.9,-3322633000,83.12,66.22
2025-12-28,SYY,3.73,82034000000.0,19.9,None,0.62,4.319,686378000,None,201897000,201897000,-1682587000,-3577674000,-3049849000,-22104000,-113647000,None,None,20452000,765175000,628800647,None,26337107000,26337107000,1891357000,None,None,2483720000,None,None,345062000,901992000,2.1,0.0283,698647000,698647000,None,0.0,0.03,1495030000,1840092000,1.12,2017-06-30,16.18,1302591000,15117000000.0,6291331000,1394946000,548906000,95651000,95651000,None,0,None,1608233000,None,None,1627127000,None,None,1142503000,None,None,None,0.0418,2232567000,4796301000,1495030000,105844000,1152791000,None,None,None,None,None,None,None,1.123,17.2,0.433,None,None,None,None,None,-1886121000,None,0.0221,None,2464900000,2025-10-28,annual,1.15,USD,pre-market,None,4999440000,0.0831,0.835,0.032,169.2,4796301000,1762692000,135565000,None,76.07,75.39,2.6786,8992025000,4399694000,3226403000,5939741000,4592331000,2713338000,32628438000,3052284000,19.9,-3322633000,83.12,66.22
2025-12-28,SYY,3.73,82034000000.0,19.9,None,0.62,4.319,527346000,None,201897000,201897000,-2459936000,-769102000,-1210744000,-138327000,66937000,None,None,-27311000,765175000,628800647,None,26337107000,26337107000,1891357000,None,None,2483720000,None,None,345062000,662710000,2.1,0.0283,698869000,698869000,None,0.0,0.03,1495030000,1840092000,1.12,2016-06-30,16.18,1302591000,15117000000.0,6291331000,1394946000,548906000,95651000,95651000,None,0,None,1608233000,None,None,1627127000,None,None,949622000,None,None,None,0.0418,1988347000,4796301000,1495030000,105844000,1152791000,None,None,None,None,None,None,None,1.123,17.2,0.433,None,None,None,None,None,-1949445000,None,0.0221,None,2464900000,2025-10-28,annual,1.15,USD,pre-market,None,4999440000,0.0831,0.835,0.032,169.2,4796301000,1762692000,135565000,None,76.07,75.39,2.6786,8992025000,4399694000,3226403000,5939741000,4592331000,2713338000,32628438000,3052284000,19.9,-3322633000,83.12,66.22
2025-12-28,SYY,3.73,82034000000.0,19.9,None,0.62,4.319,542830000,None,201897000,201897000,3897562000,-654346000,4716998000,-81702000,-125232000,None,None,-11741000,765175000,628800647,None,26337107000,26337107000,1891357000,None,None,2483720000,None,None,345062000,553021000,2.1,0.0283,695274000,695274000,None,0.0,0.03,1495030000,1840092000,1.12,2015-06-30,16.18,1302591000,15117000000.0,6291331000,1394946000,548906000,95651000,95651000,None,0,None,1608233000,None,None,1627127000,None,None,686773000,None,None,None,0.0418,1555484000,4796301000,1495030000,105844000,1152791000,None,None,None,None,None,None,None,1.123,17.2,0.433,None,None,None,None,None,240176000,None,0.0221,None,2464900000,2025-10-28,annual,1.15,USD,pre-market,None,4999440000,0.0831,0.835,0.032,169.2,4796301000,1762692000,135565000,None,76.07,75.39,2.6786,8992025000,4399694000,3226403000,5939741000,4592331000,2713338000,32628438000,3052284000,19.9,-3322633000,83.12,66.22
2025-12-28,SYY,3.73,82034000000.0,19.9,None,0.62,4.319,523206000,None,201897000,201897000,-915858000,-576838000,761000,642000,-195845000,None,None,-236320000,765175000,628800647,None,26337107000,26337107000,1891357000,None,None,2483720000,None,None,345062000,547776000,2.1,0.0283,667217000,667217000,None,0.0,0.03,1495030000,1840092000,1.12,2014-06-30,16.18,1302591000,15117000000.0,6291331000,1394946000,548906000,95651000,95651000,None,0,None,1608233000,None,None,1627127000,None,None,931533000,None,None,None,0.0418,1492815000,4796301000,1495030000,105844000,1152791000,None,None,None,None,None,None,None,1.123,17.2,0.433,None,None,None,None,None,-332381000,None,0.0221,None,2464900000,2025-10-28,annual,1.15,USD,pre-market,None,4999440000,0.0831,0.835,0.032,169.2,4796301000,1762692000,135565000,None,76.07,75.39,2.6786,8992025000,4399694000,3226403000,5939741000,4592331000,2713338000,32628438000,3052284000,19.9,-3322633000,83.12,66.22
2025-12-28,SYY,3.73,82034000000.0,19.9,None,0.62,4.319,511862000,None,201897000,201897000,-874208000,-911882000,-276582000,-2086000,-180277000,None,None,-193755000,765175000,628800647,None,26337107000,26337107000,1891357000,None,None,2483720000,None,None,345062000,510061000,2.1,0.0283,648253000,648253000,None,0.0,0.03,1495030000,1840092000,1.12,2013-06-30,16.18,1302591000,15117000000.0,6291331000,1394946000,548906000,95651000,95651000,None,0,None,1608233000,None,None,1627127000,None,None,992427000,None,None,None,0.0418,1511594000,4796301000,1495030000,105844000,1152791000,None,None,None,None,None,None,None,1.123,17.2,0.433,None,None,None,None,None,-721616000,None,0.0221,None,2464900000,2025-10-28,annual,1.15,USD,pre-market,None,4999440000,0.0831,0.835,0.032,169.2,4796301000,1762692000,135565000,None,76.07,75.39,2.6786,8992025000,4399694000,3226403000,5939741000,4592331000,2713338000,32628438000,3052284000,19.9,-3322633000,83.12,66.22
2025-12-28,SYY,3.73,82034000000.0,19.9,None,0.62,4.319,784501000,None,201897000,201897000,-442649000,-903629000,None,None,-99218000,None,None,None,765175000,628800647,None,26337107000,26337107000,1891357000,None,None,2483720000,None,None,345062000,416943000,2.1,0.0283,622869000,622869000,None,0.0,0.03,1495030000,1840092000,1.12,2012-06-30,16.18,1302591000,15117000000.0,6291331000,1394946000,548906000,95651000,95651000,None,0,None,1608233000,None,None,1627127000,None,None,1121585000,None,None,None,0.0418,1404180000,4796301000,1495030000,105844000,1152791000,None,None,None,None,None,None,None,1.123,17.2,0.433,None,None,None,None,None,-272299000,None,0.0221,None,2464900000,2025-10-28,annual,1.15,USD,pre-market,None,4999440000,0.0831,0.835,0.032,169.2,4796301000,1762692000,135565000,None,76.07,75.39,2.6786,8992025000,4399694000,3226403000,5939741000,4592331000,2713338000,32628438000,3052284000,19.9,-3322633000,83.12,66.22
2025-12-28,SYY,3.73,82034000000.0,19.9,None,0.62,4.319,636442000,None,201897000,201897000,-377907000,-679556000,54322000,20267000,-254738000,None,None,-252641000,765175000,628800647,None,26337107000,26337107000,1891357000,None,None,2483720000,None,None,345062000,402588000,2.1,0.0283,597071000,597071000,None,0.0,0.03,1495030000,1840092000,1.12,2011-06-30,16.18,1302591000,15117000000.0,6291331000,1394946000,548906000,95651000,95651000,None,0,None,1608233000,None,None,1627127000,None,None,1152030000,None,None,None,0.0418,1091518000,4796301000,1495030000,105844000,1152791000,None,None,None,None,None,None,None,1.123,17.2,0.433,None,None,None,None,None,-291600000,None,0.0221,None,2464900000,2025-10-28,annual,1.15,USD,pre-market,None,4999440000,0.0831,0.835,0.032,169.2,4796301000,1762692000,135565000,None,76.07,75.39,2.6786,8992025000,4399694000,3226403000,5939741000,4592331000,2713338000,32628438000,3052284000,19.9,-3322633000,83.12,66.22
2025-12-28,SYY,3.73,82034000000.0,19.9,None,0.62,4.319,594604000,None,201897000,201897000,-667030000,-656320000,-433208000,4714000,-106172000,None,None,-166426000,765175000,628800647,None,26337107000,26337107000,1891357000,None,None,2483720000,None,None,345062000,389976000,2.1,0.0283,579763000,579763000,None,0.0,0.03,1495030000,1840092000,1.12,2010-06-30,16.18,1302591000,15117000000.0,6291331000,1394946000,548906000,95651000,95651000,None,0,None,1608233000,None,None,1627127000,None,None,1179983000,None,None,None,0.0418,885428000,4796301000,1495030000,105844000,1152791000,None,None,None,None,None,None,None,1.123,17.2,0.433,None,None,None,None,None,-179174000,None,0.0221,None,2464900000,2025-10-28,annual,1.15,USD,pre-market,None,4999440000,0.0831,0.835,0.032,169.2,4796301000,1762692000,135565000,None,76.07,75.39,2.6786,8992025000,4399694000,3226403000,5939741000,4592331000,2713338000,32628438000,3052284000,19.9,-3322633000,83.12,66.22
2025-12-28,SYY,3.73,82034000000.0,19.9,None,0.62,4.319,464561000,None,201897000,201897000,-379643000,-658663000,None,None,177590000,None,None,None,765175000,628800647,None,26337107000,26337107000,1891357000,None,None,2483720000,None,None,345062000,382339000,2.1,0.0283,548246000,548246000,None,0.0,0.03,1495030000,1840092000,1.12,2009-06-30,16.18,1302591000,15117000000.0,6291331000,1394946000,548906000,95651000,95651000,None,0,None,1608233000,None,None,1627127000,None,None,1055948000,None,None,None,0.0418,1576749000,4796301000,1495030000,105844000,1152791000,None,None,None,None,None,None,None,1.123,17.2,0.433,None,None,None,None,None,-438843000,None,0.0221,None,2464900000,2025-10-28,annual,1.15,USD,pre-market,None,4999440000,0.0831,0.835,0.032,169.2,4796301000,1762692000,135565000,None,76.07,75.39,2.6786,8992025000,4399694000,3226403000,5939741000,4592331000,2713338000,32628438000,3052284000,19.9,-3322633000,83.12,66.22
2025-12-28,SYY,3.73,82034000000.0,19.9,None,0.62,4.319,515963000,None,201897000,201897000,-698578000,-555560000,None,None,-110925000,None,None,None,765175000,628800647,None,26337107000,26337107000,1891357000,None,None,2483720000,None,None,345062000,372529000,2.1,0.0283,497467000,497467000,None,0.0,0.03,1495030000,1840092000,1.12,2008-06-30,16.18,1302591000,15117000000.0,6291331000,1394946000,548906000,95651000,95651000,None,0,None,1608233000,None,None,1627127000,None,None,1106151000,None,None,None,0.0418,1596129000,4796301000,1495030000,105844000,1152791000,None,None,None,None,None,None,None,1.123,17.2,0.433,None,None,None,None,None,-529179000,None,0.0221,None,2464900000,2025-10-28,annual,1.15,USD,pre-market,None,4999440000,0.0831,0.835,0.032,169.2,4796301000,1762692000,135565000,None,76.07,75.39,2.6786,8992025000,4399694000,3226403000,5939741000,4592331000,2713338000,32628438000,3052284000,19.9,-3322633000,83.12,66.22
2025-12-28,SYY,3.73,82034000000.0,19.9,None,0.62,4.319,603242000,None,201897000,201897000,-748250000,-648711000,None,None,-95932000,None,None,None,765175000,628800647,None,26337107000,26337107000,1891357000,None,None,2483720000,None,None,345062000,362559000,2.1,0.0283,445416000,445416000,None,0.0,0.03,1495030000,1840092000,1.12,2007-06-30,16.18,1302591000,15117000000.0,6291331000,1394946000,548906000,95651000,95651000,None,0,None,1608233000,None,None,1627127000,None,None,1001076000,None,None,None,0.0418,1402922000,4796301000,1495030000,105844000,1152791000,None,None,None,None,None,None,None,1.123,17.2,0.433,None,None,None,None,None,-550865000,None,0.0221,None,2464900000,2025-10-28,annual,1.15,USD,pre-market,None,4999440000,0.0831,0.835,0.032,169.2,4796301000,1762692000,135565000,None,76.07,75.39,2.6786,8992025000,4399694000,3226403000,5939741000,4592331000,2713338000,32628438000,3052284000,19.9,-3322633000,83.12,66.22
2025-12-28,SYY,3.73,82034000000.0,19.9,None,0.62,4.319,514239000,None,201897000,201897000,-508615000,-609579000,None,None,-119392000,None,None,None,765175000,628800647,None,26337107000,26337107000,1891357000,None,None,2483720000,None,None,345062000,345062000,2.1,0.0283,397537000,397537000,None,0.0,0.03,1495030000,1840092000,1.12,2006-06-30,16.18,1302591000,15117000000.0,6291331000,1394946000,548906000,95651000,95651000,None,0,None,1608233000,None,None,1627127000,None,None,855325000,None,None,None,0.0418,1128738000,4796301000,1495030000,105844000,1152791000,None,None,None,None,None,None,None,1.123,17.2,0.433,None,None,None,None,None,-544131000,None,0.0221,None,2464900000,2025-10-28,annual,1.15,USD,pre-market,None,4999440000,0.0831,0.835,0.032,169.2,4796301000,1762692000,135565000,None,76.07,75.39,2.6786,8992025000,4399694000,3226403000,5939741000,4592331000,2713338000,32628438000,3052284000,19.9,-3322633000,83.12,66.22
