date,symbol,eps,revenue_ttm,accumulateddepreciationamortizationppe,beta,book_value,capitalexpenditures,capitalleaseobligations,cashandcashequivalentsatcarryingvalue,cashandshortterminvestments,cashflowfromfinancing,cashflowfrominvestment,changeincashandcashequivalents,changeinexchangerate,changeininventory,changeinoperatingassets,changeinoperatingliabilities,changeinreceivables,commonstock,commonstocksharesoutstanding,comprehensiveincomenetoftax,costofgoodsandservicessold,costofrevenue,currentaccountspayable,currentdebt,currentlongtermdebt,currentnetreceivables,deferredrevenue,depreciation,depreciationandamortization,depreciationdepletionandamortization,dividendpayout,dividendpayoutcommonstock,dividendpayoutpreferredstock,earnings_growth_yoy,earnings_surprise,ebit,ebitda,estimated_eps,fiscaldateending,forward_pe,goodwill,gross_profit_ttm,grossprofit,incomebeforetax,incometaxexpense,intangibleassets,intangibleassetsexcludinggoodwill,interestanddebtexpense,interestexpense,interestincome,inventory,investmentincomenet,investments,longtermdebt,longtermdebtnoncurrent,longterminvestments,netincome,netincomefromcontinuingoperations,netinterestincome,noninterestincome,operating_margin_ttm,operatingcashflow,operatingexpenses,operatingincome,othercurrentassets,othercurrentliabilities,othernoncurrentassets,othernoncurrentliabilities,othernonoperatingincome,paymentsforoperatingactivities,paymentsforrepurchaseofcommonstock,paymentsforrepurchaseofequity,paymentsforrepurchaseofpreferredstock,peg_ratio,price_to_book,price_to_sales_ttm,proceedsfromissuanceofcommonstock,proceedsfromissuanceoflongtermdebtandcapitalsecuritiesnet,proceedsfromissuanceofpreferredstock,proceedsfromoperatingactivities,proceedsfromrepaymentsofshorttermdebt,proceedsfromrepurchaseofequity,proceedsfromsaleoftreasurystock,profit_margin,profitloss,propertyplantequipment,report_date,report_type,reported_eps,reportedcurrency,reporttime,researchanddevelopment,retainedearnings,return_on_assets_ttm,return_on_equity_ttm,revenue_growth_yoy,revenue_per_share_ttm,sellinggeneralandadministrative,shortlongtermdebttotal,shorttermdebt,shortterminvestments,sma_200,sma_50,surprise_pct,totalassets,totalcurrentassets,totalcurrentliabilities,totalliabilities,totalnoncurrentassets,totalnoncurrentliabilities,totalrevenue,totalshareholderequity,treasurystock,week_52_high,week_52_low
2015-12-31,TEAM,,,,,,,,,,,,,,,,,,,,,,,,,,,,,,,,,,,0.07,,,0.04,,,,,,,,,,,,,,,,,,,,,,,,,,,,,,,,,,,,,,,,,,,,,,,,,2016-02-04,,0.11,,post-market,,,,,,,,,,,,,175.0,,,,,,,,,,,
2016-03-31,TEAM,,,,,,,,,,,,,,,,,,,,,,,,,,,,,,,,,,,0.01,,,0.06,,,,,,,,,,,,,,,,,,,,,,,,,,,,,,,,,,,,,,,,,,,,,,,,,2016-05-05,,0.07,,post-market,,,,,,,,,,,,,16.6667,,,,,,,,,,,
2016-06-30,TEAM,,,,,,,,,,,,,,,,,,,,,,,,,,,,,,,,,,,0.03,,,0.05,,,,,,,,,,,,,,,,,,,,,,,,,,,,,,,,,,,,,,,,,,,,,,,,,2016-08-04,,0.08,,post-market,,,,,,,,,,,,,60.0,,,,,,,,,,,
2016-09-30,TEAM,,,,,,,,,,,,,,,,,,,,,,,,,,,,,,,,,,,0.03,,,0.07,,,,,,,,,,,,,,,,,,,,,,,,,,,,,,,,,,,,,,,,,,,,,,,,,2016-10-27,,0.1,,post-market,,,,,,,,,,,,,42.8571,,,,,,,,,,,
2016-12-31,TEAM,,,,,,,,,,,,,,,,,,,,,,,,,,,,,,,,,,,0.01,,,0.08,,,,,,,,,,,,,,,,,,,,,,,,,,,,,,,,,,,,,,,,,,,,,,,,,2017-01-19,,0.09,,post-market,,,,,,,,,,,,,12.5,,,,,,,,,,,
2017-03-31,TEAM,,,,,,,,,,,,,,,,,,,,,,,,,,,,,,,,,,,0.02,,,0.06,,,,,,,,,,,,,,,,,,,,,,,,,,,,,,,,,,,,,,,,,,,,,,,,,2017-04-27,,0.08,,post-market,,,,,,,,,,,,,33.3333,,,,,,,,,,,
2017-06-30,TEAM,,,,,,,,,,,,,,,,,,,,,,,,,,,,,,,,,,,0.01,,,0.08,,,,,,,,,,,,,,,,,,,,,,,,,,,,,,,,,,,,,,,,,,,,,,,,,2017-07-27,,0.09,,post-market,,,,,,,,,,,,,12.5,,,,,,,,,,,
2017-09-30,TEAM,,,,,,,,,,,,,,,,,,,,,,,,,,,,,,,,,,,0.04,,,0.09,,,,,,,,,,,,,,,,,,,,,,,,,,,,,,,,,,,,,,,,,,,,,,,,,2017-10-19,,0.13,,post-market,,,,,,,,,,,,,44.4444,,,,,,,,,,,
2017-12-31,TEAM,,,,,,,,,,,,,,,,,,,,,,,,,,,,,,,,,,,0.01,,,0.12,,,,,,,,,,,,,,,,,,,,,,,,,,,,,,,,,,,,,,,,,,,,,,,,,2018-01-18,,0.13,,post-market,,,,,,,,,,,,,8.3333,,,,,,,,,,,
2018-03-31,TEAM,,,,,,,,,,,,,,,,,,,,,,,,,,,,,,,,,,,0.02,,,0.08,,,,,,,,,,,,,,,,,,,,,,,,,,,,,,,,,,,,,,,,,,,,,,,,,2018-04-19,,0.1,,post-market,,,,,,,,,,,,,25.0,,,,,,,,,,,
2018-06-30,TEAM,,,,,,,,,,,,,,,,,,,,,,,,,,,,,,,,,,,0.01,,,0.12,,,,,,,,,,,,,,,,,,,,,,,,,,,,,,,,,,,,,,,,,,,,,,,,,2018-07-26,,0.13,,post-market,,,,,,,,,,,,,8.3333,,,,,,,,,,,
2018-09-30,TEAM,,,,,,,,,,,,,,,,,,,,,,,,,,,,,,,,,,,0.01,,,0.19,,,,,,,,,,,,,,,,,,,,,,,,,,,,,,,,,,,,,,,,,,,,,,,,,2018-10-18,,0.2,,post-market,,,,,,,,,,,,,5.2632,,,,,,,,,,,
2018-12-31,TEAM,,,,,,,,,,,,,,,,,,,,,,,,,,,,,,,,,,,0.04,,,0.21,,,,,,,,,,,,,,,,,,,,,,,,,,,,,,,,,,,,,,,,,,,,,,,,,2019-01-17,,0.25,,post-market,,,,,,,,,,,,,19.0476,,,,,,,,,,,
2019-03-31,TEAM,,,,,,,,,,,,,,,,,,,,,,,,,,,,,,,,,,,0.03,,,0.18,,,,,,,,,,,,,,,,,,,,,,,,,,,,,,,,,,,,,,,,,,,,,,,,,2019-04-17,,0.21,,post-market,,,,,,,,,,,,,16.6667,,,,,,,,,,,
2019-06-30,TEAM,,,,,,,,,,,,,,,,,,,,,,,,,,,,,,,,,,,0.04,,,0.16,,,,,,,,,,,,,,,,,,,,,,,,,,,,,,,,,,,,,,,,,,,,,,,,,2019-07-25,,0.2,,post-market,,,,,,,,,,,,,25.0,,,,,,,,,,,
2019-09-30,TEAM,,,,,,,,,,,,,,,,,,,,,,,,,,,,,,,,,,,0.04,,,0.24,,,,,,,,,,,,,,,,,,,,,,,,,,,,,,,,,,,,,,,,,,,,,,,,,2019-10-17,,0.28,,post-market,,,,,,,,,,,,,16.6667,,,,,,,,,,,
2019-12-31,TEAM,,,,,,,,,,,,,,,,,,,,,,,,,,,,,,,,,,,0.1,,,0.27,,,,,,,,,,,,,,,,,,,,,,,,,,,,,,,,,,,,,,,,,,,,,,,,,2020-01-23,,0.37,,post-market,,,,,,,,,,,,,37.037,,,,,,,,,,,
2020-03-31,TEAM,,,,,,,,,,,,,,,,,,,,,,,,,,,,,,,,,,,0.04,,,0.21,,,,,,,,,,,,,,,,,,,,,,,,,,,,,,,,,,,,,,,,,,,,,,,,,2020-04-30,,0.25,,post-market,,,,,,,,,,,,,19.0476,,,,,,,,,,,
2020-06-30,TEAM,,,,,,,,,,,,,,,,,,,,,,,,,,,,,,,,,,,0.04,,,0.21,,,,,,,,,,,,,,,,,,,,,,,,,,,,,,,,,,,,,,,,,,,,,,,,,2020-07-30,,0.25,,post-market,,,,,,,,,,,,,19.0476,,,,,,,,,,,
2020-09-30,TEAM,,,,,,,,,,,,,,,,,,,,,,,,,,,,,,,,,,,0.03,,,0.27,,,,,,,,,,,,,,,,,,,,,,,,,,,,,,,,,,,,,,,,,,,,,,,,,2020-10-29,,0.3,,post-market,,,,,,,,,,,,,11.1111,,,,,,,,,,,
2020-12-31,TEAM,,,,,,,,,,,,,,,,,,,,,,,,,,,,,,,,,,,0.05,,,0.32,,,,,,,,,,,,,,,,,,,,,,,,,,,,,,,,,,,,,,,,,,,,,,,,,2021-01-28,,0.37,,post-market,,,,,,,,,,,,,15.625,,,,,,,,,,,
2021-03-31,TEAM,,,,,,,,,,,,,,,,,,,,,,,,,,,,,,,,,,,0.19,,,0.29,,,,,,,,,,,,,,,,,,,,,,,,,,,,,,,,,,,,,,,,,,,,,,,,,2021-04-29,,0.48,,post-market,,,,,,,,,,,,,65.5172,,,,,,,,,,,
2021-06-30,TEAM,,,,,,,,,,,,,,,,,,,,,,,,,,,,,,,,,,,0.06,,,0.18,,,,,,,,,,,,,,,,,,,,,,,,,,,,,,,,,,,,,,,,,,,,,,,,,2021-07-29,,0.24,,post-market,,,,,,,,,,,,,33.3333,,,,,,,,,,,
2021-09-30,TEAM,,,,,,,,,,,,,,,,,,,,,,,,,,,,,,,,,,,0.06,,,0.4,,,,,,,,,,,,,,,,,,,,,,,,,,,,,,,,,,,,,,,,,,,,,,,,,2021-10-28,,0.46,,post-market,,,,,,,,,,,,,15.0,,,,,,,,,,,
2021-12-31,TEAM,,,,,,,,,,,,,,,,,,,,,,,,,,,,,,,,,,,0.11,,,0.39,,,,,,,,,,,,,,,,,,,,,,,,,,,,,,,,,,,,,,,,,,,,,,,,,2022-01-27,,0.5,,post-market,,,,,,,,,,,,,28.2051,,,,,,,,,,,
2022-03-31,TEAM,,,,,,,,,,,,,,,,,,,,,,,,,,,,,,,,,,,0.15,,,0.32,,,,,,,,,,,,,,,,,,,,,,,,,,,,,,,,,,,,,,,,,,,,,,,,,2022-04-28,,0.47,,post-market,,,,,,,,,,,,,46.875,,,,,,,,,,,
2022-06-30,TEAM,,,,,,,,,,,,,,,,,,,,,,,,,,,,,,,,,,,0.01,,,0.26,,,,,,,,,,,,,,,,,,,,,,,,,,,,,,,,,,,,,,,,,,,,,,,,,2022-08-04,,0.27,,post-market,,,,,,,,,,,,,3.8462,,,,,,,,,,,
2022-09-30,TEAM,,,,,,,,,,,,,,,,,,,,,,,,,,,,,,,,,,,-0.02,,,0.38,,,,,,,,,,,,,,,,,,,,,,,,,,,,,,,,,,,,,,,,,,,,,,,,,2022-11-03,,0.36,,post-market,,,,,,,,,,,,,-5.2632,,,,,,,,,,,
2022-12-31,TEAM,,,,,,,,,,,,,,,,,,,,,,,,,,,,,,,,,,,0.16,,,0.29,,,,,,,,,,,,,,,,,,,,,,,,,,,,,,,,,,,,,,,,,,,,,,,,,2023-02-02,,0.45,,post-market,,,,,,,,,,,,,55.1724,,,,,,,,,,,
2023-03-31,TEAM,,,,,,,,,,,,,,,,,,,,,,,,,,,,,,,,,,,0.21,,,0.33,,,,,,,,,,,,,,,,,,,,,,,,,,,,,,,,,,,,,,,,,,,,,,,,,2023-05-04,,0.54,,post-market,,,,,,,,,,,,,63.6364,,,,,,,,,,,
2023-06-30,TEAM,,,,,,,,,,,,,,,,,,,,,,,,,,,,,,,,,,,0.12,,,0.45,,,,,,,,,,,,,,,,,,,,,,,,,,,,,,,,,,,,,,,,,,,,,,,,,2023-08-03,,0.57,,post-market,,,,,,,,,,,,,26.6667,,,,,,,,,,,
2023-09-30,TEAM,,,,,,,,,,,,,,,,,,,,,,,,,,,,,,,,,,,0.11,,,0.54,,,,,,,,,,,,,,,,,,,,,,,,,,,,,,,,,,,,,,,,,,,,,,,,,2023-11-02,,0.65,,post-market,,,,,,,,,,,,,20.3704,,,,,,,,,,,
2023-12-31,TEAM,,,,,,,,,,,,,,,,,,,,,,,,,,,,,,,,,,,0.1,,,0.63,,,,,,,,,,,,,,,,,,,,,,,,,,,,,,,,,,,,,,,,,,,,,,,,,2024-01-31,,0.73,,post-market,,,,,,,,,,,,,15.873,,,,,,,,,,,
2024-03-31,TEAM,,,,,,,,,,,,,,,,,,,,,,,,,,,,,,,,,,,0.26,,,0.63,,,,,,,,,,,,,,,,,,,,,,,,,,,,,,,,,,,,,,,,,,,,,,,,,2024-04-25,,0.89,,post-market,,,,,,,,,,,,,41.2698,,,,,,,,,,,
2024-06-30,TEAM,,,,,,,,,,,,,,,,,,,,,,,,,,,,,,,,,,,0.06,,,0.6,,,,,,,,,,,,,,,,,,,,,,,,,,,,,,,,,,,,,,,,,,,,,,,,,2024-08-01,,0.66,,post-market,,,,,,,,,,,,,10.0,,,,,,,,,,,
2024-09-30,TEAM,,,,,,,,,,,,,,,,,,,,,,,,,,,,,,,,,,,-0.23,,,-0.25,,,,,,,,,,,,,,,,,,,,,,,,,,,,,,,,,,,,,,,,,,,,,,,,,2024-10-31,,-0.48,,post-market,,,,,,,,,,,,,-92.0,,,,,,,,,,,
2024-12-31,TEAM,,,,,,,,,,,,,,,,,,,,,,,,,,,,,,,,,,,0.3,,,-0.45,,,,,,,,,,,,,,,,,,,,,,,,,,,,,,,,,,,,,,,,,,,,,,,,,2025-01-30,,-0.15,,post-market,,,,,,,,,,,,,66.6667,,,,,,,,,,,
2025-03-31,TEAM,,,,,,,,,,,,,,,,,,,,,,,,,,,,,,,,,,,0.04,,,0.93,,,,,,,,,,,,,,,,,,,,,,,,,,,,,,,,,,,,,,,,,,,,,,,,,2025-05-01,,0.97,,post-market,,,,,,,,,,,,,4.3011,,,,,,,,,,,
2025-06-30,TEAM,,,,,,,,,,,,,,,,,,,,,,,,,,,,,,,,,,,0.13,,,0.85,,,,,,,,,,,,,,,,,,,,,,,,,,,,,,,,,,,,,,,,,,,,,,,,,2025-08-07,,0.98,,post-market,,,,,,,,,,,,,15.2941,,,,,,,,,,,
2025-09-30,TEAM,,,,,,,,,,,,,,,,,,,,,,,,,,,,,,,,,,,0.2,,,0.84,,,,,,,,,,,,,,,,,,,,,,,,,,,,,,,,,,,,,,,,,,,,,,,,,2025-10-30,,1.04,,post-market,,,,,,,,,,,,,23.8095,,,,,,,,,,,
2025-12-28,TEAM,-0.7,5460076000.0,,0.9,5.24,,,,,,,,,,,,,,,,,,,,,,,,,,,,,1.722,0.2,,,0.84,,33.0,,4556517000.0,,,,,,,,,,,,,,,,,,,-0.0284,,,,,,,,,,,,,1.651,30.74,7.87,,,,,,,,-0.0338,,,2025-10-30,,1.04,,post-market,,,-0.0162,-0.153,0.206,20.81,,,,,185.05,157.83,23.8095,,,,,,,,,,326.0,139.7
2025-12-28,TEAM,-0.7,5460076000.0,,0.9,5.24,,,,,,,,,,,,,,,None,257924000,257924000,,,,,,None,24333000,,,,,1.722,0.2,-47688000,-23355000,0.84,2025-09-30,33.0,,4556517000.0,1174629000,-56324000,-4454000,,,None,8636000,29845000,,None,,,,,-51870000,-51870000,21209000,None,-0.0284,,1270966000,-96337000,,,,,None,,,,,1.651,30.74,7.87,,,,,,,,-0.0338,,,2025-10-30,quarterly,1.04,USD,post-market,755994000,,-0.0162,-0.153,0.206,20.81,178545000,,,,185.05,157.83,23.8095,,,,,,,1432553000,,,326.0,139.7
2025-12-28,TEAM,-0.7,5460076000.0,,0.9,5.24,,,,,,,,,,,,,,,None,234425000,234425000,,,,,,None,23221000,,,,,1.722,0.2,-6057000,17164000,0.84,2025-06-30,33.0,,4556517000.0,1149919000,-14194000,9709000,,,None,8137000,30407000,,None,,,,,-23903000,-23903000,22270000,None,-0.0284,,1178398000,-28479000,,,,,None,,,,,1.651,30.74,7.87,,,,,,,,-0.0338,,,2025-10-30,quarterly,1.04,USD,post-market,700678000,,-0.0162,-0.153,0.206,20.81,163304000,,,,185.05,157.83,23.8095,,,,,,,1384344000,,,326.0,139.7
2025-12-28,TEAM,-0.7,5460076000.0,,0.9,5.24,,,,,,,,,,,,,,,None,219675000,219675000,,,,,,None,23178000,,,,,1.722,0.2,450000,23628000,0.84,2025-03-31,33.0,,4556517000.0,1137041000,-7354000,63453000,,,None,7804000,27767000,,None,,,,,-70807000,-70807000,19963000,None,-0.0284,,1149497000,-12456000,,,,,None,,,,,1.651,30.74,7.87,,,,,,,,-0.0338,,,2025-10-30,quarterly,1.04,USD,post-market,685320000,,-0.0162,-0.153,0.206,20.81,168345000,,,,185.05,157.83,23.8095,,,,,,,1356716000,,,326.0,139.7
2025-12-28,TEAM,-0.7,5460076000.0,,0.9,5.24,,,,,,,,,,,,,,,None,223127000,223127000,,,,,,None,23149000,,,,,1.722,0.2,-39892000,-16743000,0.84,2024-12-31,33.0,,4556517000.0,1063336000,-47183000,-8975000,,,None,7291000,25586000,,None,,,,,-38208000,-38208000,18295000,None,-0.0284,,1120815000,-57479000,,,,,None,,,,,1.651,30.74,7.87,,,,,,,,-0.0338,,,2025-10-30,quarterly,1.04,USD,post-market,680213000,,-0.0162,-0.153,0.206,20.81,168708000,,,,185.05,157.83,23.8095,,,,,,,1286463000,,,326.0,139.7
2025-12-28,TEAM,-0.7,5460076000.0,,0.9,5.24,,,,,,,,,,,,,,,None,217624000,217624000,,,,,,None,22827000,,,,,1.722,0.2,-22846000,-19000,0.84,2024-09-30,33.0,,4556517000.0,970157000,-30164000,93605000,,,None,7318000,28564000,,None,,,,,-123769000,-123769000,21246000,None,-0.0284,,1002135000,-31978000,,,,,None,,,,,1.651,30.74,7.87,,,,,,,,-0.0338,,,2025-10-30,quarterly,1.04,USD,post-market,603101000,,-0.0162,-0.153,0.206,20.81,146641000,,,,185.05,157.83,23.8095,,,,,,,1187781000,,,326.0,139.7
2025-12-28,TEAM,-0.7,5460076000.0,,0.9,5.24,,,,,,,,,,,,,,,None,217505000,217505000,,,,,,None,23178000,,,,,1.722,0.2,-46472000,-23294000,0.84,2024-06-30,33.0,,4556517000.0,914085000,-54119000,142800000,,,None,7647000,27430000,,None,,,,,-196919000,-196919000,19783000,None,-0.0284,,981035000,-66950000,,,,,None,,,,,1.651,30.74,7.87,,,,,,,,-0.0338,,,2025-10-30,quarterly,1.04,USD,post-market,589104000,,-0.0162,-0.153,0.206,20.81,152328000,,,,185.05,157.83,23.8095,,,,,,,1131590000,,,326.0,139.7
2025-12-28,TEAM,-0.7,5460076000.0,,0.9,5.24,,,,,,,,,,,,,,,None,213425000,213425000,,,,,,None,23464000,,,,,1.722,0.2,28228000,51692000,0.84,2024-03-31,33.0,,4556517000.0,975703000,19775000,7023000,,,None,8453000,21414000,,None,,,,,12752000,12752000,12961000,None,-0.0284,,957899000,17804000,,,,,None,,,,,1.651,30.74,7.87,,,,,,,,-0.0338,,,2025-10-30,quarterly,1.04,USD,post-market,576490000,,-0.0162,-0.153,0.206,20.81,157595000,,,,185.05,157.83,23.8095,,,,,,,1189128000,,,326.0,139.7
2025-12-28,TEAM,-0.7,5460076000.0,,0.9,5.24,,,,,,,,,,,,,,,None,194536000,194536000,,,,,,None,17012000,,,,,1.722,0.2,-31108000,-14096000,0.84,2023-12-31,33.0,,4556517000.0,865574000,-40109000,44360000,,,None,9001000,22593000,,None,,,,,-84469000,-84469000,13592000,None,-0.0284,,914636000,-49062000,,,,,None,,,,,1.651,30.74,7.87,,,,,,,,-0.0338,,,2025-10-30,quarterly,1.04,USD,post-market,536779000,,-0.0162,-0.153,0.206,20.81,157344000,,,,185.05,157.83,23.8095,,,,,,,1060110000,,,326.0,139.7
2025-12-28,TEAM,-0.7,5460076000.0,,0.9,5.24,,,,,,,,,,,,,,,None,178029000,178029000,,,,,,None,15084000,,,,,1.722,0.2,-1978000,13106000,0.84,2023-09-30,33.0,,4556517000.0,799746000,-10954000,20929000,,,None,8976000,25226000,,None,,,,,-31883000,-31883000,16250000,None,-0.0284,,818615000,-18869000,,,,,None,,,,,1.651,30.74,7.87,,,,,,,,-0.0338,,,2025-10-30,quarterly,1.04,USD,post-market,481738000,,-0.0162,-0.153,0.206,20.81,143310000,,,,185.05,157.83,23.8095,,,,,,,977775000,,,326.0,139.7
2025-12-28,TEAM,-0.7,5460076000.0,,0.9,5.24,,,,,,,,,,,,,,,None,169776000,169776000,,,,,,None,15304000,,,,,1.722,0.2,-36906000,-21602000,0.84,2023-06-30,33.0,,4556517000.0,769322000,-45446000,13506000,,,None,8540000,20579000,,None,,,,,-58952000,-58952000,12039000,None,-0.0284,,819711000,-50389000,,,,,None,,,,,1.651,30.74,7.87,,,,,,,,-0.0338,,,2025-10-30,quarterly,1.04,USD,post-market,474855000,,-0.0162,-0.153,0.206,20.81,142235000,,,,185.05,157.83,23.8095,,,,,,,939098000,,,326.0,139.7
2025-12-28,TEAM,-0.7,5460076000.0,,0.9,5.24,,,,,,,,,,,,,,,None,168652000,168652000,,,,,,None,15523000,,,,,1.722,0.2,-147463000,-131940000,0.84,2023-03-31,33.0,,4556517000.0,746801000,-155441000,53596000,,,None,7978000,15047000,,None,,,,,-209037000,-209037000,7069000,None,-0.0284,,908368000,-161567000,,,,,None,,,,,1.651,30.74,7.87,,,,,,,,-0.0338,,,2025-10-30,quarterly,1.04,USD,post-market,522344000,,-0.0162,-0.153,0.206,20.81,165103000,,,,185.05,157.83,23.8095,,,,,,,915453000,,,326.0,139.7
2025-12-28,TEAM,-0.7,5460076000.0,,0.9,5.24,,,,,,,,,,,,,,,None,155945000,155945000,,,,,,None,15476000,,,,,1.722,0.2,-97025000,-81549000,0.84,2022-12-31,33.0,,4556517000.0,716759000,-104533000,100498000,,,None,7508000,8963000,,None,,,,,-205031000,-205031000,1455000,None,-0.0284,,815998000,-99239000,,,,,None,,,,,1.651,30.74,7.87,,,,,,,,-0.0338,,,2025-10-30,quarterly,1.04,USD,post-market,473676000,,-0.0162,-0.153,0.206,20.81,156131000,,,,185.05,157.83,23.8095,,,,,,,872704000,,,326.0,139.7
2025-12-28,TEAM,-0.7,5460076000.0,,0.9,5.24,,,,,,,,,,,,,,,None,139392000,139392000,,,,,,None,14620000,,,,,1.722,0.2,405000,15025000,0.84,2022-09-30,33.0,,4556517000.0,668000000,-5716000,8025000,,,None,6121000,5143000,,None,,,,,-13741000,-13741000,-978000,None,-0.0284,,702027000,-34027000,,,,,None,,,,,1.651,30.74,7.87,,,,,,,,-0.0338,,,2025-10-30,quarterly,1.04,USD,post-market,399006000,,-0.0162,-0.153,0.206,20.81,142893000,,,,185.05,157.83,23.8095,,,,,,,807392000,,,326.0,139.7
2025-12-28,TEAM,-0.7,5460076000.0,,0.9,5.24,,,,,,,,,,,,,,,None,133154000,133154000,,,,,,None,24610000,,,,,1.722,0.2,-62248000,-37638000,0.84,2022-06-30,33.0,,4556517000.0,626687000,-68859000,36604000,,,None,6611000,1332000,,None,,,,,-105463000,-105463000,-5279000,None,-0.0284,,689940000,-63253000,,,,,None,,,,,1.651,30.74,7.87,,,,,,,,-0.0338,,,2025-10-30,quarterly,1.04,USD,post-market,379000000,,-0.0162,-0.153,0.206,20.81,131632000,,,,185.05,157.83,23.8095,,,,,,,759841000,,,326.0,139.7
2025-12-28,TEAM,-0.7,5460076000.0,,0.9,5.24,,,,,,,,,,,,,,,None,116063000,116063000,,,,,,None,12239000,,,,,1.722,0.2,10418000,22657000,0.84,2022-03-31,33.0,,4556517000.0,624428000,6259000,1598000,,,None,4159000,608000,,None,,,,,4661000,-31087000,-5416000,None,-0.0284,,591531000,32897000,,,,,None,,,,,1.651,30.74,7.87,,,,,,,,-0.0338,,,2025-10-30,quarterly,1.04,USD,post-market,334161000,,-0.0162,-0.153,0.206,20.81,114984000,,,,185.05,157.83,23.8095,,,,,,,740491000,,,326.0,139.7
2025-12-28,TEAM,-0.7,5460076000.0,,0.9,5.24,,,,,,,,,,,,,,,None,110191000,110191000,,,,,,None,12298000,,,,,1.722,0.2,773000,13071000,0.84,2021-12-31,33.0,,4556517000.0,578335000,-20249000,2079000,,,None,21022000,77000,,None,,,,,-22328000,-77472000,-6001000,None,-0.0284,,555293000,23042000,,,,,None,,,,,1.651,30.74,7.87,,,,,,,,-0.0338,,,2025-10-30,quarterly,1.04,USD,post-market,318569000,,-0.0162,-0.153,0.206,20.81,115678000,,,,185.05,157.83,23.8095,,,,,,,688526000,,,326.0,139.7
2025-12-28,TEAM,-0.7,5460076000.0,,0.9,5.24,,,,,,,,,,,,,,,None,96256000,96256000,,,,,,None,13304000,,,,,1.722,0.2,-399050000,-385746000,0.84,2021-09-30,33.0,,4556517000.0,517768000,-410568000,636000,,,None,11518000,280000,,None,,,,,-411204000,-400102000,-6831000,None,-0.0284,,461291000,56477000,,,,,None,,,,,1.651,30.74,7.87,,,,,,,,-0.0338,,,2025-10-30,quarterly,1.04,USD,post-market,272140000,,-0.0162,-0.153,0.206,20.81,89822000,,,,185.05,157.83,23.8095,,,,,,,614024000,,,326.0,139.7
2025-12-28,TEAM,-0.7,5460076000.0,,0.9,5.24,,,,,,,,,,,,,,,None,97967000,97967000,,,,,,None,23714000,,,,,1.722,0.2,-205919000,-182205000,0.84,2021-06-30,33.0,,4556517000.0,461572000,-214018000,-945000,,,None,8099000,1008000,,None,,,,,-213073000,-213073000,-7091000,None,-0.0284,,469098000,-7526000,,,,,None,,,,,1.651,30.74,7.87,,,,,,,,-0.0338,,,2025-10-30,quarterly,1.04,USD,post-market,245929000,,-0.0162,-0.153,0.206,20.81,89740000,,,,185.05,157.83,23.8095,,,,,,,559539000,,,326.0,139.7
2025-12-28,TEAM,-0.7,5460076000.0,,0.9,5.24,,,,,,,,,,,,,,,None,84888000,84888000,,,,,,None,23324000,,,,,1.722,0.2,221641000,244965000,0.84,2021-03-31,33.0,,4556517000.0,483840000,211050000,51210000,,,None,10591000,1464000,,None,,,,,159840000,159840000,-9127000,None,-0.0284,,414325000,69515000,,,,,None,,,,,1.651,30.74,7.87,,,,,,,,-0.0338,,,2025-10-30,quarterly,1.04,USD,post-market,244098000,,-0.0162,-0.153,0.206,20.81,78184000,,,,185.05,157.83,23.8095,,,,,,,568728000,,,326.0,139.7
2025-12-28,TEAM,-0.7,5460076000.0,,0.9,5.24,,,,,,,,,,,,,,,None,79482000,79482000,,,,,,None,23185000,,,,,1.722,0.2,-515924000,-492739000,0.84,2020-12-31,33.0,,4556517000.0,421877000,-607372000,14156000,,,None,91448000,2112000,,None,,,,,-621528000,-621528000,-89336000,None,-0.0284,,394164000,27713000,,,,,None,,,,,1.651,30.74,7.87,,,,,,,,-0.0338,,,2025-10-30,quarterly,1.04,USD,post-market,241064000,,-0.0162,-0.153,0.206,20.81,75949000,,,,185.05,157.83,23.8095,,,,,,,501359000,,,326.0,139.7
2025-12-28,TEAM,-0.7,5460076000.0,,0.9,5.24,,,,,,,,,,,,,,,None,73684000,73684000,,,,,,None,22625000,,,,,1.722,0.2,-11749000,10876000,0.84,2020-09-30,33.0,,4556517000.0,385822000,-24324000,-2770000,,,None,12575000,2590000,,None,,,,,-21554000,-21554000,-9985000,None,-0.0284,,373890000,11932000,,,,,None,,,,,1.651,30.74,7.87,,,,,,,,-0.0338,,,2025-10-30,quarterly,1.04,USD,post-market,232235000,,-0.0162,-0.153,0.206,20.81,71369000,,,,185.05,157.83,23.8095,,,,,,,459506000,,,326.0,139.7
2025-12-28,TEAM,-0.7,5460076000.0,,0.9,5.24,,,,,,,,,,,,,,,None,70112000,70112000,,,,,,None,22078000,,,,,1.722,0.2,-383124000,-361046000,0.84,2020-06-30,33.0,,4556517000.0,360364000,-395608000,-10385000,,,None,12484000,3390000,,None,,,,,-385223000,-385223000,-9094000,None,-0.0284,,363644000,-3280000,,,,,None,,,,,1.651,30.74,7.87,,,,,,,,-0.0338,,,2025-10-30,quarterly,1.04,USD,post-market,210738000,,-0.0162,-0.153,0.206,20.81,75014000,,,,185.05,157.83,23.8095,,,,,,,430476000,,,326.0,139.7
2025-12-28,TEAM,-0.7,5460076000.0,,0.9,5.24,,,,,,,,,,,,,,,None,70655000,70655000,,,,,,None,23683000,,,,,1.722,0.2,-154422000,-130739000,0.84,2020-03-31,33.0,,4556517000.0,340927000,-166857000,-8032000,,,None,12435000,7199000,,None,,,,,-158825000,-158825000,-5236000,None,-0.0284,,360847000,-19920000,,,,,None,,,,,1.651,30.74,7.87,,,,,,,,-0.0338,,,2025-10-30,quarterly,1.04,USD,post-market,204148000,,-0.0162,-0.153,0.206,20.81,72214000,,,,185.05,157.83,23.8095,,,,,,,411582000,,,326.0,139.7
2025-12-28,TEAM,-0.7,5460076000.0,,0.9,5.24,,,,,,,,,,,,,,,None,65761000,65761000,,,,,,None,26622000,,,,,1.722,0.2,154155000,180777000,0.84,2019-12-31,33.0,,4556517000.0,342964000,141791000,17717000,,,None,12364000,8100000,,None,,,,,124074000,124074000,-4264000,None,-0.0284,,301123000,41841000,,,,,None,,,,,1.651,30.74,7.87,,,,,,,,-0.0338,,,2025-10-30,quarterly,1.04,USD,post-market,172420000,,-0.0162,-0.153,0.206,20.81,59440000,,,,185.05,157.83,23.8095,,,,,,,408725000,,,326.0,139.7
2025-12-28,TEAM,-0.7,5460076000.0,,0.9,5.24,,,,,,,,,,,,,,,None,62279000,62279000,,,,,,None,25015000,,,,,1.722,0.2,86792000,111807000,0.84,2019-09-30,33.0,,4556517000.0,301111000,74465000,5145000,,,None,12327000,9112000,,None,,,,,69320000,69320000,-3215000,None,-0.0284,,305666000,-4555000,,,,,None,,,,,1.651,30.74,7.87,,,,,,,,-0.0338,,,2025-10-30,quarterly,1.04,USD,post-market,175882000,,-0.0162,-0.153,0.206,20.81,61741000,,,,185.05,157.83,23.8095,,,,,,,363390000,,,326.0,139.7
2025-12-28,TEAM,-0.7,5460076000.0,,0.9,5.24,,,,,,,,,,,,,,,None,61129000,61129000,,,,,,None,15845000,,,,,1.722,0.2,-180645000,-164800000,0.84,2019-06-30,33.0,,4556517000.0,273457000,-190862000,46655000,,,None,10217000,9272000,,None,,,,,-237517000,-237517000,-945000,None,-0.0284,,305901000,-32444000,,,,,None,,,,,1.651,30.74,7.87,,,,,,,,-0.0338,,,2025-10-30,quarterly,1.04,USD,post-market,170321000,,-0.0162,-0.153,0.206,20.81,58980000,,,,185.05,157.83,23.8095,,,,,,,334586000,,,326.0,139.7
2025-12-28,TEAM,-0.7,5460076000.0,,0.9,5.24,,,,,,,,,,,,,,,None,54189000,54189000,,,,,,None,16303000,,,,,1.722,0.2,-191578000,-175275000,0.84,2019-03-31,33.0,,4556517000.0,255081000,-201681000,1163000,,,None,10103000,800000,,None,,,,,-202844000,-202844000,-800000,None,-0.0284,,282638000,-27557000,,,,,None,,,,,1.651,30.74,7.87,,,,,,,,-0.0338,,,2025-10-30,quarterly,1.04,USD,post-market,153069000,,-0.0162,-0.153,0.206,20.81,59025000,,,,185.05,157.83,23.8095,,,,,,,309270000,,,326.0,139.7
2025-12-28,TEAM,-0.7,5460076000.0,,0.9,5.24,,,,,,,,,,,,,,,None,49782000,49782000,,,,,,None,20685000,,,,,1.722,0.2,37082000,57767000,0.84,2018-12-31,33.0,,4556517000.0,249197000,27063000,-18122000,,,None,10019000,None,,None,,,,,45185000,45185000,None,None,-0.0284,,252366000,-3169000,,,,,None,,,,,1.651,30.74,7.87,,,,,,,,-0.0338,,,2025-10-30,quarterly,1.04,USD,post-market,131364000,,-0.0162,-0.153,0.206,20.81,52052000,,,,185.05,157.83,23.8095,,,,,,,298979000,,,326.0,139.7
2025-12-28,TEAM,-0.7,5460076000.0,,0.9,5.24,,,,,,,,,,,,,,,None,45185000,45185000,,,,,,None,17415000,,,,,1.722,0.2,-230174000,-212759000,0.84,2018-09-30,33.0,,4556517000.0,222107000,-240076000,2369000,,,None,9902000,None,,None,,,,,-242445000,-242445000,None,None,-0.0284,,222299000,-192000,,,,,None,,,,,1.651,30.74,7.87,,,,,,,,-0.0338,,,2025-10-30,quarterly,1.04,USD,post-market,124380000,,-0.0162,-0.153,0.206,20.81,45657000,,,,185.05,157.83,23.8095,,,,,,,267292000,,,326.0,139.7
2025-12-28,TEAM,-0.7,5460076000.0,,0.9,5.24,,,,,,,,,,,,,,,None,44196000,44196000,,,,,,None,17754000,,,,,1.722,0.2,-14973000,2781000,0.84,2018-06-30,33.0,,4556517000.0,199587000,-21755000,4096000,,,None,6782000,None,,None,,,,,-25851000,-25851000,None,None,-0.0284,,204874000,-5287000,,,,,None,,,,,1.651,30.74,7.87,,,,,,,,-0.0338,,,2025-10-30,quarterly,1.04,USD,post-market,111046000,,-0.0162,-0.153,0.206,20.81,44766000,,,,185.05,157.83,23.8095,,,,,,,243783000,,,326.0,139.7
2025-12-28,TEAM,-0.7,5460076000.0,,0.9,5.24,,,,,,,,,,,,,,,None,45240000,45240000,,,,,,None,20111000,,,,,1.722,0.2,-7535000,12576000,0.84,2018-03-31,33.0,,4556517000.0,179090000,-7543000,8280000,,,None,8000,None,,None,,,,,-15823000,-14266000,None,None,-0.0284,,189366000,-10276000,,,,,None,,,,,1.651,30.74,7.87,,,,,,,,-0.0338,,,2025-10-30,quarterly,1.04,USD,post-market,108544000,,-0.0162,-0.153,0.206,20.81,32167000,,,,185.05,157.83,23.8095,,,,,,,223723000,,,326.0,139.7
2025-12-28,TEAM,-0.7,5460076000.0,,0.9,5.24,,,,,,,,,,,,,,,None,43164000,43164000,,,,,,None,20990000,,,,,1.722,0.2,-11938000,9052000,0.84,2017-12-31,33.0,,4556517000.0,171414000,-11945000,52264000,,,None,7000,None,,None,,,,,-64209000,-51236000,None,None,-0.0284,,184427000,-13013000,,,,,None,,,,,1.651,30.74,7.87,,,,,,,,-0.0338,,,2025-10-30,quarterly,1.04,USD,post-market,101324000,,-0.0162,-0.153,0.206,20.81,38584000,,,,185.05,157.83,23.8095,,,,,,,212626000,,,326.0,139.7
2025-12-28,TEAM,-0.7,5460076000.0,,0.9,5.24,,,,,,,,,,,,,,,None,40090000,40090000,,,,,,None,20580000,,,,,1.722,0.2,-19699000,881000,0.84,2017-09-30,33.0,,4556517000.0,155390000,-19708000,-8238000,,,None,9000,None,,None,,,,,-11470000,-13994000,None,None,-0.0284,,175679000,-20289000,,,,,None,,,,,1.651,30.74,7.87,,,,,,,,-0.0338,,,2025-10-30,quarterly,1.04,USD,post-market,94862000,,-0.0162,-0.153,0.206,20.81,35725000,,,,185.05,157.83,23.8095,,,,,,,193818000,,,326.0,139.7
2025-12-28,TEAM,-0.7,5460076000.0,,0.9,5.24,,,,,,,,,,,,,,,None,36805000,36805000,,,,,,None,23766000,,,,,1.722,0.2,-31744000,-7978000,0.84,2017-06-30,33.0,,4556517000.0,137526000,-31768000,-11060000,,,None,24000,None,,None,,,,,-20708000,-25043000,None,None,-0.0284,,169782000,-32256000,,,,,None,,,,,1.651,30.74,7.87,,,,,,,,-0.0338,,,2025-10-30,quarterly,1.04,USD,post-market,90691000,,-0.0162,-0.153,0.206,20.81,33204000,,,,185.05,157.83,23.8095,,,,,,,174331000,,,326.0,139.7
2025-12-28,TEAM,-0.7,5460076000.0,,0.9,5.24,,,,,,,,,,,,,,,None,32895000,32895000,,,,,,None,18485000,,,,,1.722,0.2,-22515000,-4030000,0.84,2017-03-31,33.0,,4556517000.0,127014000,-22521000,-5060000,,,None,6000,None,,None,,,,,-17461000,-17461000,None,None,-0.0284,,150077000,-23063000,,,,,None,,,,,1.651,30.74,7.87,,,,,,,,-0.0338,,,2025-10-30,quarterly,1.04,USD,post-market,82262000,,-0.0162,-0.153,0.206,20.81,31190000,,,,185.05,157.83,23.8095,,,,,,,159909000,,,326.0,139.7
2025-12-28,TEAM,-0.7,5460076000.0,,0.9,5.24,,,,,,,,,,,,,,,None,26899000,26899000,,,,,,None,11253000,,,,,1.722,0.2,-1449000,9804000,0.84,2016-12-31,33.0,,4556517000.0,122010000,-1487000,211000,,,None,38000,None,,None,,,,,-1698000,0,None,None,-0.0284,,124649000,-2639000,,,,,None,,,,,1.651,30.74,7.87,,,,,,,,-0.0338,,,2025-10-30,quarterly,1.04,USD,post-market,69758000,,-0.0162,-0.153,0.206,20.81,27475000,,,,185.05,157.83,23.8095,,,,,,,148909000,,,326.0,139.7
2025-12-28,TEAM,-0.7,5460076000.0,,0.9,5.24,,,,,,,,,,,,,,,None,22562000,22562000,,,,,,None,8042000,,,,,1.722,0.2,-3869000,4173000,0.84,2016-09-30,33.0,,4556517000.0,114225000,-3876000,-1239000,,,None,7000,None,,None,,,,,-2637000,0,None,None,-0.0284,,119353000,-5128000,,,,,None,,,,,1.651,30.74,7.87,,,,,,,,-0.0338,,,2025-10-30,quarterly,1.04,USD,post-market,67458000,,-0.0162,-0.153,0.206,20.81,26915000,,,,185.05,157.83,23.8095,,,,,,,136787000,,,326.0,139.7
2025-12-28,TEAM,-0.7,5460076000.0,,0.9,5.24,,,,,,,,,,,,,,,None,21126000,21126000,,,,,,None,6342000,,,,,1.722,0.2,-10488000,-4146000,0.84,2016-06-30,33.0,,4556517000.0,106462000,-10497000,-5795000,,,None,9000,None,,None,,,,,-4702000,4373000,None,None,-0.0284,,117852000,-11390000,,,,,None,,,,,1.651,30.74,7.87,,,,,,,,-0.0338,,,2025-10-30,quarterly,1.04,USD,post-market,60830000,,-0.0162,-0.153,0.206,20.81,26042000,,,,185.05,157.83,23.8095,,,,,,,127588000,,,326.0,139.7
2025-12-28,TEAM,-0.7,5460076000.0,,0.9,5.24,,,,,,,,,,,,,,,None,19764000,19764000,,,,,,None,5678000,,,,,1.722,0.2,-4178000,1500000,0.84,2016-03-31,33.0,,4556517000.0,98178000,-4183000,-3111000,,,None,5000,None,,None,,,,,-1072000,0,None,None,-0.0284,,103113000,-4935000,,,,,None,,,,,1.651,30.74,7.87,,,,,,,,-0.0338,,,2025-10-30,quarterly,1.04,USD,post-market,54170000,,-0.0162,-0.153,0.206,20.81,24507000,,,,185.05,157.83,23.8095,,,,,,,117942000,,,326.0,139.7
2025-12-28,TEAM,-0.7,5460076000.0,,0.9,5.24,,,,,,,,,,,,,,,None,18473000,18473000,,,,,,None,5372000,,,,,1.722,0.2,3309000,8681000,0.84,2015-12-31,33.0,,4556517000.0,91233000,3260000,-1805000,,,None,49000,None,,None,,,,,5065000,-5082000,None,None,-0.0284,,87866000,3367000,,,,,None,,,,,1.651,30.74,7.87,,,,,,,,-0.0338,,,2025-10-30,quarterly,1.04,USD,post-market,47846000,,-0.0162,-0.153,0.206,20.81,18307000,,,,185.05,157.83,23.8095,,,,,,,109706000,,,326.0,139.7
2025-12-28,TEAM,-0.7,5460076000.0,,0.9,5.24,,,,,,,,,,,,,,,None,16420000,16420000,,,,,,None,4534000,,,,,1.722,0.2,6521000,11055000,0.84,2015-09-30,33.0,,4556517000.0,85402000,6513000,1431000,,,None,8000,None,,None,,,,,5082000,5082000,None,None,-0.0284,,78324000,7078000,,,,,None,,,,,1.651,30.74,7.87,,,,,,,,-0.0338,,,2025-10-30,quarterly,1.04,USD,post-market,45460000,,-0.0162,-0.153,0.206,20.81,16602000,,,,185.05,157.83,23.8095,,,,,,,101822000,,,326.0,139.7
2025-12-28,TEAM,-0.7,5460076000.0,,0.9,5.24,,,,,,,,,,,,,,,None,15264000,15264000,,,,,,None,4559000,,,,,1.722,0.2,-2513000,2046000,0.84,2015-06-30,33.0,,4556517000.0,76546000,-2523000,-1352000,,,None,10000,None,,None,,,,,-1171000,6775000,None,None,-0.0284,,81185000,-4639000,,,,,None,,,,,1.651,30.74,7.87,,,,,,,,-0.0338,,,2025-10-30,quarterly,1.04,USD,post-market,43175000,,-0.0162,-0.153,0.206,20.81,18779000,,,,185.05,157.83,23.8095,,,,,,,91810000,,,326.0,139.7
2025-12-28,TEAM,-0.7,5460076000.0,,0.9,5.24,,,,,,,,,,,,,,,None,13468000,13468000,,,,,,None,3813000,,,,,1.722,0.2,-2743000,1070000,0.84,2015-03-31,33.0,,4556517000.0,70495000,-2775000,-2127000,,,None,32000,None,,None,,,,,-648000,0,None,None,-0.0284,,71993000,-1498000,,,,,None,,,,,1.651,30.74,7.87,,,,,,,,-0.0338,,,2025-10-30,quarterly,1.04,USD,post-market,36910000,,-0.0162,-0.153,0.206,20.81,15310000,,,,185.05,157.83,23.8095,,,,,,,83963000,,,326.0,139.7
2025-12-28,TEAM,-0.7,5460076000.0,,0.9,5.24,,,,,,,,,,,,,,,None,12354000,12354000,,,,,,None,3551000,,,,,1.722,0.2,3293000,6844000,0.84,2014-12-31,33.0,,4556517000.0,63472000,3277000,-1734000,,,None,16000,None,,None,,,,,5011000,0,None,None,-0.0284,,59352000,4120000,,,,,None,,,,,1.651,30.74,7.87,,,,,,,,-0.0338,,,2025-10-30,quarterly,1.04,USD,post-market,31543000,,-0.0162,-0.153,0.206,20.81,10821000,,,,185.05,157.83,23.8095,,,,,,,75826000,,,326.0,139.7
2025-12-28,TEAM,-0.7,5460076000.0,,0.9,5.24,,,,,,,,,,,,,,,None,11846000,11846000,,,,,,None,3588000,,,,,1.722,0.2,1288000,4876000,0.84,2014-09-30,33.0,,4556517000.0,56076000,1272000,-2311000,,,None,16000,None,,None,,,,,3583000,0,None,None,-0.0284,,53980000,2096000,,,,,None,,,,,1.651,30.74,7.87,,,,,,,,-0.0338,,,2025-10-30,quarterly,1.04,USD,post-market,29225000,,-0.0162,-0.153,0.206,20.81,12758000,,,,185.05,157.83,23.8095,,,,,,,67922000,,,326.0,139.7
2025-12-28,TEAM,-0.7,5460076000.0,,0.9,5.24,,,,,,,,,,,,,,,None,10686000,10686000,,,,,,None,1106750,,,,,1.722,0.2,2724000,3830750,0.84,2014-06-30,33.0,,4556517000.0,50999000,2798000,-1264000,,,None,15000,None,,None,,,,,4062000,18982000,None,None,-0.0284,,48265000,2724000,,,,,None,,,,,1.651,30.74,7.87,,,,,,,,-0.0338,,,2025-10-30,quarterly,1.04,USD,post-market,24722000,,-0.0162,-0.153,0.206,20.81,11968000,,,,185.05,157.83,23.8095,,,,,,,61685000,,,326.0,139.7
2025-12-28,TEAM,-0.7,5460076000.0,,0.9,5.24,,,,,,,,,,,,,,,None,9447000,9447000,,,,,,None,None,,,,,1.722,0.2,0,None,0.84,2014-03-31,33.0,,4556517000.0,0,7129000,657000,,,None,57000,None,,None,,,,,6472000,0,None,None,-0.0284,,0,6759000,,,,,None,,,,,1.651,30.74,7.87,,,,,,,,-0.0338,,,2025-10-30,quarterly,1.04,USD,post-market,19621000,,-0.0162,-0.153,0.206,20.81,39422000,,,,185.05,157.83,23.8095,,,,,,,55628000,,,326.0,139.7
2025-12-28,TEAM,-0.7,5460076000.0,,0.9,5.24,,,,,,,,,,,,,,,None,9265000,9265000,,,,,,None,None,,,,,1.722,0.2,0,None,0.84,2013-12-31,33.0,,4556517000.0,0,3823000,1283000,,,None,80000,None,,None,,,,,2540000,0,None,None,-0.0284,,0,4209000,,,,,None,,,,,1.651,30.74,7.87,,,,,,,,-0.0338,,,2025-10-30,quarterly,1.04,USD,post-market,18146000,,-0.0162,-0.153,0.206,20.81,37322000,,,,185.05,157.83,23.8095,,,,,,,50796000,,,326.0,139.7
2025-12-28,TEAM,-0.7,5460076000.0,,0.9,5.24,,,,,,,,,,,,,,,None,8588000,8588000,,,,,,None,None,,,,,1.722,0.2,0,None,0.84,2013-09-30,33.0,,4556517000.0,0,8478000,2570000,,,None,76000,None,,None,,,,,5908000,0,None,None,-0.0284,,0,8080000,,,,,None,,,,,1.651,30.74,7.87,,,,,,,,-0.0338,,,2025-10-30,quarterly,1.04,USD,post-market,16151000,,-0.0162,-0.153,0.206,20.81,30332000,,,,185.05,157.83,23.8095,,,,,,,47000000,,,326.0,139.7
2025-12-28,TEAM,-0.7,5460076000.0,,0.9,5.24,,,,,,,,,,,,,,,None,894851000,894851000,,,,,,None,92375000,,,,,1.722,0.2,-68345000,24030000,0.84,2025-06-30,33.0,,4556517000.0,4320453000,-98895000,157792000,,,None,30550000,112324000,,None,,,,,-256687000,-256687000,81774000,None,-0.0284,,4450845000,-130392000,,,,,None,,,,,1.651,30.74,7.87,,,,,,,,-0.0338,,,2025-10-30,annual,1.04,USD,post-market,2669312000,,-0.0162,-0.153,0.206,20.81,646998000,,,,185.05,157.83,23.8095,,,,,,,5215304000,,,326.0,139.7
2025-12-28,TEAM,-0.7,5460076000.0,,0.9,5.24,,,,,,,,,,,,,,,None,803495000,803495000,,,,,,None,78738000,,,,,1.722,0.2,-51330000,27408000,0.84,2024-06-30,33.0,,4556517000.0,3555108000,-85407000,215112000,,,None,34077000,96663000,,None,,,,,-300519000,-300519000,62586000,None,-0.0284,,3672185000,-117077000,,,,,None,,,,,1.651,30.74,7.87,,,,,,,,-0.0338,,,2025-10-30,annual,1.04,USD,post-market,2184111000,,-0.0162,-0.153,0.206,20.81,610577000,,,,185.05,157.83,23.8095,,,,,,,4358603000,,,326.0,139.7
2025-12-28,TEAM,-0.7,5460076000.0,,0.9,5.24,,,,,,,,,,,,,,,None,633765000,633765000,,,,,,None,60923000,,,,,1.722,0.2,-280989000,-220066000,0.84,2023-06-30,33.0,,4556517000.0,2900882000,-311136000,175625000,,,None,30147000,49732000,,None,,,,,-486761000,-486761000,19585000,None,-0.0284,,3246104000,-345222000,,,,,None,,,,,1.651,30.74,7.87,,,,,,,,-0.0338,,,2025-10-30,annual,1.04,USD,post-market,1869881000,,-0.0162,-0.153,0.206,20.81,606362000,,,,185.05,157.83,23.8095,,,,,,,3534647000,,,326.0,139.7
2025-12-28,TEAM,-0.7,5460076000.0,,0.9,5.24,,,,,,,,,,,,,,,None,452914000,452914000,,,,,,None,51739000,,,,,1.722,0.2,-429472000,-377733000,0.84,2022-06-30,33.0,,4556517000.0,2349968000,-470938000,48572000,,,None,41466000,2297000,,None,,,,,-519510000,-614124000,-23527000,None,-0.0284,,2279885000,70083000,,,,,None,,,,,1.651,30.74,7.87,,,,,,,,-0.0338,,,2025-10-30,annual,1.04,USD,post-market,1291877000,,-0.0162,-0.153,0.206,20.81,452193000,,,,185.05,157.83,23.8095,,,,,,,2802882000,,,326.0,139.7
2025-12-28,TEAM,-0.7,5460076000.0,,0.9,5.24,,,,,,,,,,,,,,,None,331850000,331850000,,,,,,None,55950000,,,,,1.722,0.2,-421829000,-365879000,0.84,2021-06-30,33.0,,4556517000.0,1757282000,-514415000,64564000,,,None,92586000,7174000,,None,,,,,-578979000,-696315000,-115539000,None,-0.0284,,1615876000,141406000,,,,,None,,,,,1.651,30.74,7.87,,,,,,,,-0.0338,,,2025-10-30,annual,1.04,USD,post-market,932994000,,-0.0162,-0.153,0.206,20.81,311238000,,,,185.05,157.83,23.8095,,,,,,,2089132000,,,326.0,139.7
2025-12-28,TEAM,-0.7,5460076000.0,,0.9,5.24,,,,,,,,,,,,,,,None,268807000,268807000,,,,,,None,97398000,,,,,1.722,0.2,-296599000,-199201000,0.84,2020-06-30,33.0,,4556517000.0,1345366000,-346209000,4445000,,,None,49610000,27801000,,None,,,,,-350654000,-350654000,-21809000,None,-0.0284,,1331280000,14086000,,,,,None,,,,,1.651,30.74,7.87,,,,,,,,-0.0338,,,2025-10-30,annual,1.04,USD,post-market,763188000,,-0.0162,-0.153,0.206,20.81,268409000,,,,185.05,157.83,23.8095,,,,,,,1614173000,,,326.0,139.7
2025-12-28,TEAM,-0.7,5460076000.0,,0.9,5.24,,,,,,,,,,,,,,,None,210285000,210285000,,,,,,None,70248000,,,,,1.722,0.2,-565315000,-495067000,0.84,2019-06-30,33.0,,4556517000.0,999842000,-605556000,32065000,,,None,40241000,33500000,,None,,,,,-637621000,-637621000,-6741000,None,-0.0284,,1063204000,-63362000,,,,,None,,,,,1.651,30.74,7.87,,,,,,,,-0.0338,,,2025-10-30,annual,1.04,USD,post-market,579134000,,-0.0162,-0.153,0.206,20.81,215714000,,,,185.05,157.83,23.8095,,,,,,,1210127000,,,326.0,139.7
2025-12-28,TEAM,-0.7,5460076000.0,,0.9,5.24,,,,,,,,,,,,,,,None,172690000,172690000,,,,,,None,79435000,,,,,1.722,0.2,-51325000,28110000,0.84,2018-06-30,33.0,,4556517000.0,708288000,-58131000,55301000,,,None,6806000,9877000,,None,,,,,-113432000,-119341000,3071000,None,-0.0284,,754333000,-46045000,,,,,None,,,,,1.651,30.74,7.87,,,,,,,,-0.0338,,,2025-10-30,annual,1.04,USD,post-market,415776000,,-0.0162,-0.153,0.206,20.81,151242000,,,,185.05,157.83,23.8095,,,,,,,873950000,,,326.0,139.7
2025-12-28,TEAM,-0.7,5460076000.0,,0.9,5.24,,,,,,,,,,,,,,,None,119161000,119161000,,,,,,None,61546000,,,,,1.722,0.2,-52325000,9221000,0.84,2017-06-30,33.0,,4556517000.0,507523000,-52400000,-14951000,,,None,75000,4851000,,None,,,,,-37449000,-42504000,4776000,None,-0.0284,,563357000,-55834000,,,,,None,,,,,1.651,30.74,7.87,,,,,,,,-0.0338,,,2025-10-30,annual,1.04,USD,post-market,310169000,,-0.0162,-0.153,0.206,20.81,118784000,,,,185.05,157.83,23.8095,,,,,,,619936000,,,326.0,139.7
2025-12-28,TEAM,-0.7,5460076000.0,,0.9,5.24,,,,,,,,,,,,,,,None,75783000,75783000,,,,,,None,21926000,,,,,1.722,0.2,-4836000,17090000,0.84,2016-06-30,33.0,,4556517000.0,381275000,-4907000,-9280000,,,None,71000,2421000,,None,,,,,4373000,4373000,2045000,None,-0.0284,,387155000,-5880000,,,,,None,,,,,1.651,30.74,7.87,,,,,,,,-0.0338,,,2025-10-30,annual,1.04,USD,post-market,208306000,,-0.0162,-0.153,0.206,20.81,85458000,,,,185.05,157.83,23.8095,,,,,,,457058000,,,326.0,139.7
2025-12-28,TEAM,-0.7,5460076000.0,,0.9,5.24,,,,,,,,,,,,,,,None,52932000,52932000,,,,,,None,15511000,,,,,1.722,0.2,-675000,14836000,0.84,2015-06-30,33.0,,4556517000.0,266589000,-749000,-7524000,,,None,74000,1176000,,None,,,,,6775000,6775000,None,None,-0.0284,,264875000,1714000,,,,,None,,,,,1.651,30.74,7.87,,,,,,,,-0.0338,,,2025-10-30,annual,1.04,USD,post-market,140853000,,-0.0162,-0.153,0.206,20.81,56033000,,,,185.05,157.83,23.8095,,,,,,,319521000,,,326.0,139.7
2025-12-28,TEAM,-0.7,5460076000.0,,0.9,5.24,,,,,,,,,,,,,,,None,37986000,37986000,,,,,,None,13316000,,,,,1.722,0.2,22456000,35772000,0.84,2014-06-30,33.0,,4556517000.0,177123000,22228000,3246000,,,None,228000,None,,None,,,,,18982000,18982000,None,None,-0.0284,,154422000,22701000,,,,,None,,,,,1.651,30.74,7.87,,,,,,,,-0.0338,,,2025-10-30,annual,1.04,USD,post-market,78640000,,-0.0162,-0.153,0.206,20.81,40814000,,,,185.05,157.83,23.8095,,,,,,,215109000,,,326.0,139.7
2025-12-28,TEAM,-0.7,5460076000.0,,0.9,5.24,,,,,,,,,,,,,,,None,33031000,33031000,,,,,,None,12060000,,,,,1.722,0.2,11675000,23735000,0.84,2013-06-30,33.0,,4556517000.0,115481000,11403000,642000,,,None,272000,None,,None,,,,,10761000,None,None,None,-0.0284,,102362000,13119000,,,,,None,,,,,1.651,30.74,7.87,,,,,,,,-0.0338,,,2025-10-30,annual,1.04,USD,post-market,57301000,,-0.0162,-0.153,0.206,20.81,26266000,,,,185.05,157.83,23.8095,,,,,,,148512000,,,326.0,139.7
2025-12-28,TEAM,-0.7,5460076000.0,None,0.9,5.24,,237623000,2322360000,2322360000,,,,,,,,,3000,262991000,None,33031000,33031000,195313000,None,None,536863000,None,None,12060000,,,,,1.722,0.2,11675000,23735000,0.84,2025-09-30,33.0,1318028000,4556517000.0,115481000,11403000,642000,235890000,235890000,None,272000,None,None,None,None,988143000,None,204066000,10761000,None,None,None,-0.0284,,102362000,13119000,311857000,562329000,None,53274000,None,,,,,1.651,30.74,7.87,,,,,,,,-0.0338,,None,2025-10-30,quarterly,1.04,USD,post-market,57301000,-4543670000,-0.0162,-0.153,0.206,20.81,26266000,1225766000,49050000,456040000,185.05,157.83,23.8095,5720500000,3627120000,2870775000,4341564000,2093380000,1470789000,148512000,1378936000,None,326.0,139.7
2025-12-28,TEAM,-0.7,5460076000.0,None,0.9,5.24,,251647000,2512874000,2512874000,,,,,,,,,3000,262884000,None,33031000,33031000,222092000,None,None,778302000,None,None,12060000,,,,,1.722,0.2,11675000,23735000,0.84,2025-06-30,33.0,1304445000,4556517000.0,115481000,11403000,642000,244840000,244840000,None,272000,None,None,None,None,987684000,None,221942000,10761000,None,None,None,-0.0284,,102362000,13119000,175793000,628479000,None,48157000,None,,,,,1.651,30.74,7.87,,,,,,,,-0.0338,,None,2025-10-30,quarterly,1.04,USD,post-market,57301000,-4241865000,-0.0162,-0.153,0.206,20.81,26266000,1239331000,50164000,424268000,185.05,157.83,23.8095,6041970000,3891237000,3180859000,4696316000,2150733000,1515457000,148512000,1345654000,None,326.0,139.7
2025-12-28,TEAM,-0.7,5460076000.0,None,0.9,5.24,,243368000,2660859000,2660859000,,,,,,,,,3000,262671000,None,33031000,33031000,192915000,None,None,642036000,None,None,12060000,,,,,1.722,0.2,11675000,23735000,0.84,2025-03-31,33.0,1292942000,4556517000.0,115481000,11403000,642000,258682000,258682000,None,272000,None,None,None,None,987232000,None,217304000,10761000,None,None,None,-0.0284,,102362000,13119000,158728000,554120000,None,41607000,None,,,,,1.651,30.74,7.87,,,,,,,,-0.0338,,None,2025-10-30,quarterly,1.04,USD,post-market,57301000,-3828512000,-0.0162,-0.153,0.206,20.81,26266000,1230600000,44645000,313592000,185.05,157.83,23.8095,5883716000,3775215000,2990883000,4514794000,2108501000,1523911000,148512000,1368922000,None,326.0,139.7
2025-12-28,TEAM,-0.7,5460076000.0,None,0.9,5.24,,257741000,2217604000,2217604000,,,,,,,,,3000,261147000,None,33031000,33031000,190550000,None,None,695661000,None,None,12060000,,,,,1.722,0.2,11675000,23735000,0.84,2024-12-31,33.0,1292187000,4556517000.0,115481000,11403000,642000,272578000,272578000,None,272000,None,None,None,None,986785000,None,222299000,10761000,None,None,None,-0.0284,,102362000,13119000,156806000,469661000,None,44092000,None,,,,,1.651,30.74,7.87,,,,,,,,-0.0338,,None,2025-10-30,quarterly,1.04,USD,post-market,57301000,-3618775000,-0.0162,-0.153,0.206,20.81,26266000,1244526000,48644000,251629000,185.05,157.83,23.8095,5446305000,3321700000,2684567000,4226750000,2124605000,1542183000,148512000,1219555000,None,326.0,139.7
2025-12-28,TEAM,-0.7,5460076000.0,None,0.9,5.24,,258629000,2055597000,2055597000,,,,,,,,,3000,260477000,None,33031000,33031000,167467000,None,None,484120000,None,None,12060000,,,,,1.722,0.2,11675000,23735000,0.84,2024-09-30,33.0,1293071000,4556517000.0,115481000,11403000,642000,286475000,286475000,None,272000,None,None,None,None,986345000,None,220479000,10761000,None,None,None,-0.0284,,102362000,13119000,165508000,383836000,None,41774000,None,,,,,1.651,30.74,7.87,,,,,,,,-0.0338,,None,2025-10-30,quarterly,1.04,USD,post-market,57301000,-3512203000,-0.0162,-0.153,0.206,20.81,26266000,1244974000,47406000,161401000,185.05,157.83,23.8095,4993293000,2866626000,2436158000,3964459000,2126667000,1528301000,148512000,1028834000,None,326.0,139.7
2025-12-28,TEAM,-0.7,5460076000.0,None,0.9,5.24,,263427000,2176930000,2176930000,,,,,,,,,3000,260326000,None,33031000,33031000,177545000,None,None,628049000,None,None,12060000,,,,,1.722,0.2,11675000,23735000,0.84,2024-06-30,33.0,1288756000,4556517000.0,115481000,11403000,642000,299057000,299057000,None,272000,None,None,None,None,985911000,None,223221000,10761000,None,None,None,-0.0284,,102362000,13119000,109312000,502877000,None,39917000,None,,,,,1.651,30.74,7.87,,,,,,,,-0.0338,,None,2025-10-30,quarterly,1.04,USD,post-market,57301000,-3204516000,-0.0162,-0.153,0.206,20.81,26266000,1249338000,48953000,161973000,185.05,157.83,23.8095,5212133000,3076264000,2610126000,4179282000,2135869000,1569156000,148512000,1032851000,None,326.0,139.7
2025-12-28,TEAM,-0.7,5460076000.0,None,0.9,5.24,,271645000,1948978000,1948978000,,,,,,,,,3000,261778000,None,33031000,33031000,188241000,None,50000000,646082000,None,None,12060000,,,,,1.722,0.2,11675000,23735000,0.84,2024-03-31,33.0,1285745000,4556517000.0,115481000,11403000,642000,312816000,312816000,None,272000,None,-27476000,None,None,924724000,None,220125000,10761000,None,None,None,-0.0284,,102362000,13119000,155551000,457179000,None,34987000,None,,,,,1.651,30.74,7.87,,,,,,,,-0.0338,,None,2025-10-30,quarterly,1.04,USD,post-market,57301000,-2818176000,-0.0162,-0.153,0.206,20.81,26266000,1246369000,96437000,163318000,185.05,157.83,23.8095,5063265000,2913929000,2468213000,3929094000,2149336000,1460881000,148512000,1134171000,None,326.0,139.7
2025-12-28,TEAM,-0.7,5460076000.0,None,0.9,5.24,,283711000,1460497000,1460497000,,,,,,,,,3000,258601000,None,33031000,33031000,160469000,None,50000000,526379000,None,None,12060000,,,,,1.722,0.2,11675000,23735000,0.84,2023-12-31,33.0,1285896000,4556517000.0,115481000,11403000,642000,329010000,329010000,None,272000,None,-26097000,None,None,937180000,None,223405000,10761000,None,None,None,-0.0284,,102362000,13119000,133834000,368992000,None,32136000,None,,,,,1.651,30.74,7.87,,,,,,,,-0.0338,,None,2025-10-30,quarterly,1.04,USD,post-market,57301000,-2789801000,-0.0162,-0.153,0.206,20.81,26266000,1270891000,96230000,150831000,185.05,157.83,23.8095,4449498000,2271541000,2118099000,3544575000,2177957000,1426476000,148512000,904923000,None,326.0,139.7
2025-12-28,TEAM,-0.7,5460076000.0,None,0.9,5.24,,274534000,2143530000,2143530000,,,,,,,,,3000,257907000,None,33031000,33031000,126201000,None,50000000,368260000,None,None,12060000,,,,,1.722,0.2,11675000,23735000,0.84,2023-09-30,33.0,726519000,4556517000.0,115481000,11403000,642000,60842000,60842000,None,272000,None,-29319000,None,None,949637000,None,220133000,10761000,None,None,None,-0.0284,,102362000,13119000,129617000,286111000,None,29114000,None,,,,,1.651,30.74,7.87,,,,,,,,-0.0338,,261066000,2025-10-30,quarterly,1.04,USD,post-market,57301000,-2607188000,-0.0162,-0.153,0.206,20.81,26266000,1274171000,92737000,94298000,185.05,157.83,23.8095,4079639000,2735705000,1907383000,3305014000,1343934000,1397631000,148512000,774625000,None,326.0,139.7
2025-12-28,TEAM,-0.7,5460076000.0,None,0.9,5.24,,282765000,2102550000,2102550000,,,,,,,,,3000,257389000,None,33031000,33031000,159293000,None,37500000,477678000,None,None,12060000,,,,,1.722,0.2,11675000,23735000,0.84,2023-06-30,33.0,727211000,4556517000.0,115481000,11403000,642000,69072000,69072000,None,272000,None,-28926000,None,None,962093000,None,225538000,10761000,None,None,None,-0.0284,,102362000,13119000,146136000,322599000,None,31177000,None,,,,,1.651,30.74,7.87,,,,,,,,-0.0338,,265597000,2025-10-30,quarterly,1.04,USD,post-market,57301000,-2509964000,-0.0162,-0.153,0.206,20.81,26266000,1282358000,82430000,10000000,185.05,157.83,23.8095,4106779000,2736364000,2027590000,3452107000,1370415000,1424517000,148512000,654672000,None,326.0,139.7
2025-12-28,TEAM,-0.7,5460076000.0,None,0.9,5.24,,290660000,1972217000,1972217000,,,,,,,,,2000,256825000,None,33031000,33031000,106488000,None,25000000,346348000,None,None,12060000,,,,,1.722,0.2,11675000,23735000,0.84,2023-03-31,33.0,723442000,4556517000.0,115481000,11403000,642000,76093000,76093000,None,272000,None,-25371000,None,None,974550000,None,246537000,10761000,None,None,None,-0.0284,,102362000,13119000,115722000,338074000,None,24813000,None,,,,,1.651,30.74,7.87,,,,,,,,-0.0338,,None,2025-10-30,quarterly,1.04,USD,post-market,57301000,-2332555000,-0.0162,-0.153,0.206,20.81,26266000,1290210000,68910000,10000000,185.05,157.83,23.8095,3839009000,2444287000,1872684000,3256742000,1394722000,1384058000,148512000,582267000,None,326.0,139.7
2025-12-28,TEAM,-0.7,5460076000.0,None,0.9,5.24,,304312000,1636615000,1636615000,,,,,,,,,2000,255874000,None,33031000,33031000,130318000,None,None,354844000,None,None,12060000,,,,,1.722,0.2,11675000,23735000,0.84,2022-12-31,33.0,723229000,4556517000.0,115481000,11403000,642000,84248000,84248000,None,272000,None,-25662000,None,None,999506000,None,237181000,10761000,None,None,None,-0.0284,,102362000,13119000,107232000,260788000,None,16887000,None,,,,,1.651,30.74,7.87,,,,,,,,-0.0338,,355145000,2025-10-30,quarterly,1.04,USD,post-market,57301000,-2087802000,-0.0162,-0.153,0.206,20.81,26266000,1303818000,46659000,36069000,185.05,157.83,23.8095,3614015000,2134760000,1644650000,3036523000,1479255000,1391873000,148512000,577492000,None,326.0,139.7
2025-12-28,TEAM,-0.7,5460076000.0,None,0.9,5.24,,312733000,1468571000,1468571000,,,,,,,,,2000,255167000,None,33031000,33031000,111461000,None,None,246781000,None,None,12060000,,,,,1.722,0.2,11675000,23735000,0.84,2022-09-30,33.0,721912000,4556517000.0,115481000,11403000,642000,92544000,92544000,None,272000,None,-21282000,None,None,999463000,None,239323000,10761000,None,None,None,-0.0284,,102362000,13119000,96999000,259114000,None,18520000,None,,,,,1.651,30.74,7.87,,,,,,,,-0.0338,,370221000,2025-10-30,quarterly,1.04,USD,post-market,57301000,-1882771000,-0.0162,-0.153,0.206,20.81,26266000,1312196000,45360000,54537000,185.05,157.83,23.8095,3371432000,1866888000,1497681000,2890819000,1504544000,1393138000,148512000,480613000,None,326.0,139.7
2025-12-28,TEAM,-0.7,5460076000.0,None,0.9,5.24,,315072000,1385265000,1385265000,,,,,,,,,2000,254482000,None,33031000,33031000,81220000,None,None,308127000,None,None,12060000,,,,,1.722,0.2,11675000,23735000,0.84,2022-06-30,33.0,722838000,4556517000.0,115481000,11403000,642000,100840000,100840000,None,272000,None,127507000,None,None,999419000,None,159064000,10761000,None,None,None,-0.0284,,102362000,13119000,130267000,370054000,None,812000,None,,,,,1.651,30.74,7.87,,,,,,,,-0.0338,,365882000,2025-10-30,quarterly,1.04,USD,post-market,57301000,-1869030000,-0.0162,-0.153,0.206,20.81,26266000,1314491000,40638000,73294000,185.05,157.83,23.8095,3326830000,1896953000,1594056000,2999458000,1429877000,1405402000,148512000,327372000,None,326.0,139.7
2025-12-28,TEAM,-0.7,5460076000.0,None,0.9,5.24,,315845000,1194803000,1194803000,,,,,,,,,25412000,255741000,None,33031000,33031000,62879000,None,None,264236000,None,None,12060000,,,,,1.722,0.2,11675000,23735000,0.84,2022-03-31,33.0,733799000,4556517000.0,115481000,11403000,642000,105103000,105103000,None,272000,None,1,None,None,999375000,None,150756000,10761000,None,None,None,-0.0284,,102362000,13119000,139357000,285282000,None,1087000,None,,,,,1.651,30.74,7.87,,,,,,,,-0.0338,,348779000,2025-10-30,quarterly,1.04,USD,post-market,57301000,-2323208000,-0.0162,-0.153,0.206,20.81,26266000,1315220000,39558000,86215000,185.05,157.83,23.8095,3124578000,1684611000,1417290000,2821618000,1439967000,1404328000,148512000,302960000,None,326.0,139.7
2025-12-28,TEAM,-0.7,5460076000.0,None,0.9,5.24,,326717000,899394000,899394000,,,,,,,,,25335000,252960000,None,33031000,33031000,57730000,None,None,253019000,None,None,12060000,,,,,1.722,0.2,11675000,23735000,0.84,2021-12-31,33.0,724899000,4556517000.0,115481000,11403000,642000,108578000,108578000,None,272000,None,1,None,None,999332000,None,163102000,10761000,None,None,None,-0.0284,,102362000,13119000,115593000,222150000,None,1324000,None,,,,,1.651,30.74,7.87,,,,,,,,-0.0338,,347176000,2025-10-30,quarterly,1.04,USD,post-market,57301000,-2290281000,-0.0162,-0.153,0.206,20.81,26266000,1326049000,41893000,86629000,185.05,157.83,23.8095,2760613000,1354635000,1259801000,2636988000,1405978000,1377187000,148512000,123625000,None,326.0,139.7
2025-12-28,TEAM,-0.7,5460076000.0,None,0.9,5.24,,335017000,1507418000,1507418000,,,,,,,,,25256000,252106000,None,33031000,33031000,50300000,None,270515000,186637000,None,None,12060000,,,,,1.722,0.2,11675000,23735000,0.84,2021-09-30,33.0,725039000,4556517000.0,115481000,11403000,642000,116537000,116537000,None,272000,None,-93000,None,None,649288000,None,143237000,10761000,None,None,None,-0.0284,,102362000,13119000,221506000,1143391000,None,1586000,None,,,,,1.651,30.74,7.87,,,,,,,,-0.0338,,353790000,2025-10-30,quarterly,1.04,USD,post-market,57301000,-2212809000,-0.0162,-0.153,0.206,20.81,26266000,1254820000,312349000,94415000,185.05,157.83,23.8095,3417124000,2009976000,2397562000,3444360000,1407148000,1046798000,148512000,-27236000,None,326.0,139.7
2025-12-28,TEAM,-0.7,5460076000.0,None,0.9,5.24,,256549000,919227000,919227000,,,,,,,,,25164000,251264000,None,33031000,33031000,40366000,None,348799000,183365000,None,None,12060000,,,,,1.722,0.2,11675000,23735000,0.84,2021-06-30,33.0,725758000,4556517000.0,115481000,11403000,642000,124590000,124590000,None,272000,None,215577000,None,None,None,None,122159000,10761000,None,None,None,-0.0284,,102362000,13119000,211913000,1004422000,None,2604000,None,,,,,1.651,30.74,7.87,,,,,,,,-0.0338,,271521000,2025-10-30,quarterly,1.04,USD,post-market,57301000,-1812707000,-0.0162,-0.153,0.206,20.81,26266000,605348000,391245000,313001000,185.05,157.83,23.8095,2945344000,1627506000,2310011000,2650430000,1317838000,340419000,148512000,294914000,None,326.0,139.7
2025-12-28,TEAM,-0.7,5460076000.0,None,0.9,5.24,,244783000,1151450000,1151450000,,,,,,,,,25088000,255128000,None,33031000,33031000,50538000,None,542055000,196316000,None,None,12060000,,,,,1.722,0.2,11675000,23735000,0.84,2021-03-31,33.0,719160000,4556517000.0,115481000,11403000,642000,128285000,128285000,None,272000,None,None,None,None,None,None,103405000,10761000,None,None,None,-0.0284,,102362000,13119000,244117000,1072177000,None,4270000,None,,,,,1.651,30.74,7.87,,,,,,,,-0.0338,,295183000,2025-10-30,quarterly,1.04,USD,post-market,57301000,-1599634000,-0.0162,-0.153,0.206,20.81,26266000,786838000,581273000,412872000,185.05,157.83,23.8095,3323018000,2004755000,2558729000,2910350000,1318263000,351621000,148512000,412668000,None,326.0,139.7
2025-12-28,TEAM,-0.7,5460076000.0,None,0.9,5.24,,254863000,1251715000,1251715000,,,,,,,,,24963000,249188000,None,33031000,33031000,46211000,None,735660000,160125000,None,None,12060000,,,,,1.722,0.2,11675000,23735000,0.84,2020-12-31,33.0,686858000,4556517000.0,115481000,11403000,642000,123759000,123759000,None,272000,None,1,None,None,None,None,101478000,10761000,None,None,None,-0.0284,,102362000,13119000,318275000,1564000000,None,2346000,None,,,,,1.651,30.74,7.87,,,,,,,,-0.0338,,307865000,2025-10-30,quarterly,1.04,USD,post-market,57301000,-1759474000,-0.0162,-0.153,0.206,20.81,26266000,990523000,774957000,534498000,185.05,157.83,23.8095,3561190000,2264613000,3085904000,3392050000,1296577000,306146000,148512000,169140000,None,326.0,139.7
2025-12-28,TEAM,-0.7,5460076000.0,None,0.9,5.24,,260162000,1560262000,1560262000,,,,,,,,,24864000,248015000,None,33031000,33031000,34006000,None,898352000,123063000,None,None,12060000,,,,,1.722,0.2,11675000,23735000,0.84,2020-09-30,33.0,675104000,4556517000.0,115481000,11403000,642000,131530000,131530000,None,272000,None,None,None,None,None,None,172685000,10761000,None,None,None,-0.0284,,102362000,13119000,372124000,1419869000,None,4669000,None,,,,,1.651,30.74,7.87,,,,,,,,-0.0338,,312635000,2025-10-30,quarterly,1.04,USD,post-market,57301000,-1137946000,-0.0162,-0.153,0.206,20.81,26266000,1158514000,935863000,624158000,185.05,157.83,23.8095,4038148000,2679607000,3039804000,3349704000,1358541000,309900000,148512000,688444000,None,326.0,139.7
2025-12-28,TEAM,-0.7,5460076000.0,None,0.9,5.24,,264568000,1479969000,1479969000,,,,,,,,,24744000,246909000,None,33031000,33031000,30738000,None,889183000,128162000,None,None,12060000,,,,,1.722,0.2,11675000,23735000,0.84,2020-06-30,33.0,645140000,4556517000.0,115481000,11403000,642000,129690000,129690000,None,272000,None,373648000,None,None,None,None,103937000,10761000,None,None,None,-0.0284,,102362000,13119000,359583000,1453813000,None,2173000,None,,,,,1.651,30.74,7.87,,,,,,,,-0.0338,,315331000,2025-10-30,quarterly,1.04,USD,post-market,57301000,-1116392000,-0.0162,-0.153,0.206,20.81,26266000,1153751000,923926000,676072000,185.05,157.83,23.8095,3894072000,2643786000,3018779000,3318766000,1250286000,299987000,148512000,575306000,None,326.0,139.7
2025-12-28,TEAM,-0.7,5460076000.0,None,0.9,5.24,,270633000,1338193000,1338193000,,,,,,,,,24629000,245504000,None,33031000,33031000,30154000,None,880120000,95494000,None,None,12060000,,,,,1.722,0.2,11675000,23735000,0.84,2020-03-31,33.0,632779000,4556517000.0,115481000,11403000,642000,131934000,131934000,None,272000,None,2,None,None,None,None,69484000,10761000,None,None,None,-0.0284,,102362000,13119000,291071000,997311000,None,1441000,None,,,,,1.651,30.74,7.87,,,,,,,,-0.0338,,311023000,2025-10-30,quarterly,1.04,USD,post-market,57301000,-731169000,-0.0162,-0.153,0.206,20.81,26266000,1150753000,914779000,733612000,185.05,157.83,23.8095,3640957000,2458370000,2524504000,2820798000,1182587000,296294000,148512000,820159000,None,326.0,139.7
2025-12-28,TEAM,-0.7,5460076000.0,None,0.9,5.24,,286097000,1239725000,1239725000,,,,,,,,,24478000,250960000,None,33031000,33031000,37780000,None,871166000,125544000,None,None,12060000,,,,,1.722,0.2,11675000,23735000,0.84,2019-12-31,33.0,632817000,4556517000.0,115481000,11403000,642000,141520000,141520000,None,272000,None,None,None,None,None,None,42553000,10761000,None,None,None,-0.0284,,102362000,13119000,272090000,776625000,None,140000,None,,,,,1.651,30.74,7.87,,,,,,,,-0.0338,,320923000,2025-10-30,quarterly,1.04,USD,post-market,57301000,-572344000,-0.0162,-0.153,0.206,20.81,26266000,1157263000,906451000,697658000,185.05,157.83,23.8095,3503174000,2335016000,2295559000,2608166000,1168158000,312607000,148512000,895008000,None,326.0,139.7
2025-12-28,TEAM,-0.7,5460076000.0,None,0.9,5.24,,282295000,1187191000,1187191000,,,,,,,,,24356000,250883000,None,33031000,33031000,32757000,None,862318000,100847000,None,None,12060000,,,,,1.722,0.2,11675000,23735000,0.84,2019-09-30,33.0,609648000,4556517000.0,115481000,11403000,642000,138760000,138760000,None,272000,None,None,None,None,None,None,46002000,10761000,None,None,None,-0.0284,,102362000,13119000,262257000,860686000,None,319000,None,,,,,1.651,30.74,7.87,,,,,,,,-0.0338,,317423000,2025-10-30,quarterly,1.04,USD,post-market,57301000,-696418000,-0.0162,-0.153,0.206,20.81,26266000,1144613000,893232000,587496000,185.05,157.83,23.8095,3280600000,2137791000,2287142000,2586352000,1142809000,299210000,148512000,694248000,None,326.0,139.7
2025-12-28,TEAM,-0.7,5460076000.0,None,0.9,5.24,,1613000,1268441000,1268441000,,,,,,,,,24199000,241121000,None,33031000,33031000,24993000,None,853576000,88281000,None,None,12060000,,,,,1.722,0.2,11675000,23735000,0.84,2019-06-30,33.0,608907000,4556517000.0,115481000,11403000,642000,150975000,150975000,None,272000,None,243793000,None,None,None,None,61932000,10761000,None,None,None,-0.0284,,102362000,13119000,246099000,979768000,None,344000,None,,,,,1.651,30.74,7.87,,,,,,,,-0.0338,,81459000,2025-10-30,quarterly,1.04,USD,post-market,57301000,-765637000,-0.0162,-0.153,0.206,20.81,26266000,853576000,855189000,445046000,185.05,157.83,23.8095,2977258000,2042111000,2329708000,2411791000,935147000,82083000,148512000,565467000,None,326.0,139.7
2025-12-28,TEAM,-0.7,5460076000.0,None,0.9,5.24,,1588000,1445284000,1445284000,,,,,,,,,24027000,239410000,None,33031000,33031000,26181000,None,1588000,64768000,None,None,12060000,,,,,1.722,0.2,11675000,23735000,0.84,2019-03-31,33.0,506086000,4556517000.0,115481000,11403000,642000,108138000,108138000,None,272000,None,1,None,None,844938000,None,23955000,10761000,None,None,None,-0.0284,,102362000,13119000,44495000,112764000,None,1058000,None,,,,,1.651,30.74,7.87,,,,,,,,-0.0338,,65249000,2025-10-30,quarterly,1.04,USD,post-market,57301000,-528120000,-0.0162,-0.153,0.206,20.81,26266000,846526000,1588000,327944000,185.05,157.83,23.8095,2875144000,1882491000,564204000,2181626000,992653000,1617422000,148512000,693518000,None,326.0,139.7
2025-12-28,TEAM,-0.7,5460076000.0,None,0.9,5.24,,None,1340589000,1340589000,,,,,,,,,23844000,247255000,None,33031000,33031000,25071000,None,None,72630000,None,None,12060000,,,,,1.722,0.2,11675000,23735000,0.84,2018-12-31,33.0,506121000,4556517000.0,115481000,11403000,642000,120942000,120942000,None,272000,None,None,None,None,836403000,None,23833000,10761000,None,None,None,-0.0284,,102362000,13119000,47741000,87229000,None,None,None,,,,,1.651,30.74,7.87,,,,,,,,-0.0338,,63716000,2025-10-30,quarterly,1.04,USD,post-market,57301000,-325276000,-0.0162,-0.153,0.206,20.81,26266000,837544000,1141000,303772000,185.05,157.83,23.8095,2724944000,1764732000,512775000,1905196000,960212000,1392421000,148512000,819748000,None,326.0,139.7
2025-12-28,TEAM,-0.7,5460076000.0,None,0.9,5.24,,None,1517780000,1517780000,,,,,,,,,23711000,236219000,None,33031000,33031000,19147000,None,827970000,53150000,None,None,12060000,,,,,1.722,0.2,11675000,23735000,0.84,2018-09-30,33.0,311931000,4556517000.0,115481000,11403000,642000,50081000,50081000,None,272000,None,None,None,None,827970000,None,13673000,10761000,None,None,None,-0.0284,,102362000,13119000,28734000,76136000,None,None,None,,,,,1.651,30.74,7.87,,,,,,,,-0.0338,,57016000,2025-10-30,quarterly,1.04,USD,post-market,57301000,-370461000,-0.0162,-0.153,0.206,20.81,26266000,829167000,1197000,277246000,185.05,157.83,23.8095,2553522000,1876910000,449726000,1840252000,676612000,1390526000,148512000,713270000,None,326.0,139.7
2025-12-28,TEAM,-0.7,5460076000.0,None,0.9,5.24,,None,1410339000,1410339000,,,,,,,,,23531000,234206000,None,33031000,33031000,17119000,None,819637000,64404000,None,None,12060000,,,,,1.722,0.2,11675000,23735000,0.84,2018-06-30,33.0,311943000,4556517000.0,115481000,11403000,642000,63577000,63577000,None,272000,None,25403000,None,None,819637000,None,None,10761000,None,None,None,-0.0284,,102362000,13119000,24154000,87386000,None,None,None,,,,,1.651,30.74,7.87,,,,,,,,-0.0338,,51656000,2025-10-30,quarterly,1.04,USD,post-market,57301000,-128016000,-0.0162,-0.153,0.206,20.81,26266000,819637000,1420000,323134000,185.05,157.83,23.8095,2421828000,1822031000,444886000,1514508000,599797000,1069622000,148512000,907320000,None,326.0,139.7
2025-12-28,TEAM,-0.7,5460076000.0,None,0.9,5.24,,None,393513000,393513000,,,,,,,,,23318000,232221000,None,33031000,33031000,22619000,None,None,51598000,None,None,12060000,,,,,1.722,0.2,11675000,23735000,0.84,2018-03-31,33.0,312048000,4556517000.0,115481000,11403000,642000,77978000,77978000,None,272000,None,1,None,None,None,None,4200000,10761000,None,None,None,-0.0284,,102362000,13119000,22697000,75209000,None,None,None,,,,,1.651,30.74,7.87,,,,,,,,-0.0338,,35098000,2025-10-30,quarterly,1.04,USD,post-market,57301000,-116719000,-0.0162,-0.153,0.206,20.81,26266000,1345000,1345000,370353000,185.05,157.83,23.8095,1372745000,838161000,415191000,490032000,534584000,74841000,148512000,882713000,None,326.0,139.7
2025-12-28,TEAM,-0.7,5460076000.0,None,0.9,5.24,,None,310905000,310905000,,,,,,,,,23121000,230208000,None,33031000,33031000,17226000,None,None,48105000,None,None,12060000,,,,,1.722,0.2,11675000,23735000,0.84,2017-12-31,33.0,311996000,4556517000.0,115481000,11403000,642000,92255000,92255000,None,272000,None,None,None,None,None,None,4200000,10761000,None,None,None,-0.0284,,102362000,13119000,22204000,60434000,None,None,None,,,,,1.651,30.74,7.87,,,,,,,,-0.0338,,37792000,2025-10-30,quarterly,1.04,USD,post-market,57301000,-102453000,-0.0162,-0.153,0.206,20.81,26266000,1340000,1340000,368194000,185.05,157.83,23.8095,1306525000,749408000,371603000,443101000,557117000,71498000,148512000,863424000,None,326.0,139.7
2025-12-28,TEAM,-0.7,5460076000.0,None,0.9,5.24,,None,305871000,305871000,,,,,,,,,22905000,228156000,None,33031000,33031000,15812000,None,None,43136000,None,None,12060000,,,,,1.722,0.2,11675000,23735000,0.84,2017-09-30,33.0,311967000,4556517000.0,115481000,11403000,642000,106547000,106547000,None,272000,None,None,None,None,None,None,None,10761000,None,None,None,-0.0284,,102362000,13119000,20184000,58367000,None,None,None,,,,,1.651,30.74,7.87,,,,,,,,-0.0338,,38944000,2025-10-30,quarterly,1.04,USD,post-market,57301000,-37223000,-0.0162,-0.153,0.206,20.81,26266000,1311000,1311000,307669000,185.05,157.83,23.8095,1343546000,676860000,347361000,414177000,666686000,66816000,148512000,929369000,None,326.0,139.7
2025-12-28,TEAM,-0.7,5460076000.0,None,0.9,5.24,,None,244420000,244420000,,,,,,,,,22726000,225805000,None,33031000,33031000,12464000,None,None,28543000,None,None,12060000,,,,,1.722,0.2,11675000,23735000,0.84,2017-06-30,33.0,311900000,4556517000.0,115481000,11403000,642000,120789000,120789000,None,272000,None,18929000,None,None,None,None,None,10761000,None,None,None,-0.0284,,102362000,13119000,17372000,60088000,None,None,None,,,,,1.651,30.74,7.87,,,,,,,,-0.0338,,41173000,2025-10-30,quarterly,1.04,USD,post-market,57301000,-23229000,-0.0162,-0.153,0.206,20.81,26266000,688000,688000,305499000,185.05,157.83,23.8095,1283858000,612488000,326867000,389810000,671370000,62943000,148512000,894048000,None,326.0,139.7
2025-12-28,TEAM,-0.7,5460076000.0,None,0.9,5.24,,None,196882000,196882000,,,,,,,,,22422000,223333000,None,33031000,33031000,13514000,None,None,32551000,None,None,12060000,,,,,1.722,0.2,11675000,23735000,0.84,2017-03-31,33.0,311748000,4556517000.0,115481000,11403000,642000,134992000,134992000,None,272000,None,None,None,None,None,None,4200000,10761000,None,None,None,-0.0284,,102362000,13119000,19337000,56935000,None,None,None,,,,,1.651,30.74,7.87,,,,,,,,-0.0338,,45190000,2025-10-30,quarterly,1.04,USD,post-market,57301000,-2521000,-0.0162,-0.153,0.206,20.81,26266000,687000,687000,306676000,185.05,157.83,23.8095,1235664000,555446000,304076000,382056000,680218000,77980000,148512000,853608000,None,326.0,139.7
2025-12-28,TEAM,-0.7,5460076000.0,None,0.9,5.24,,None,336162000,336162000,,,,,,,,,22240000,221316000,None,33031000,33031000,11208000,None,None,33909000,None,None,12060000,,,,,1.722,0.2,11675000,23735000,0.84,2016-12-31,33.0,22584000,4556517000.0,115481000,11403000,642000,17332000,17332000,None,272000,None,1,None,None,None,None,4200000,10761000,None,None,None,-0.0284,,102362000,13119000,17053000,44211000,None,None,None,,,,,1.651,30.74,7.87,,,,,,,,-0.0338,,49687000,2025-10-30,quarterly,1.04,USD,post-market,57301000,14940000,-0.0162,-0.153,0.206,20.81,26266000,671000,671000,459112000,185.05,157.83,23.8095,1083107000,846236000,259110000,290905000,236871000,31795000,148512000,792202000,None,326.0,139.7
2025-12-28,TEAM,-0.7,5460076000.0,None,0.9,5.24,,None,266745000,266745000,,,,,,,,,22000000,218504000,None,33031000,33031000,9670000,None,None,22404000,None,None,12060000,,,,,1.722,0.2,11675000,23735000,0.84,2016-09-30,33.0,22697000,4556517000.0,115481000,11403000,642000,19907000,19907000,None,272000,None,None,None,None,None,None,4200000,10761000,None,None,None,-0.0284,,102362000,13119000,21256000,38610000,None,None,None,,,,,1.651,30.74,7.87,,,,,,,,-0.0338,,54557000,2025-10-30,quarterly,1.04,USD,post-market,57301000,16638000,-0.0162,-0.153,0.206,20.81,26266000,737000,737000,487599000,185.05,157.83,23.8095,1048247000,798004000,237199000,267477000,250243000,30278000,148512000,780770000,None,326.0,139.7
2025-12-28,TEAM,-0.7,5460076000.0,None,0.9,5.24,,None,259709000,259709000,,,,,,,,,21620000,214505000,None,33031000,33031000,9561000,None,None,17788000,None,None,12060000,,,,,1.722,0.2,11675000,23735000,0.84,2016-06-30,33.0,7138000,4556517000.0,115481000,11403000,642000,13577000,13577000,None,272000,None,13148000,None,None,None,None,None,10761000,None,None,None,-0.0284,,102362000,13119000,20191000,47265000,None,None,None,,,,,1.651,30.74,7.87,,,,,,,,-0.0338,,58762000,2025-10-30,quarterly,1.04,USD,post-market,57301000,19275000,-0.0162,-0.153,0.206,20.81,26266000,766000,766000,483405000,185.05,157.83,23.8095,990973000,778538000,236500000,259310000,212435000,22810000,148512000,731663000,None,326.0,139.7
2025-12-28,TEAM,-0.7,5460076000.0,None,0.9,5.24,,None,312894000,312894000,,,,,,,,,21319000,212920000,None,33031000,33031000,8550000,None,None,16204000,None,None,12060000,,,,,1.722,0.2,11675000,23735000,0.84,2016-03-31,33.0,7172000,4556517000.0,115481000,11403000,642000,15561000,15561000,None,272000,None,None,None,None,None,None,None,10761000,None,None,None,-0.0284,,102362000,13119000,7747000,44790000,None,None,None,,,,,1.651,30.74,7.87,,,,,,,,-0.0338,,48231000,2025-10-30,quarterly,1.04,USD,post-market,57301000,23977000,-0.0162,-0.153,0.206,20.81,26266000,652000,652000,410381000,185.05,157.83,23.8095,946372000,750205000,217624000,239667000,196167000,22043000,148512000,706705000,None,326.0,139.7
2025-12-28,TEAM,-0.7,5460076000.0,None,0.9,5.24,,None,570268000,570268000,,,,,,,,,21213000,165730000,None,33031000,33031000,6796000,None,None,17754000,None,None,12060000,,,,,1.722,0.2,11675000,23735000,0.84,2015-12-31,33.0,7110000,4556517000.0,115481000,11403000,642000,17402000,17402000,None,272000,None,1,None,None,None,None,None,10761000,None,None,None,-0.0284,,102362000,13119000,6792000,34247000,None,None,None,,,,,1.651,30.74,7.87,,,,,,,,-0.0338,,41202000,2025-10-30,quarterly,1.04,USD,post-market,57301000,25049000,-0.0162,-0.153,0.206,20.81,26266000,507000,507000,111718000,185.05,157.83,23.8095,915731000,713908000,190856000,211097000,201823000,20241000,148512000,704634000,None,326.0,139.7
2025-12-28,TEAM,-0.7,5460076000.0,None,0.9,5.24,,None,208332000,208332000,,,,,,,,,14401000,155803022,None,33031000,33031000,6073000,None,None,15396000,None,None,12060000,,,,,1.722,0.2,11675000,23735000,0.84,2015-09-30,33.0,7163000,4556517000.0,115481000,11403000,642000,19352000,19352000,None,272000,None,None,None,None,None,None,None,10761000,None,None,None,-0.0284,,102362000,13119000,8717000,31999000,None,None,None,,,,,1.651,30.74,7.87,,,,,,,,-0.0338,,42029000,2025-10-30,quarterly,1.04,USD,post-market,57301000,19984000,-0.0162,-0.153,0.206,20.81,26266000,380000,380000,15057000,185.05,157.83,23.8095,414155000,247502000,179575000,198176000,166653000,18601000,148512000,215979000,None,326.0,139.7
2025-12-28,TEAM,-0.7,5460076000.0,None,0.9,5.24,,None,187094000,187094000,,,,,,,,,14401000,208675129,None,33031000,33031000,10598000,None,None,14310000,None,None,12060000,,,,,1.722,0.2,11675000,23735000,0.84,2015-06-30,33.0,7152000,4556517000.0,115481000,11403000,642000,21099000,21099000,None,272000,None,None,None,None,None,None,None,10761000,None,None,None,-0.0284,,102362000,13119000,9539000,41822000,None,None,None,,,,,1.651,30.74,7.87,,,,,,,,-0.0338,,41948000,2025-10-30,quarterly,1.04,USD,post-market,57301000,14902000,-0.0162,-0.153,0.206,20.81,26266000,526000,526000,30251000,185.05,157.83,23.8095,397161000,238631000,188154000,207107000,158530000,18953000,148512000,190054000,None,326.0,139.7
2025-12-28,TEAM,-0.7,5460076000.0,None,0.9,5.24,,None,None,None,,,,,,,,,None,208675129,None,33031000,33031000,None,None,None,None,None,None,12060000,,,,,1.722,0.2,11675000,23735000,0.84,2015-03-31,33.0,None,4556517000.0,115481000,11403000,642000,None,None,None,272000,None,None,None,None,None,None,None,10761000,None,None,None,-0.0284,,102362000,13119000,None,None,None,None,None,,,,,1.651,30.74,7.87,,,,,,,,-0.0338,,None,2025-10-30,quarterly,1.04,USD,post-market,57301000,None,-0.0162,-0.153,0.206,20.81,26266000,None,None,None,185.05,157.83,23.8095,None,None,None,None,None,None,148512000,None,None,326.0,139.7
2025-12-28,TEAM,-0.7,5460076000.0,None,0.9,5.24,,None,None,None,,,,,,,,,None,208675129,None,33031000,33031000,None,None,None,None,None,None,12060000,,,,,1.722,0.2,11675000,23735000,0.84,2014-12-31,33.0,None,4556517000.0,115481000,11403000,642000,None,None,None,272000,None,None,None,None,None,None,None,10761000,None,None,None,-0.0284,,102362000,13119000,None,None,None,None,None,,,,,1.651,30.74,7.87,,,,,,,,-0.0338,,None,2025-10-30,quarterly,1.04,USD,post-market,57301000,None,-0.0162,-0.153,0.206,20.81,26266000,None,None,None,185.05,157.83,23.8095,None,None,None,None,None,None,148512000,None,None,326.0,139.7
2025-12-28,TEAM,-0.7,5460076000.0,None,0.9,5.24,,None,-162001000,-162001000,,,,,,,,,None,208675129,None,33031000,33031000,None,None,None,None,None,None,12060000,,,,,1.722,0.2,11675000,23735000,0.84,2014-09-30,33.0,None,4556517000.0,115481000,11403000,642000,None,None,None,272000,None,None,None,None,None,None,None,10761000,None,None,None,-0.0284,,102362000,13119000,None,None,None,None,None,,,,,1.651,30.74,7.87,,,,,,,,-0.0338,,None,2025-10-30,quarterly,1.04,USD,post-market,57301000,None,-0.0162,-0.153,0.206,20.81,26266000,None,None,324002000,185.05,157.83,23.8095,None,162001000,None,None,-162001000,None,148512000,125329000,None,326.0,139.7
2025-12-28,TEAM,-0.7,5460076000.0,None,0.9,5.24,,None,116766000,116766000,,,,,,,,,14401000,208675129,None,33031000,33031000,4437000,None,None,6162000,None,None,12060000,,,,,1.722,0.2,11675000,23735000,0.84,2014-06-30,33.0,1724000,4556517000.0,115481000,11403000,642000,20708000,20708000,None,272000,None,None,None,None,None,None,None,10761000,None,None,None,-0.0284,,102362000,13119000,3040000,121816000,None,None,None,,,,,1.651,30.74,7.87,,,,,,,,-0.0338,,16038000,2025-10-30,quarterly,1.04,USD,post-market,57301000,47203000,-0.0162,-0.153,0.206,20.81,26266000,None,None,45235000,185.05,157.83,23.8095,262038000,171203000,126529000,136709000,None,None,148512000,125329000,None,326.0,139.7
2025-12-28,TEAM,-0.7,5460076000.0,None,0.9,5.24,,251647000,2512874000,2512874000,,,,,,,,,3000,261787000,None,33031000,33031000,222092000,None,None,778302000,None,None,12060000,,,,,1.722,0.2,11675000,23735000,0.84,2025-06-30,33.0,1304445000,4556517000.0,115481000,11403000,642000,244840000,244840000,None,272000,None,None,None,None,987684000,None,221942000,10761000,None,None,None,-0.0284,,102362000,13119000,175793000,628479000,None,48157000,None,,,,,1.651,30.74,7.87,,,,,,,,-0.0338,,None,2025-10-30,annual,1.04,USD,post-market,57301000,-4241865000,-0.0162,-0.153,0.206,20.81,26266000,1239331000,50164000,424268000,185.05,157.83,23.8095,6041970000,3891237000,3180859000,4696316000,2150733000,1515457000,148512000,1345654000,None,326.0,139.7
2025-12-28,TEAM,-0.7,5460076000.0,None,0.9,5.24,,263427000,2176930000,2176930000,,,,,,,,,3000,259132999,None,33031000,33031000,177545000,None,None,628049000,None,None,12060000,,,,,1.722,0.2,11675000,23735000,0.84,2024-06-30,33.0,1288756000,4556517000.0,115481000,11403000,642000,299057000,299057000,None,272000,None,None,None,None,985911000,None,223221000,10761000,None,None,None,-0.0284,,102362000,13119000,109312000,502877000,None,39917000,None,,,,,1.651,30.74,7.87,,,,,,,,-0.0338,,None,2025-10-30,annual,1.04,USD,post-market,57301000,-3204516000,-0.0162,-0.153,0.206,20.81,26266000,1249338000,48953000,161973000,185.05,157.83,23.8095,5212133000,3076264000,2610126000,4179282000,2135869000,1569156000,148512000,1032851000,None,326.0,139.7
2025-12-28,TEAM,-0.7,5460076000.0,None,0.9,5.24,,282765000,2102550000,2102550000,,,,,,,,,3000,256307000,None,33031000,33031000,159293000,None,37500000,477678000,None,None,12060000,,,,,1.722,0.2,11675000,23735000,0.84,2023-06-30,33.0,727211000,4556517000.0,115481000,11403000,642000,69072000,69072000,None,272000,None,-28926000,None,None,962093000,None,225538000,10761000,None,None,None,-0.0284,,102362000,13119000,146136000,322599000,None,31177000,None,,,,,1.651,30.74,7.87,,,,,,,,-0.0338,,265597000,2025-10-30,annual,1.04,USD,post-market,57301000,-2509964000,-0.0162,-0.153,0.206,20.81,26266000,1282358000,82430000,10000000,185.05,157.83,23.8095,4106779000,2736364000,2027590000,3452107000,1370415000,1424517000,148512000,654672000,None,326.0,139.7
2025-12-28,TEAM,-0.7,5460076000.0,None,0.9,5.24,,315072000,1385265000,1385265000,,,,,,,,,2000,253312000,None,33031000,33031000,81220000,None,None,308127000,None,None,12060000,,,,,1.722,0.2,11675000,23735000,0.84,2022-06-30,33.0,722838000,4556517000.0,115481000,11403000,642000,100840000,100840000,None,272000,None,127507000,None,None,999419000,None,159064000,10761000,None,None,None,-0.0284,,102362000,13119000,130267000,370054000,None,812000,None,,,,,1.651,30.74,7.87,,,,,,,,-0.0338,,365882000,2025-10-30,annual,1.04,USD,post-market,57301000,-1869030000,-0.0162,-0.153,0.206,20.81,26266000,1314491000,40638000,73294000,185.05,157.83,23.8095,3326830000,1896953000,1594056000,2999458000,1429877000,1405402000,148512000,327372000,None,326.0,139.7
2025-12-28,TEAM,-0.7,5460076000.0,None,0.9,5.24,,256549000,919227000,919227000,,,,,,,,,25164000,249679000,None,33031000,33031000,40366000,None,348799000,183365000,None,None,12060000,,,,,1.722,0.2,11675000,23735000,0.84,2021-06-30,33.0,725758000,4556517000.0,115481000,11403000,642000,124590000,124590000,None,272000,None,215577000,None,None,None,None,122159000,10761000,None,None,None,-0.0284,,102362000,13119000,211913000,1004422000,None,2604000,None,,,,,1.651,30.74,7.87,,,,,,,,-0.0338,,271521000,2025-10-30,annual,1.04,USD,post-market,57301000,-1812707000,-0.0162,-0.153,0.206,20.81,26266000,605348000,391245000,313001000,185.05,157.83,23.8095,2945344000,1627506000,2310011000,2650430000,1317838000,340419000,148512000,294914000,None,326.0,139.7
2025-12-28,TEAM,-0.7,5460076000.0,None,0.9,5.24,,264568000,1479969000,1479969000,,,,,,,,,24744000,244844000,None,33031000,33031000,30738000,None,889183000,128162000,None,None,12060000,,,,,1.722,0.2,11675000,23735000,0.84,2020-06-30,33.0,645140000,4556517000.0,115481000,11403000,642000,129690000,129690000,None,272000,None,373648000,None,None,None,None,103937000,10761000,None,None,None,-0.0284,,102362000,13119000,359583000,1453813000,None,2173000,None,,,,,1.651,30.74,7.87,,,,,,,,-0.0338,,315331000,2025-10-30,annual,1.04,USD,post-market,57301000,-1116392000,-0.0162,-0.153,0.206,20.81,26266000,1153751000,923926000,676072000,185.05,157.83,23.8095,3894072000,2643786000,3018779000,3318766000,1250286000,299987000,148512000,575306000,None,326.0,139.7
2025-12-28,TEAM,-0.7,5460076000.0,None,0.9,5.24,,1613000,1268441000,1268441000,,,,,,,,,24199000,238611000,None,33031000,33031000,24993000,None,853576000,88281000,None,None,12060000,,,,,1.722,0.2,11675000,23735000,0.84,2019-06-30,33.0,608907000,4556517000.0,115481000,11403000,642000,150975000,150975000,None,272000,None,243793000,None,None,None,None,61932000,10761000,None,None,None,-0.0284,,102362000,13119000,246099000,979768000,None,344000,None,,,,,1.651,30.74,7.87,,,,,,,,-0.0338,,81459000,2025-10-30,annual,1.04,USD,post-market,57301000,-765637000,-0.0162,-0.153,0.206,20.81,26266000,853576000,855189000,445046000,185.05,157.83,23.8095,2977258000,2042111000,2329708000,2411791000,935147000,82083000,148512000,565467000,None,326.0,139.7
2025-12-28,TEAM,-0.7,5460076000.0,None,0.9,5.24,,1420000,1410339000,1410339000,,,,,,,,,23531000,231184000,None,33031000,33031000,113105000,None,819637000,58763000,None,None,12060000,,,,,1.722,0.2,11675000,23735000,0.84,2018-06-30,33.0,311943000,4556517000.0,115481000,11403000,642000,63577000,63577000,None,272000,None,25403000,None,None,819637000,None,None,10761000,None,None,None,-0.0284,,102362000,13119000,2816000,5967000,None,655000,None,,,,,1.651,30.74,7.87,,,,,,,,-0.0338,,51656000,2025-10-30,annual,1.04,USD,post-market,57301000,-142570000,-0.0162,-0.153,0.206,20.81,26266000,821057000,1420000,323134000,185.05,157.83,23.8095,2424514000,1820455000,461326000,1531748000,604059000,1070422000,148512000,892766000,None,326.0,139.7
2025-12-28,TEAM,-0.7,5460076000.0,None,0.9,5.24,,688000,244420000,244420000,,,,,,,,,22726000,222224000,None,33031000,33031000,12464000,None,None,28543000,None,None,12060000,,,,,1.722,0.2,11675000,23735000,0.84,2017-06-30,33.0,311900000,4556517000.0,115481000,11403000,642000,120789000,120789000,None,272000,None,18929000,None,None,None,None,None,10761000,None,None,None,-0.0284,,102362000,13119000,17372000,60088000,None,309000,None,,,,,1.651,30.74,7.87,,,,,,,,-0.0338,,41173000,2025-10-30,annual,1.04,USD,post-market,57301000,-23229000,-0.0162,-0.153,0.206,20.81,26266000,688000,688000,305499000,185.05,157.83,23.8095,1283858000,612488000,326867000,389810000,671370000,62943000,148512000,894048000,None,326.0,139.7
2025-12-28,TEAM,-0.7,5460076000.0,None,0.9,5.24,,766000,259709000,259709000,,,,,,,,,21620000,193481000,None,33031000,33031000,9561000,None,None,17788000,None,None,12060000,,,,,1.722,0.2,11675000,23735000,0.84,2016-06-30,33.0,7138000,4556517000.0,115481000,11403000,642000,13577000,13577000,None,272000,None,13148000,None,None,None,None,None,10761000,None,None,None,-0.0284,,102362000,13119000,9655000,47265000,None,775000,None,,,,,1.651,30.74,7.87,,,,,,,,-0.0338,,58762000,2025-10-30,annual,1.04,USD,post-market,57301000,19275000,-0.0162,-0.153,0.206,20.81,26266000,766000,766000,483405000,185.05,157.83,23.8095,990973000,778538000,236500000,259310000,212435000,22810000,148512000,731663000,None,326.0,139.7
2025-12-28,TEAM,-0.7,5460076000.0,None,0.9,5.24,,None,187094000,187094000,,,,,,,,,14401000,208675129,None,33031000,33031000,10598000,None,None,14310000,None,None,12060000,,,,,1.722,0.2,11675000,23735000,0.84,2015-06-30,33.0,7152000,4556517000.0,115481000,11403000,642000,21099000,21099000,None,272000,None,None,None,None,None,None,None,10761000,None,None,None,-0.0284,,102362000,13119000,6976000,41822000,None,None,None,,,,,1.651,30.74,7.87,,,,,,,,-0.0338,,41948000,2025-10-30,annual,1.04,USD,post-market,57301000,14902000,-0.0162,-0.153,0.206,20.81,26266000,526000,526000,30251000,185.05,157.83,23.8095,397161000,238631000,188154000,207107000,158530000,18953000,148512000,190054000,None,326.0,139.7
2025-12-28,TEAM,-0.7,5460076000.0,None,0.9,5.24,,None,116766000,116766000,,,,,,,,,14401000,208675129,None,33031000,33031000,4437000,None,None,6162000,None,None,12060000,,,,,1.722,0.2,11675000,23735000,0.84,2014-06-30,33.0,1724000,4556517000.0,115481000,11403000,642000,18984000,18984000,None,272000,None,1,None,None,None,None,None,10761000,None,None,None,-0.0284,,102362000,13119000,3040000,33979000,None,None,None,,,,,1.651,30.74,7.87,,,,,,,,-0.0338,,16038000,2025-10-30,annual,1.04,USD,post-market,57301000,8127000,-0.0162,-0.153,0.206,20.81,26266000,312000,312000,45235000,185.05,157.83,23.8095,262038000,171203000,126529000,136709000,90835000,10180000,148512000,125329000,None,326.0,139.7
2025-12-28,TEAM,-0.7,5460076000.0,None,0.9,5.24,,None,90166000,90166000,,,,,,,,,37266000,208675129,None,33031000,33031000,1106000,None,None,1855000,None,None,12060000,,,,,1.722,0.2,11675000,23735000,0.84,2013-06-30,33.0,1724000,4556517000.0,115481000,11403000,642000,24524000,24524000,None,272000,None,None,None,None,None,None,None,10761000,None,None,None,-0.0284,,102362000,13119000,5478000,86949000,None,None,None,,,,,1.651,30.74,7.87,,,,,,,,-0.0338,,None,2025-10-30,annual,1.04,USD,post-market,57301000,-757000,-0.0162,-0.153,0.206,20.81,26266000,None,None,11053000,185.05,157.83,23.8095,166110000,108552000,88055000,88055000,57558000,None,148512000,66178000,None,326.0,139.7
2025-12-28,TEAM,-0.7,5460076000.0,None,0.9,5.24,14112000,None,90166000,90166000,-252807000,-60686000,None,None,None,None,None,None,37266000,208675129,None,33031000,33031000,1106000,None,None,1855000,None,None,12060000,24333000,None,None,None,1.722,0.2,11675000,23735000,0.84,2025-09-30,33.0,1724000,4556517000.0,115481000,11403000,642000,24524000,24524000,None,272000,None,None,None,None,None,None,None,-51870000,None,None,None,-0.0284,128715000,102362000,13119000,5478000,86949000,None,None,None,None,None,None,None,1.651,30.74,7.87,None,None,None,None,None,-252807000,None,-0.0338,None,None,2025-10-30,quarterly,1.04,USD,post-market,57301000,-757000,-0.0162,-0.153,0.206,20.81,26266000,None,None,11053000,185.05,157.83,23.8095,166110000,108552000,88055000,88055000,57558000,None,148512000,66178000,None,326.0,139.7
2025-12-28,TEAM,-0.7,5460076000.0,None,0.9,5.24,14997000,None,90166000,90166000,-392283000,-134958000,None,None,None,None,None,None,37266000,208675129,None,33031000,33031000,1106000,None,None,1855000,None,None,12060000,23221000,None,None,None,1.722,0.2,11675000,23735000,0.84,2025-06-30,33.0,1724000,4556517000.0,115481000,11403000,642000,24524000,24524000,None,272000,None,None,None,None,None,None,None,-23903000,None,None,None,-0.0284,375315000,102362000,13119000,5478000,86949000,None,None,None,None,None,None,None,1.651,30.74,7.87,None,None,None,None,None,-423715839,None,-0.0338,None,None,2025-10-30,quarterly,1.04,USD,post-market,57301000,-757000,-0.0162,-0.153,0.206,20.81,26266000,None,None,11053000,185.05,157.83,23.8095,166110000,108552000,88055000,88055000,57558000,None,148512000,66178000,None,326.0,139.7
2025-12-28,TEAM,-0.7,5460076000.0,None,0.9,5.24,14005253,None,90166000,90166000,-129970909,-74627208,None,None,None,None,None,None,37266000,208675129,None,33031000,33031000,1106000,None,None,1855000,None,None,12060000,23178000,None,None,None,1.722,0.2,11675000,23735000,0.84,2025-03-31,33.0,1724000,4556517000.0,115481000,11403000,642000,24524000,24524000,None,272000,None,None,None,None,None,None,None,-70807000,None,None,None,-0.0284,638636413,102362000,13119000,5478000,86949000,None,None,None,None,None,None,None,1.651,30.74,7.87,None,None,None,None,None,-129998084,None,-0.0338,None,None,2025-10-30,quarterly,1.04,USD,post-market,57301000,-757000,-0.0162,-0.153,0.206,20.81,26266000,None,None,11053000,185.05,157.83,23.8095,166110000,108552000,88055000,88055000,57558000,None,148512000,66178000,None,326.0,139.7
2025-12-28,TEAM,-0.7,5460076000.0,None,0.9,5.24,9336000,None,90166000,90166000,-69241000,-111704000,None,None,None,None,None,None,37266000,208675129,None,33031000,33031000,1106000,None,None,1855000,None,None,12060000,23149000,None,None,None,1.722,0.2,11675000,23735000,0.84,2024-12-31,33.0,1724000,4556517000.0,115481000,11403000,642000,24524000,24524000,None,272000,None,None,None,None,None,None,None,-38208000,None,None,None,-0.0284,351905000,102362000,13119000,5478000,86949000,None,None,None,None,None,None,None,1.651,30.74,7.87,None,None,None,None,None,-69241000,None,-0.0338,None,None,2025-10-30,quarterly,1.04,USD,post-market,57301000,-757000,-0.0162,-0.153,0.206,20.81,26266000,None,None,11053000,185.05,157.83,23.8095,166110000,108552000,88055000,88055000,57558000,None,148512000,66178000,None,326.0,139.7
2025-12-28,TEAM,-0.7,5460076000.0,None,0.9,5.24,6151000,None,90166000,90166000,-186753000,-18690000,None,None,None,None,None,None,37266000,208675129,None,33031000,33031000,1106000,None,None,1855000,None,None,12060000,22827000,None,None,None,1.722,0.2,11675000,23735000,0.84,2024-09-30,33.0,1724000,4556517000.0,115481000,11403000,642000,24524000,24524000,None,272000,None,None,None,None,None,None,None,-123769000,None,None,None,-0.0284,80492000,102362000,13119000,5478000,86949000,None,None,None,None,None,None,None,1.651,30.74,7.87,None,None,None,None,None,-183610000,None,-0.0338,None,None,2025-10-30,quarterly,1.04,USD,post-market,57301000,-757000,-0.0162,-0.153,0.206,20.81,26266000,None,None,11053000,185.05,157.83,23.8095,166110000,108552000,88055000,88055000,57558000,None,148512000,66178000,None,326.0,139.7
2025-12-28,TEAM,-0.7,5460076000.0,None,0.9,5.24,13590000,None,90166000,90166000,-179394309,-18099000,None,None,35733000,None,None,None,37266000,208675129,None,33031000,33031000,1106000,None,None,1855000,None,None,12060000,23178000,None,None,None,1.722,0.2,11675000,23735000,0.84,2024-06-30,33.0,1724000,4556517000.0,115481000,11403000,642000,24524000,24524000,None,272000,None,None,None,None,None,None,None,-196919000,None,None,None,-0.0284,426219000,102362000,13119000,5478000,86949000,None,None,None,None,None,None,None,1.651,30.74,7.87,None,None,None,None,None,-192227000,None,-0.0338,None,None,2025-10-30,quarterly,1.04,USD,post-market,57301000,-757000,-0.0162,-0.153,0.206,20.81,26266000,None,None,11053000,185.05,157.83,23.8095,166110000,108552000,88055000,88055000,57558000,None,148512000,66178000,None,326.0,139.7
2025-12-28,TEAM,-0.7,5460076000.0,None,0.9,5.24,10520000,None,90166000,90166000,-47877000,-26314000,None,None,None,None,None,None,37266000,208675129,None,33031000,33031000,1106000,None,None,1855000,None,None,12060000,23464000,None,None,None,1.722,0.2,11675000,23735000,0.84,2024-03-31,33.0,1724000,4556517000.0,115481000,11403000,642000,24524000,24524000,None,272000,None,None,None,None,None,None,None,12752000,None,None,None,-0.0284,565390000,102362000,13119000,5478000,86949000,None,None,None,None,None,None,None,1.651,30.74,7.87,None,None,None,None,None,-35377000,None,-0.0338,None,None,2025-10-30,quarterly,1.04,USD,post-market,57301000,-757000,-0.0162,-0.153,0.206,20.81,26266000,None,None,11053000,185.05,157.83,23.8095,166110000,108552000,88055000,88055000,57558000,None,148512000,66178000,None,326.0,139.7
2025-12-28,TEAM,-0.7,5460076000.0,None,0.9,5.24,5333000,None,90166000,90166000,-114273000,-862430000,None,None,58654000,None,None,None,37266000,208675129,None,33031000,33031000,1106000,None,None,1855000,None,None,12060000,17012000,None,None,None,1.722,0.2,11675000,23735000,0.84,2023-12-31,33.0,1724000,4556517000.0,115481000,11403000,642000,24524000,24524000,None,272000,None,None,None,None,None,None,None,-84469000,None,None,None,-0.0284,289594000,102362000,13119000,5478000,86949000,None,None,None,None,None,None,None,1.651,30.74,7.87,None,None,None,None,None,-101773000,None,-0.0338,None,None,2025-10-30,quarterly,1.04,USD,post-market,57301000,-757000,-0.0162,-0.153,0.206,20.81,26266000,None,None,11053000,185.05,157.83,23.8095,166110000,108552000,88055000,88055000,57558000,None,148512000,66178000,None,326.0,139.7
2025-12-28,TEAM,-0.7,5460076000.0,None,0.9,5.24,3669000,None,90166000,90166000,-65879000,-56903000,None,None,-94387000,None,None,None,37266000,208675129,None,33031000,33031000,1106000,None,None,1855000,None,None,12060000,15084000,None,None,None,1.722,0.2,11675000,23735000,0.84,2023-09-30,33.0,1724000,4556517000.0,115481000,11403000,642000,24524000,24524000,None,272000,None,None,None,None,None,None,None,-31883000,None,None,None,-0.0284,166956000,102362000,13119000,5478000,86949000,None,None,None,None,None,None,None,1.651,30.74,7.87,None,None,None,None,None,-65879000,None,-0.0338,None,None,2025-10-30,quarterly,1.04,USD,post-market,57301000,-757000,-0.0162,-0.153,0.206,20.81,26266000,None,None,11053000,185.05,157.83,23.8095,166110000,108552000,88055000,88055000,57558000,None,148512000,66178000,None,326.0,139.7
2025-12-28,TEAM,-0.7,5460076000.0,None,0.9,5.24,2585000,None,90166000,90166000,-118071000,-23560000,None,None,-4144000,None,None,None,37266000,208675129,None,33031000,33031000,1106000,None,None,1855000,None,None,12060000,15304000,None,None,None,1.722,0.2,11675000,23735000,0.84,2023-06-30,33.0,1724000,4556517000.0,115481000,11403000,642000,24524000,24524000,None,272000,None,None,None,None,None,None,None,-58952000,None,None,None,-0.0284,272775000,102362000,13119000,5478000,86949000,None,None,None,None,None,None,None,1.651,30.74,7.87,None,None,None,None,None,-118258000,None,-0.0338,None,None,2025-10-30,quarterly,1.04,USD,post-market,57301000,-757000,-0.0162,-0.153,0.206,20.81,26266000,None,None,11053000,185.05,157.83,23.8095,166110000,108552000,88055000,88055000,57558000,None,148512000,66178000,None,326.0,139.7
2025-12-28,TEAM,-0.7,5460076000.0,None,0.9,5.24,2691000,None,90166000,90166000,-31746000,14567000,None,None,None,None,None,None,37266000,208675129,None,33031000,33031000,1106000,None,None,1855000,None,None,12060000,15523000,None,None,None,1.722,0.2,11675000,23735000,0.84,2023-03-31,33.0,1724000,4556517000.0,115481000,11403000,642000,24524000,24524000,None,272000,None,None,None,None,None,None,None,-209037000,None,None,None,-0.0284,352369000,102362000,13119000,5478000,86949000,None,None,None,None,None,None,None,1.651,30.74,7.87,None,None,None,None,None,-31748000,None,-0.0338,None,None,2025-10-30,quarterly,1.04,USD,post-market,57301000,-757000,-0.0162,-0.153,0.206,20.81,26266000,None,None,11053000,185.05,157.83,23.8095,166110000,108552000,88055000,88055000,57558000,None,148512000,66178000,None,326.0,139.7
2025-12-28,TEAM,-0.7,5460076000.0,None,0.9,5.24,4040000,None,90166000,90166000,-1618,13973000,None,None,None,None,None,None,37266000,208675129,None,33031000,33031000,1106000,None,None,1855000,None,None,12060000,15476000,None,None,None,1.722,0.2,11675000,23735000,0.84,2022-12-31,33.0,1724000,4556517000.0,115481000,11403000,642000,24524000,24524000,None,272000,None,None,None,None,None,None,None,-205031000,None,None,None,-0.0284,150525000,102362000,13119000,5478000,86949000,None,None,None,None,None,None,None,1.651,30.74,7.87,None,None,None,None,None,0,None,-0.0338,None,None,2025-10-30,quarterly,1.04,USD,post-market,57301000,-757000,-0.0162,-0.153,0.206,20.81,26266000,None,None,11053000,185.05,157.83,23.8095,166110000,108552000,88055000,88055000,57558000,None,148512000,66178000,None,326.0,139.7
2025-12-28,TEAM,-0.7,5460076000.0,None,0.9,5.24,16496000,None,90166000,90166000,1396000,-6238000,None,None,None,None,None,None,37266000,208675129,None,33031000,33031000,1106000,None,None,1855000,None,None,12060000,14620000,None,None,None,1.722,0.2,11675000,23735000,0.84,2022-09-30,33.0,1724000,4556517000.0,115481000,11403000,642000,24524000,24524000,None,272000,None,None,None,None,None,None,None,-13741000,None,None,None,-0.0284,92442000,102362000,13119000,5478000,86949000,None,None,None,None,None,None,None,1.651,30.74,7.87,None,None,None,None,None,None,None,-0.0338,None,None,2025-10-30,quarterly,1.04,USD,post-market,57301000,-757000,-0.0162,-0.153,0.206,20.81,26266000,None,None,11053000,185.05,157.83,23.8095,166110000,108552000,88055000,88055000,57558000,None,148512000,66178000,None,326.0,139.7
2025-12-28,TEAM,-0.7,5460076000.0,None,0.9,5.24,24648000,None,90166000,90166000,-11139000,-23098000,None,None,15713000,None,None,None,37266000,208675129,None,33031000,33031000,1106000,None,None,1855000,None,None,12060000,24610000,0,0,None,1.722,0.2,11675000,23735000,0.84,2022-06-30,33.0,1724000,4556517000.0,115481000,11403000,642000,24524000,24524000,None,272000,None,None,None,None,None,None,None,-564572000,None,None,None,-0.0284,230397000,102362000,13119000,5478000,86949000,None,None,None,None,None,None,None,1.651,30.74,7.87,None,None,None,None,None,None,None,-0.0338,None,None,2025-10-30,quarterly,1.04,USD,post-market,57301000,-757000,-0.0162,-0.153,0.206,20.81,26266000,None,None,11053000,185.05,157.83,23.8095,166110000,108552000,88055000,88055000,57558000,None,148512000,66178000,None,326.0,139.7
2025-12-28,TEAM,-0.7,5460076000.0,None,0.9,5.24,30491000,None,90166000,90166000,9525000,-48831000,None,None,None,None,None,None,37266000,208675129,None,33031000,33031000,1106000,None,None,1855000,None,None,12060000,22899000,0,0,None,1.722,0.2,11675000,23735000,0.84,2022-03-31,33.0,1724000,4556517000.0,115481000,11403000,642000,24524000,24524000,None,272000,None,None,None,None,None,None,None,-30557000,None,None,None,-0.0284,334709000,102362000,13119000,5478000,86949000,None,None,None,None,None,None,None,1.651,30.74,7.87,None,None,None,None,None,None,None,-0.0338,None,None,2025-10-30,quarterly,1.04,USD,post-market,57301000,-757000,-0.0162,-0.153,0.206,20.81,26266000,None,None,11053000,185.05,157.83,23.8095,166110000,108552000,88055000,88055000,57558000,None,148512000,66178000,None,326.0,139.7
2025-12-28,TEAM,-0.7,5460076000.0,None,0.9,5.24,12368470,None,90166000,90166000,-775341000,-50866227,None,None,4585000,None,None,None,37266000,208675129,None,33031000,33031000,1106000,None,None,1855000,None,None,12060000,12300000,0,0,None,1.722,0.2,11675000,23735000,0.84,2021-12-31,33.0,1724000,4556517000.0,115481000,11403000,642000,24524000,24524000,None,272000,None,None,None,None,None,None,None,-22328000,None,None,None,-0.0284,203490680,102362000,13119000,5478000,86949000,None,None,None,None,None,None,None,1.651,30.74,7.87,None,None,None,None,None,None,None,-0.0338,None,None,2025-10-30,quarterly,1.04,USD,post-market,57301000,-757000,-0.0162,-0.153,0.206,20.81,26266000,None,None,11053000,185.05,157.83,23.8095,166110000,108552000,88055000,88055000,57558000,None,148512000,66178000,None,326.0,139.7
2025-12-28,TEAM,-0.7,5460076000.0,None,0.9,5.24,6881000,None,90166000,90166000,366669000,158127000,None,None,-20298000,None,None,None,37266000,208675129,None,33031000,33031000,1106000,None,None,1855000,None,None,12060000,13400000,0,0,None,1.722,0.2,11675000,23735000,0.84,2021-09-30,33.0,1724000,4556517000.0,115481000,11403000,642000,24524000,24524000,None,272000,None,None,None,None,None,None,None,-411204000,None,None,None,-0.0284,65001000,102362000,13119000,5478000,86949000,None,None,None,None,None,None,None,1.651,30.74,7.87,None,None,None,None,None,None,None,-0.0338,None,None,2025-10-30,quarterly,1.04,USD,post-market,57301000,-757000,-0.0162,-0.153,0.206,20.81,26266000,None,None,11053000,185.05,157.83,23.8095,166110000,108552000,88055000,88055000,57558000,None,148512000,66178000,None,326.0,139.7
2025-12-28,TEAM,-0.7,5460076000.0,None,0.9,5.24,9031247,None,90166000,90166000,-498232076,81845623,None,None,-2002000,None,None,None,37266000,208675129,None,33031000,33031000,1106000,None,None,1855000,None,None,12060000,23714000,0,0,None,1.722,0.2,11675000,23735000,0.84,2021-06-30,33.0,1724000,4556517000.0,115481000,11403000,642000,24524000,24524000,None,272000,None,None,None,None,None,None,None,-213073000,None,None,None,-0.0284,186229317,102362000,13119000,5478000,86949000,None,None,None,None,None,None,None,1.651,30.74,7.87,None,None,None,None,None,None,None,-0.0338,None,None,2025-10-30,quarterly,1.04,USD,post-market,57301000,-757000,-0.0162,-0.153,0.206,20.81,26266000,None,None,11053000,185.05,157.83,23.8095,166110000,108552000,88055000,88055000,57558000,None,148512000,66178000,None,326.0,139.7
2025-12-28,TEAM,-0.7,5460076000.0,None,0.9,5.24,5365000,None,90166000,90166000,-540459000,65258000,None,None,-3691000,None,None,None,37266000,208675129,None,33031000,33031000,1106000,None,None,1855000,None,None,12060000,23324000,0,0,None,1.722,0.2,11675000,23735000,0.84,2021-03-31,33.0,1724000,4556517000.0,115481000,11403000,642000,24524000,24524000,None,272000,None,None,None,None,None,None,None,211050000,None,None,None,-0.0284,377036000,102362000,13119000,5478000,86949000,None,None,None,None,None,None,None,1.651,30.74,7.87,None,None,None,None,None,None,None,-0.0338,None,None,2025-10-30,quarterly,1.04,USD,post-market,57301000,-757000,-0.0162,-0.153,0.206,20.81,26266000,None,None,11053000,185.05,157.83,23.8095,166110000,108552000,88055000,88055000,57558000,None,148512000,66178000,None,326.0,139.7
2025-12-28,TEAM,-0.7,5460076000.0,None,0.9,5.24,9548000,None,90166000,90166000,-617366000,103811000,None,None,4057000,None,None,None,37266000,208675129,None,33031000,33031000,1106000,None,None,1855000,None,None,12060000,23185000,0,0,None,1.722,0.2,11675000,23735000,0.84,2020-12-31,33.0,1724000,4556517000.0,115481000,11403000,642000,24524000,24524000,None,272000,None,None,None,None,None,None,None,-607372000,None,None,None,-0.0284,200462000,102362000,13119000,5478000,86949000,None,None,None,None,None,None,None,1.651,30.74,7.87,None,None,None,None,None,None,None,-0.0338,None,None,2025-10-30,quarterly,1.04,USD,post-market,57301000,-757000,-0.0162,-0.153,0.206,20.81,26266000,None,None,11053000,185.05,157.83,23.8095,166110000,108552000,88055000,88055000,57558000,None,148512000,66178000,None,326.0,139.7
2025-12-28,TEAM,-0.7,5460076000.0,None,0.9,5.24,7817000,None,90166000,90166000,-10182000,8046000,None,None,-11418000,None,None,None,37266000,208675129,None,33031000,33031000,1106000,None,None,1855000,None,None,12060000,22625000,None,None,None,1.722,0.2,11675000,23735000,0.84,2020-09-30,33.0,1724000,4556517000.0,115481000,11403000,642000,24524000,24524000,None,272000,None,None,None,None,None,None,None,-24324000,None,None,None,-0.0284,79465000,102362000,13119000,5478000,86949000,None,None,None,None,None,None,None,1.651,30.74,7.87,None,None,None,None,None,None,None,-0.0338,None,None,2025-10-30,quarterly,1.04,USD,post-market,57301000,-757000,-0.0162,-0.153,0.206,20.81,26266000,None,None,11053000,185.05,157.83,23.8095,166110000,108552000,88055000,88055000,57558000,None,148512000,66178000,None,326.0,139.7
2025-12-28,TEAM,-0.7,5460076000.0,None,0.9,5.24,15844000,None,90166000,90166000,-14598000,27500000,None,None,-3014000,None,None,None,37266000,208675129,None,33031000,33031000,1106000,None,None,1855000,None,None,12060000,22078000,0,0,None,1.722,0.2,11675000,23735000,0.84,2020-06-30,33.0,1724000,4556517000.0,115481000,11403000,642000,24524000,24524000,None,272000,None,None,None,None,None,None,None,-395608000,None,None,None,-0.0284,123341000,102362000,13119000,5478000,86949000,None,None,None,None,None,None,None,1.651,30.74,7.87,None,None,None,None,None,317000,None,-0.0338,None,None,2025-10-30,quarterly,1.04,USD,post-market,57301000,-757000,-0.0162,-0.153,0.206,20.81,26266000,None,None,11053000,185.05,157.83,23.8095,166110000,108552000,88055000,88055000,57558000,None,148512000,66178000,None,326.0,139.7
2025-12-28,TEAM,-0.7,5460076000.0,None,0.9,5.24,6742000,None,90166000,90166000,-8811000,-43426000,None,None,-1224000,None,None,None,37266000,208675129,None,33031000,33031000,1106000,None,None,1855000,None,None,12060000,23683000,None,None,None,1.722,0.2,11675000,23735000,0.84,2020-03-31,33.0,1724000,4556517000.0,115481000,11403000,642000,24524000,24524000,None,272000,None,None,None,None,None,None,None,-166857000,None,None,None,-0.0284,156313000,102362000,13119000,5478000,86949000,None,None,None,None,None,None,None,1.651,30.74,7.87,None,None,None,None,None,499000,None,-0.0338,None,None,2025-10-30,quarterly,1.04,USD,post-market,57301000,-757000,-0.0162,-0.153,0.206,20.81,26266000,None,None,11053000,185.05,157.83,23.8095,166110000,108552000,88055000,88055000,57558000,None,148512000,66178000,None,326.0,139.7
2025-12-28,TEAM,-0.7,5460076000.0,None,0.9,5.24,7010000,None,90166000,90166000,-12151000,-153789000,None,None,2227000,None,None,None,37266000,208675129,None,33031000,33031000,1106000,None,None,1855000,None,None,12060000,26622000,0,0,None,1.722,0.2,11675000,23735000,0.84,2019-12-31,33.0,1724000,4556517000.0,115481000,11403000,642000,24524000,24524000,None,272000,None,None,None,None,None,None,None,141791000,None,None,None,-0.0284,218365000,102362000,13119000,5478000,86949000,None,None,None,None,None,None,None,1.651,30.74,7.87,None,None,None,None,None,331000,None,-0.0338,None,None,2025-10-30,quarterly,1.04,USD,post-market,57301000,-757000,-0.0162,-0.153,0.206,20.81,26266000,None,None,11053000,185.05,157.83,23.8095,166110000,108552000,88055000,88055000,57558000,None,148512000,66178000,None,326.0,139.7
2025-12-28,TEAM,-0.7,5460076000.0,None,0.9,5.24,6113000,None,90166000,90166000,-7015000,-149216000,None,None,-8597000,None,None,None,37266000,208675129,None,33031000,33031000,1106000,None,None,1855000,None,None,12060000,25015000,None,None,None,1.722,0.2,11675000,23735000,0.84,2019-09-30,33.0,1724000,4556517000.0,115481000,11403000,642000,24524000,24524000,None,272000,None,None,None,None,None,None,None,74465000,None,None,None,-0.0284,76191000,102362000,13119000,5478000,86949000,None,None,None,None,None,None,None,1.651,30.74,7.87,None,None,None,None,None,655000,None,-0.0338,None,None,2025-10-30,quarterly,1.04,USD,post-market,57301000,-757000,-0.0162,-0.153,0.206,20.81,26266000,None,None,11053000,185.05,157.83,23.8095,166110000,108552000,88055000,88055000,57558000,None,148512000,66178000,None,326.0,139.7
2025-12-28,TEAM,-0.7,5460076000.0,None,0.9,5.24,20823000,None,90166000,90166000,-2412000,-292012000,None,None,14292000,None,None,None,37266000,208675129,None,33031000,33031000,1106000,None,None,1855000,None,None,12060000,15845000,0,0,None,1.722,0.2,11675000,23735000,0.84,2019-06-30,33.0,1724000,4556517000.0,115481000,11403000,642000,24524000,24524000,None,272000,None,None,None,None,None,None,None,-190862000,None,None,None,-0.0284,117726000,102362000,13119000,5478000,86949000,None,None,None,None,None,None,None,1.651,30.74,7.87,None,None,None,None,None,713000,None,-0.0338,None,None,2025-10-30,quarterly,1.04,USD,post-market,57301000,-757000,-0.0162,-0.153,0.206,20.81,26266000,None,None,11053000,185.05,157.83,23.8095,166110000,108552000,88055000,88055000,57558000,None,148512000,66178000,None,326.0,139.7
2025-12-28,TEAM,-0.7,5460076000.0,None,0.9,5.24,6106000,None,90166000,90166000,1125000,-29625000,None,None,4046000,None,None,None,37266000,208675129,None,33031000,33031000,1106000,None,None,1855000,None,None,12060000,16303000,0,0,None,1.722,0.2,11675000,23735000,0.84,2019-03-31,33.0,1724000,4556517000.0,115481000,11403000,642000,24524000,24524000,None,272000,None,None,None,None,None,None,None,-201681000,None,None,None,-0.0284,133251000,102362000,13119000,5478000,86949000,None,None,None,None,None,None,None,1.651,30.74,7.87,None,None,None,None,None,1125000,None,-0.0338,None,None,2025-10-30,quarterly,1.04,USD,post-market,57301000,-757000,-0.0162,-0.153,0.206,20.81,26266000,None,None,11053000,185.05,157.83,23.8095,166110000,108552000,88055000,88055000,57558000,None,148512000,66178000,None,326.0,139.7
2025-12-28,TEAM,-0.7,5460076000.0,None,0.9,5.24,7807000,None,90166000,90166000,-2487000,-305129000,None,None,-18885000,None,None,None,37266000,208675129,None,33031000,33031000,1106000,None,None,1855000,None,None,12060000,20685000,None,None,None,1.722,0.2,11675000,23735000,0.84,2018-12-31,33.0,1724000,4556517000.0,115481000,11403000,642000,24524000,24524000,None,272000,None,None,None,None,None,None,None,27063000,None,None,None,-0.0284,130436000,102362000,13119000,5478000,86949000,None,None,None,None,None,None,None,1.651,30.74,7.87,None,None,None,None,None,704000,None,-0.0338,None,None,2025-10-30,quarterly,1.04,USD,post-market,57301000,-757000,-0.0162,-0.153,0.206,20.81,26266000,None,None,11053000,185.05,157.83,23.8095,166110000,108552000,88055000,88055000,57558000,None,148512000,66178000,None,326.0,139.7
2025-12-28,TEAM,-0.7,5460076000.0,None,0.9,5.24,11566000,None,90166000,90166000,587000,22568000,None,None,1678000,None,None,None,37266000,208675129,None,33031000,33031000,1106000,None,None,1855000,None,None,12060000,17415000,None,None,None,1.722,0.2,11675000,23735000,0.84,2018-09-30,33.0,1724000,4556517000.0,115481000,11403000,642000,24524000,24524000,None,272000,None,None,None,None,None,None,None,-240076000,None,None,None,-0.0284,84929000,102362000,13119000,5478000,86949000,None,None,None,None,None,None,None,1.651,30.74,7.87,None,None,None,None,None,1000000,None,-0.0338,None,None,2025-10-30,quarterly,1.04,USD,post-market,57301000,-757000,-0.0162,-0.153,0.206,20.81,26266000,None,None,11053000,185.05,157.83,23.8095,166110000,108552000,88055000,88055000,57558000,None,148512000,66178000,None,326.0,139.7
2025-12-28,TEAM,-0.7,5460076000.0,None,0.9,5.24,17802000,None,90166000,90166000,903702000,32193000,None,None,-8200000,None,None,None,37266000,208675129,None,33031000,33031000,1106000,None,None,1855000,None,None,12060000,17754000,None,None,None,1.722,0.2,11675000,23735000,0.84,2018-06-30,33.0,1724000,4556517000.0,115481000,11403000,642000,24524000,24524000,None,272000,None,None,None,None,None,None,None,-21755000,None,None,None,-0.0284,82203000,102362000,13119000,5478000,86949000,None,None,None,None,None,None,None,1.651,30.74,7.87,None,None,None,None,None,900000,None,-0.0338,None,None,2025-10-30,quarterly,1.04,USD,post-market,57301000,-757000,-0.0162,-0.153,0.206,20.81,26266000,None,None,11053000,185.05,157.83,23.8095,166110000,108552000,88055000,88055000,57558000,None,148512000,66178000,None,326.0,139.7
2025-12-28,TEAM,-0.7,5460076000.0,None,0.9,5.24,5293000,None,90166000,90166000,932000,-10451000,None,None,-236000,None,None,None,37266000,208675129,None,33031000,33031000,1106000,None,None,1855000,None,None,12060000,20111000,None,None,None,1.722,0.2,11675000,23735000,0.84,2018-03-31,33.0,1724000,4556517000.0,115481000,11403000,642000,24524000,24524000,None,272000,None,None,None,None,None,None,None,-8147000,None,None,None,-0.0284,91676000,102362000,13119000,5478000,86949000,None,None,None,None,None,None,None,1.651,30.74,7.87,None,None,None,None,None,900000,None,-0.0338,None,None,2025-10-30,quarterly,1.04,USD,post-market,57301000,-757000,-0.0162,-0.153,0.206,20.81,26266000,None,None,11053000,185.05,157.83,23.8095,166110000,108552000,88055000,88055000,57558000,None,148512000,66178000,None,326.0,139.7
2025-12-28,TEAM,-0.7,5460076000.0,None,0.9,5.24,4550000,None,90166000,90166000,1278000,-68553000,None,None,-2624000,None,None,None,37266000,208675129,None,33031000,33031000,1106000,None,None,1855000,None,None,12060000,20990000,None,None,None,1.722,0.2,11675000,23735000,0.84,2017-12-31,33.0,1724000,4556517000.0,115481000,11403000,642000,24524000,24524000,None,272000,None,None,None,None,None,None,None,-14188000,None,None,None,-0.0284,72328000,102362000,13119000,5478000,86949000,None,None,None,None,None,None,None,1.651,30.74,7.87,None,None,None,None,None,1300000,None,-0.0338,None,None,2025-10-30,quarterly,1.04,USD,post-market,57301000,-757000,-0.0162,-0.153,0.206,20.81,26266000,None,None,11053000,185.05,157.83,23.8095,166110000,108552000,88055000,88055000,57558000,None,148512000,66178000,None,326.0,139.7
2025-12-28,TEAM,-0.7,5460076000.0,None,0.9,5.24,2564000,None,90166000,90166000,877000,-4885000,None,None,3767000,None,None,None,37266000,208675129,None,33031000,33031000,1106000,None,None,1855000,None,None,12060000,20580000,None,None,None,1.722,0.2,11675000,23735000,0.84,2017-09-30,33.0,1724000,4556517000.0,115481000,11403000,642000,24524000,24524000,None,272000,None,None,None,None,None,None,None,-21744000,None,None,None,-0.0284,65249000,102362000,13119000,5478000,86949000,None,None,None,None,None,None,None,1.651,30.74,7.87,None,None,None,None,None,900000,None,-0.0338,None,None,2025-10-30,quarterly,1.04,USD,post-market,57301000,-757000,-0.0162,-0.153,0.206,20.81,26266000,None,None,11053000,185.05,157.83,23.8095,166110000,108552000,88055000,88055000,57558000,None,148512000,66178000,None,326.0,139.7
2025-12-28,TEAM,-0.7,5460076000.0,None,0.9,5.24,6133000,None,90166000,90166000,2035000,-5164000,None,None,-2788000,None,None,None,37266000,208675129,None,33031000,33031000,1106000,None,None,1855000,None,None,12060000,23766000,None,None,None,1.722,0.2,11675000,23735000,0.84,2017-06-30,33.0,1724000,4556517000.0,115481000,11403000,642000,24524000,24524000,None,272000,None,None,None,None,None,None,None,-31768000,None,None,None,-0.0284,50597000,102362000,13119000,5478000,86949000,None,None,None,None,None,None,None,1.651,30.74,7.87,None,None,None,None,None,2000000,None,-0.0338,None,None,2025-10-30,quarterly,1.04,USD,post-market,57301000,-757000,-0.0162,-0.153,0.206,20.81,26266000,None,None,11053000,185.05,157.83,23.8095,166110000,108552000,88055000,88055000,57558000,None,148512000,66178000,None,326.0,139.7
2025-12-28,TEAM,-0.7,5460076000.0,None,0.9,5.24,4623000,None,90166000,90166000,1535000,-214178000,None,None,-89000,None,None,None,37266000,208675129,None,33031000,33031000,1106000,None,None,1855000,None,None,12060000,18485000,None,None,None,1.722,0.2,11675000,23735000,0.84,2017-03-31,33.0,1724000,4556517000.0,115481000,11403000,642000,24524000,24524000,None,272000,None,None,None,None,None,None,None,-22521000,None,None,None,-0.0284,72923000,102362000,13119000,5478000,86949000,None,None,None,None,None,None,None,1.651,30.74,7.87,None,None,None,None,None,1500000,None,-0.0338,None,None,2025-10-30,quarterly,1.04,USD,post-market,57301000,-757000,-0.0162,-0.153,0.206,20.81,26266000,None,None,11053000,185.05,157.83,23.8095,166110000,108552000,88055000,88055000,57558000,None,148512000,66178000,None,326.0,139.7
2025-12-28,TEAM,-0.7,5460076000.0,None,0.9,5.24,2907000,None,90166000,90166000,2151000,20302000,None,None,2416000,None,None,None,37266000,208675129,None,33031000,33031000,1106000,None,None,1855000,None,None,12060000,11253000,None,None,None,1.722,0.2,11675000,23735000,0.84,2016-12-31,33.0,1724000,4556517000.0,115481000,11403000,642000,24524000,24524000,None,272000,None,None,None,None,None,None,None,-1487000,None,None,None,-0.0284,47399000,102362000,13119000,5478000,86949000,None,None,None,None,None,None,None,1.651,30.74,7.87,None,None,None,None,None,2200000,None,-0.0338,None,None,2025-10-30,quarterly,1.04,USD,post-market,57301000,-757000,-0.0162,-0.153,0.206,20.81,26266000,None,None,11053000,185.05,157.83,23.8095,166110000,108552000,88055000,88055000,57558000,None,148512000,66178000,None,326.0,139.7
2025-12-28,TEAM,-0.7,5460076000.0,None,0.9,5.24,2391000,None,90166000,90166000,3717000,-25533000,None,None,-5186000,None,None,None,37266000,208675129,None,33031000,33031000,1106000,None,None,1855000,None,None,12060000,8042000,None,None,None,1.722,0.2,11675000,23735000,0.84,2016-09-30,33.0,1724000,4556517000.0,115481000,11403000,642000,24524000,24524000,None,272000,None,None,None,None,None,None,None,-3876000,None,None,None,-0.0284,28462000,102362000,13119000,5478000,86949000,None,None,None,None,None,None,None,1.651,30.74,7.87,None,None,None,None,None,3700000,None,-0.0338,None,None,2025-10-30,quarterly,1.04,USD,post-market,57301000,-757000,-0.0162,-0.153,0.206,20.81,26266000,None,None,11053000,185.05,157.83,23.8095,166110000,108552000,88055000,88055000,57558000,None,148512000,66178000,None,326.0,139.7
2025-12-28,TEAM,-0.7,5460076000.0,None,0.9,5.24,17394000,None,90166000,90166000,2466000,-90423000,None,None,-2454000,None,None,None,37266000,208675129,None,33031000,33031000,1106000,None,None,1855000,None,None,12060000,6342000,None,None,None,1.722,0.2,11675000,23735000,0.84,2016-06-30,33.0,1724000,4556517000.0,115481000,11403000,642000,24524000,24524000,None,272000,None,None,None,None,None,None,None,-10497000,None,None,None,-0.0284,34995000,102362000,13119000,5478000,86949000,None,None,None,None,None,None,None,1.651,30.74,7.87,None,None,None,None,None,2500000,None,-0.0338,None,None,2025-10-30,quarterly,1.04,USD,post-market,57301000,-757000,-0.0162,-0.153,0.206,20.81,26266000,None,None,11053000,185.05,157.83,23.8095,166110000,108552000,88055000,88055000,57558000,None,148512000,66178000,None,326.0,139.7
2025-12-28,TEAM,-0.7,5460076000.0,None,0.9,5.24,7531000,None,90166000,90166000,764000,-306753000,None,None,None,None,None,None,37266000,208675129,None,33031000,33031000,1106000,None,None,1855000,None,None,12060000,5678000,None,None,None,1.722,0.2,11675000,23735000,0.84,2016-03-31,33.0,1724000,4556517000.0,115481000,11403000,642000,24524000,24524000,None,272000,None,None,None,None,None,None,None,-4183000,None,None,None,-0.0284,48244000,102362000,13119000,5478000,86949000,None,None,None,None,None,None,None,1.651,30.74,7.87,None,None,None,None,None,800000,None,-0.0338,None,None,2025-10-30,quarterly,1.04,USD,post-market,57301000,-757000,-0.0162,-0.153,0.206,20.81,26266000,None,None,11053000,185.05,157.83,23.8095,166110000,108552000,88055000,88055000,57558000,None,148512000,66178000,None,326.0,139.7
2025-12-28,TEAM,-0.7,5460076000.0,None,0.9,5.24,3133000,None,90166000,90166000,430088000,-100336000,None,None,None,None,None,None,37266000,208675129,None,33031000,33031000,1106000,None,None,1855000,None,None,12060000,5372000,None,None,None,1.722,0.2,11675000,23735000,0.84,2015-12-31,33.0,1724000,4556517000.0,115481000,11403000,642000,24524000,24524000,None,272000,None,None,None,None,None,None,None,3260000,None,None,None,-0.0284,31899000,102362000,13119000,5478000,86949000,None,None,None,None,None,None,None,1.651,30.74,7.87,None,None,None,None,None,433700000,None,-0.0338,None,None,2025-10-30,quarterly,1.04,USD,post-market,57301000,-757000,-0.0162,-0.153,0.206,20.81,26266000,None,None,11053000,185.05,157.83,23.8095,166110000,108552000,88055000,88055000,57558000,None,148512000,66178000,None,326.0,139.7
2025-12-28,TEAM,-0.7,5460076000.0,None,0.9,5.24,6155000,None,90166000,90166000,-534000,8002000,None,None,None,None,None,None,37266000,208675129,None,33031000,33031000,1106000,None,None,1855000,None,None,12060000,4534000,None,None,None,1.722,0.2,11675000,23735000,0.84,2015-09-30,33.0,1724000,4556517000.0,115481000,11403000,642000,24524000,24524000,None,272000,None,None,None,None,None,None,None,6513000,None,None,None,-0.0284,14404000,102362000,13119000,5478000,86949000,None,None,None,None,None,None,None,1.651,30.74,7.87,None,None,None,None,None,1200000,None,-0.0338,None,None,2025-10-30,quarterly,1.04,USD,post-market,57301000,-757000,-0.0162,-0.153,0.206,20.81,26266000,None,None,11053000,185.05,157.83,23.8095,166110000,108552000,88055000,88055000,57558000,None,148512000,66178000,None,326.0,139.7
2025-12-28,TEAM,-0.7,5460076000.0,None,0.9,5.24,13730000,None,90166000,90166000,1113000,-6018000,None,None,None,None,None,None,37266000,208675129,None,33031000,33031000,1106000,None,None,1855000,None,None,12060000,4559000,None,None,None,1.722,0.2,11675000,23735000,0.84,2015-06-30,33.0,1724000,4556517000.0,115481000,11403000,642000,24524000,24524000,None,272000,None,None,None,None,None,None,None,-2523000,None,None,None,-0.0284,20777000,102362000,13119000,5478000,86949000,None,None,None,None,None,None,None,1.651,30.74,7.87,None,None,None,None,None,2338000,None,-0.0338,None,None,2025-10-30,quarterly,1.04,USD,post-market,57301000,-757000,-0.0162,-0.153,0.206,20.81,26266000,None,None,11053000,185.05,157.83,23.8095,166110000,108552000,88055000,88055000,57558000,None,148512000,66178000,None,326.0,139.7
2025-12-28,TEAM,-0.7,5460076000.0,None,0.9,5.24,4108000,None,90166000,90166000,485000,-4584000,None,None,None,None,None,None,37266000,208675129,None,33031000,33031000,1106000,None,None,1855000,None,None,12060000,3813000,None,None,None,1.722,0.2,11675000,23735000,0.84,2015-03-31,33.0,1724000,4556517000.0,115481000,11403000,642000,24524000,24524000,None,272000,None,None,None,None,None,None,None,-2775000,None,None,None,-0.0284,33303000,102362000,13119000,5478000,86949000,None,None,None,None,None,None,None,1.651,30.74,7.87,None,None,None,None,None,None,None,-0.0338,None,None,2025-10-30,quarterly,1.04,USD,post-market,57301000,-757000,-0.0162,-0.153,0.206,20.81,26266000,None,None,11053000,185.05,157.83,23.8095,166110000,108552000,88055000,88055000,57558000,None,148512000,66178000,None,326.0,139.7
2025-12-28,TEAM,-0.7,5460076000.0,None,0.9,5.24,8760000,None,90166000,90166000,286000,-8818000,None,None,None,None,None,None,37266000,208675129,None,33031000,33031000,1106000,None,None,1855000,None,None,12060000,3551000,None,None,None,1.722,0.2,11675000,23735000,0.84,2014-12-31,33.0,1724000,4556517000.0,115481000,11403000,642000,24524000,24524000,None,272000,None,None,None,None,None,None,None,3277000,None,None,None,-0.0284,34487000,102362000,13119000,5478000,86949000,None,None,None,None,None,None,None,1.651,30.74,7.87,None,None,None,None,None,None,None,-0.0338,None,None,2025-10-30,quarterly,1.04,USD,post-market,57301000,-757000,-0.0162,-0.153,0.206,20.81,26266000,None,None,11053000,185.05,157.83,23.8095,166110000,108552000,88055000,88055000,57558000,None,148512000,66178000,None,326.0,139.7
2025-12-28,TEAM,-0.7,5460076000.0,None,0.9,5.24,6078000,None,90166000,90166000,454000,-9146000,None,None,None,None,None,None,37266000,208675129,None,33031000,33031000,1106000,None,None,1855000,None,None,12060000,3588000,None,None,None,1.722,0.2,11675000,23735000,0.84,2014-09-30,33.0,1724000,4556517000.0,115481000,11403000,642000,24524000,24524000,None,272000,None,None,None,None,None,None,None,1272000,None,None,None,-0.0284,9654000,102362000,13119000,5478000,86949000,None,None,None,None,None,None,None,1.651,30.74,7.87,None,None,None,None,None,None,None,-0.0338,None,None,2025-10-30,quarterly,1.04,USD,post-market,57301000,-757000,-0.0162,-0.153,0.206,20.81,26266000,None,None,11053000,185.05,157.83,23.8095,166110000,108552000,88055000,88055000,57558000,None,148512000,66178000,None,326.0,139.7
2025-12-28,TEAM,-0.7,5460076000.0,None,0.9,5.24,8110000,None,90166000,90166000,-2571000,-46554000,None,None,None,None,None,None,37266000,208675129,None,33031000,33031000,1106000,None,None,1855000,None,None,12060000,5725000,10000000,10000000,None,1.722,0.2,11675000,23735000,0.84,2014-06-30,33.0,1724000,4556517000.0,115481000,11403000,642000,24524000,24524000,None,272000,None,None,None,None,None,None,None,4062000,None,None,None,-0.0284,75280000,102362000,13119000,5478000,86949000,None,None,None,None,None,None,None,1.651,30.74,7.87,None,None,None,None,None,7429000,None,-0.0338,None,None,2025-10-30,quarterly,1.04,USD,post-market,57301000,-757000,-0.0162,-0.153,0.206,20.81,26266000,None,None,11053000,185.05,157.83,23.8095,166110000,108552000,88055000,88055000,57558000,None,148512000,66178000,None,326.0,139.7
2025-12-28,TEAM,-0.7,5460076000.0,None,0.9,5.24,0,None,90166000,90166000,None,None,None,None,None,None,None,None,37266000,208675129,None,33031000,33031000,1106000,None,None,1855000,None,None,12060000,None,None,None,None,1.722,0.2,11675000,23735000,0.84,2014-03-31,33.0,1724000,4556517000.0,115481000,11403000,642000,24524000,24524000,None,272000,None,None,None,None,None,None,None,6472000,None,None,None,-0.0284,None,102362000,13119000,5478000,86949000,None,None,None,None,None,None,None,1.651,30.74,7.87,None,None,None,None,None,None,None,-0.0338,None,None,2025-10-30,quarterly,1.04,USD,post-market,57301000,-757000,-0.0162,-0.153,0.206,20.81,26266000,None,None,11053000,185.05,157.83,23.8095,166110000,108552000,88055000,88055000,57558000,None,148512000,66178000,None,326.0,139.7
2025-12-28,TEAM,-0.7,5460076000.0,None,0.9,5.24,0,None,90166000,90166000,None,None,None,None,None,None,None,None,37266000,208675129,None,33031000,33031000,1106000,None,None,1855000,None,None,12060000,None,None,None,None,1.722,0.2,11675000,23735000,0.84,2013-12-31,33.0,1724000,4556517000.0,115481000,11403000,642000,24524000,24524000,None,272000,None,None,None,None,None,None,None,2540000,None,None,None,-0.0284,None,102362000,13119000,5478000,86949000,None,None,None,None,None,None,None,1.651,30.74,7.87,None,None,None,None,None,None,None,-0.0338,None,None,2025-10-30,quarterly,1.04,USD,post-market,57301000,-757000,-0.0162,-0.153,0.206,20.81,26266000,None,None,11053000,185.05,157.83,23.8095,166110000,108552000,88055000,88055000,57558000,None,148512000,66178000,None,326.0,139.7
2025-12-28,TEAM,-0.7,5460076000.0,None,0.9,5.24,0,None,90166000,90166000,None,None,None,None,None,None,None,None,37266000,208675129,None,33031000,33031000,1106000,None,None,1855000,None,None,12060000,None,None,None,None,1.722,0.2,11675000,23735000,0.84,2013-09-30,33.0,1724000,4556517000.0,115481000,11403000,642000,24524000,24524000,None,272000,None,None,None,None,None,None,None,5908000,None,None,None,-0.0284,None,102362000,13119000,5478000,86949000,None,None,None,None,None,None,None,1.651,30.74,7.87,None,None,None,None,None,None,None,-0.0338,None,None,2025-10-30,quarterly,1.04,USD,post-market,57301000,-757000,-0.0162,-0.153,0.206,20.81,26266000,None,None,11053000,185.05,157.83,23.8095,166110000,108552000,88055000,88055000,57558000,None,148512000,66178000,None,326.0,139.7
2025-12-28,TEAM,-0.7,5460076000.0,None,0.9,5.24,44850000,None,90166000,90166000,-782582000,-342322000,None,None,None,None,None,None,37266000,208675129,None,33031000,33031000,1106000,None,None,1855000,None,None,12060000,92375000,None,None,None,1.722,0.2,11675000,23735000,0.84,2025-06-30,33.0,1724000,4556517000.0,115481000,11403000,642000,24524000,24524000,None,272000,None,None,None,None,None,None,None,-256687000,None,None,None,-0.0284,1460393000,102362000,13119000,5478000,86949000,None,None,None,None,None,None,None,1.651,30.74,7.87,None,None,None,None,None,-779439000,None,-0.0338,None,None,2025-10-30,annual,1.04,USD,post-market,57301000,-757000,-0.0162,-0.153,0.206,20.81,26266000,None,None,11053000,185.05,157.83,23.8095,166110000,108552000,88055000,88055000,57558000,None,148512000,66178000,None,326.0,139.7
2025-12-28,TEAM,-0.7,5460076000.0,None,0.9,5.24,33112000,None,90166000,90166000,-408217000,-963746000,None,None,None,None,None,None,37266000,208675129,None,33031000,33031000,1106000,None,None,1855000,None,None,12060000,78738000,None,None,None,1.722,0.2,11675000,23735000,0.84,2024-06-30,33.0,1724000,4556517000.0,115481000,11403000,642000,24524000,24524000,None,272000,None,None,None,None,None,None,None,-300519000,None,None,None,-0.0284,1448159000,102362000,13119000,5478000,86949000,None,None,None,None,None,None,None,1.651,30.74,7.87,None,None,None,None,None,-395256000,None,-0.0338,None,None,2025-10-30,annual,1.04,USD,post-market,57301000,-757000,-0.0162,-0.153,0.206,20.81,26266000,None,None,11053000,185.05,157.83,23.8095,166110000,108552000,88055000,88055000,57558000,None,148512000,66178000,None,326.0,139.7
2025-12-28,TEAM,-0.7,5460076000.0,None,0.9,5.24,25812000,None,90166000,90166000,-148421000,-1258000,None,None,36381000,None,None,None,37266000,208675129,None,33031000,33031000,1106000,None,None,1855000,None,None,12060000,60923000,None,None,None,1.722,0.2,11675000,23735000,0.84,2023-06-30,33.0,1724000,4556517000.0,115481000,11403000,642000,24524000,24524000,None,272000,None,None,None,None,None,None,None,-486761000,None,None,None,-0.0284,868111000,102362000,13119000,5478000,86949000,None,None,None,None,None,None,None,1.651,30.74,7.87,None,None,None,None,None,-150006000,None,-0.0338,None,None,2025-10-30,annual,1.04,USD,post-market,57301000,-757000,-0.0162,-0.153,0.206,20.81,26266000,None,None,11053000,185.05,157.83,23.8095,166110000,108552000,88055000,88055000,57558000,None,148512000,66178000,None,326.0,139.7
2025-12-28,TEAM,-0.7,5460076000.0,None,0.9,5.24,70583000,None,90166000,90166000,-399280000,36516000,None,None,-31741000,None,None,None,37266000,208675129,None,33031000,33031000,1106000,None,None,1855000,None,None,12060000,51739000,0,0,None,1.722,0.2,11675000,23735000,0.84,2022-06-30,33.0,1724000,4556517000.0,115481000,11403000,642000,24524000,24524000,None,272000,None,None,None,None,None,None,None,-68859000,None,None,None,-0.0284,821044000,102362000,13119000,5478000,86949000,None,None,None,None,None,None,None,1.651,30.74,7.87,None,None,None,None,None,0,None,-0.0338,None,None,2025-10-30,annual,1.04,USD,post-market,57301000,-757000,-0.0162,-0.153,0.206,20.81,26266000,None,None,11053000,185.05,157.83,23.8095,166110000,108552000,88055000,88055000,57558000,None,148512000,66178000,None,326.0,139.7
2025-12-28,TEAM,-0.7,5460076000.0,None,0.9,5.24,31520000,None,90166000,90166000,-1648307000,256644000,None,None,-13054000,None,None,None,37266000,208675129,None,33031000,33031000,1106000,None,None,1855000,None,None,12060000,92848000,0,0,None,1.722,0.2,11675000,23735000,0.84,2021-06-30,33.0,1724000,4556517000.0,115481000,11403000,642000,24524000,24524000,None,272000,None,None,None,None,None,None,None,-696315000,None,None,None,-0.0284,834832000,102362000,13119000,5478000,86949000,None,None,None,None,None,None,None,1.651,30.74,7.87,None,None,None,None,None,0,None,-0.0338,None,None,2025-10-30,annual,1.04,USD,post-market,57301000,-757000,-0.0162,-0.153,0.206,20.81,26266000,None,None,11053000,185.05,157.83,23.8095,166110000,108552000,88055000,88055000,57558000,None,148512000,66178000,None,326.0,139.7
2025-12-28,TEAM,-0.7,5460076000.0,None,0.9,5.24,35709000,None,90166000,90166000,-42575000,-318931000,None,None,-10608000,None,None,None,37266000,208675129,None,33031000,33031000,1106000,None,None,1855000,None,None,12060000,97398000,0,0,None,1.722,0.2,11675000,23735000,0.84,2020-06-30,33.0,1724000,4556517000.0,115481000,11403000,642000,24524000,24524000,None,272000,None,None,None,None,None,None,None,-346209000,None,None,None,-0.0284,574210000,102362000,13119000,5478000,86949000,None,None,None,None,None,None,None,1.651,30.74,7.87,None,None,None,None,None,1802000,None,-0.0338,None,None,2025-10-30,annual,1.04,USD,post-market,57301000,-757000,-0.0162,-0.153,0.206,20.81,26266000,None,None,11053000,185.05,157.83,23.8095,166110000,108552000,88055000,88055000,57558000,None,148512000,66178000,None,326.0,139.7
2025-12-28,TEAM,-0.7,5460076000.0,None,0.9,5.24,46302000,None,90166000,90166000,-3187000,-604198000,None,None,1085000,None,None,None,37266000,208675129,None,33031000,33031000,1106000,None,None,1855000,None,None,12060000,70248000,0,0,None,1.722,0.2,11675000,23735000,0.84,2019-06-30,33.0,1724000,4556517000.0,115481000,11403000,642000,24524000,24524000,None,272000,None,None,None,None,None,None,None,-605556000,None,None,None,-0.0284,466342000,102362000,13119000,5478000,86949000,None,None,None,None,None,None,None,1.651,30.74,7.87,None,None,None,None,None,3542000,None,-0.0338,None,None,2025-10-30,annual,1.04,USD,post-market,57301000,-757000,-0.0162,-0.153,0.206,20.81,26266000,None,None,11053000,185.05,157.83,23.8095,166110000,108552000,88055000,88055000,57558000,None,148512000,66178000,None,326.0,139.7
2025-12-28,TEAM,-0.7,5460076000.0,None,0.9,5.24,30209000,None,90166000,90166000,906789000,-51696000,None,None,-7293000,None,None,None,37266000,208675129,None,33031000,33031000,1106000,None,None,1855000,None,None,12060000,79435000,None,None,None,1.722,0.2,11675000,23735000,0.84,2018-06-30,33.0,1724000,4556517000.0,115481000,11403000,642000,24524000,24524000,None,272000,None,None,None,None,None,None,None,-65834000,None,None,None,-0.0284,311456000,102362000,13119000,5478000,86949000,None,None,None,None,None,None,None,1.651,30.74,7.87,None,None,None,None,None,3995000,None,-0.0338,None,None,2025-10-30,annual,1.04,USD,post-market,57301000,-757000,-0.0162,-0.153,0.206,20.81,26266000,None,None,11053000,185.05,157.83,23.8095,166110000,108552000,88055000,88055000,57558000,None,148512000,66178000,None,326.0,139.7
2025-12-28,TEAM,-0.7,5460076000.0,None,0.9,5.24,16054000,None,90166000,90166000,9438000,-224573000,None,None,-5647000,None,None,None,37266000,208675129,None,33031000,33031000,1106000,None,None,1855000,None,None,12060000,61546000,None,None,None,1.722,0.2,11675000,23735000,0.84,2017-06-30,33.0,1724000,4556517000.0,115481000,11403000,642000,24524000,24524000,None,272000,None,None,None,None,None,None,None,-59652000,None,None,None,-0.0284,199381000,102362000,13119000,5478000,86949000,None,None,None,None,None,None,None,1.651,30.74,7.87,None,None,None,None,None,9438000,None,-0.0338,None,None,2025-10-30,annual,1.04,USD,post-market,57301000,-757000,-0.0162,-0.153,0.206,20.81,26266000,None,None,11053000,185.05,157.83,23.8095,166110000,108552000,88055000,88055000,57558000,None,148512000,66178000,None,326.0,139.7
2025-12-28,TEAM,-0.7,5460076000.0,None,0.9,5.24,34213000,None,90166000,90166000,432784000,-489510000,None,None,-4203000,None,None,None,37266000,208675129,None,33031000,33031000,1106000,None,None,1855000,None,None,12060000,21926000,0,0,None,1.722,0.2,11675000,23735000,0.84,2016-06-30,33.0,1724000,4556517000.0,115481000,11403000,642000,24524000,24524000,None,272000,None,None,None,None,None,None,None,-4907000,None,None,None,-0.0284,129542000,102362000,13119000,5478000,86949000,None,None,None,None,None,None,None,1.651,30.74,7.87,None,None,None,None,None,-5395000,None,-0.0338,None,None,2025-10-30,annual,1.04,USD,post-market,57301000,-757000,-0.0162,-0.153,0.206,20.81,26266000,None,None,11053000,185.05,157.83,23.8095,166110000,108552000,88055000,88055000,57558000,None,148512000,66178000,None,326.0,139.7
2025-12-28,TEAM,-0.7,5460076000.0,None,0.9,5.24,32676000,None,90166000,90166000,2338000,-28566000,None,None,None,None,None,None,37266000,208675129,None,33031000,33031000,1106000,None,None,1855000,None,None,12060000,15511000,None,None,None,1.722,0.2,11675000,23735000,0.84,2015-06-30,33.0,1724000,4556517000.0,115481000,11403000,642000,24524000,24524000,None,272000,None,None,None,None,None,None,None,-749000,None,None,None,-0.0284,98221000,102362000,13119000,5478000,86949000,None,None,None,None,None,None,None,1.651,30.74,7.87,None,None,None,None,None,2338000,None,-0.0338,None,None,2025-10-30,annual,1.04,USD,post-market,57301000,-757000,-0.0162,-0.153,0.206,20.81,26266000,None,None,11053000,185.05,157.83,23.8095,166110000,108552000,88055000,88055000,57558000,None,148512000,66178000,None,326.0,139.7
2025-12-28,TEAM,-0.7,5460076000.0,None,0.9,5.24,10259000,None,90166000,90166000,-2571000,-46554000,None,None,-4810000,None,None,None,37266000,208675129,None,33031000,33031000,1106000,None,None,1855000,None,None,12060000,13316000,10000000,10000000,None,1.722,0.2,11675000,23735000,0.84,2014-06-30,33.0,1724000,4556517000.0,115481000,11403000,642000,24524000,24524000,None,272000,None,None,None,None,None,None,None,22228000,None,None,None,-0.0284,75280000,102362000,13119000,5478000,86949000,None,None,None,None,None,None,None,1.651,30.74,7.87,None,None,None,None,None,7429000,None,-0.0338,None,None,2025-10-30,annual,1.04,USD,post-market,57301000,-757000,-0.0162,-0.153,0.206,20.81,26266000,None,None,11053000,185.05,157.83,23.8095,166110000,108552000,88055000,88055000,57558000,None,148512000,66178000,None,326.0,139.7
2025-12-28,TEAM,-0.7,5460076000.0,None,0.9,5.24,7246000,None,90166000,90166000,2841000,-12442000,None,None,None,None,None,None,37266000,208675129,None,33031000,33031000,1106000,None,None,1855000,None,None,12060000,12060000,2201000,2201000,None,1.722,0.2,11675000,23735000,0.84,2013-06-30,33.0,1724000,4556517000.0,115481000,11403000,642000,24524000,24524000,None,272000,None,None,None,None,None,None,None,11403000,None,None,None,-0.0284,54310000,102362000,13119000,5478000,86949000,None,None,None,None,None,None,None,1.651,30.74,7.87,None,None,None,None,None,None,None,-0.0338,None,None,2025-10-30,annual,1.04,USD,post-market,57301000,-757000,-0.0162,-0.153,0.206,20.81,26266000,None,None,11053000,185.05,157.83,23.8095,166110000,108552000,88055000,88055000,57558000,None,148512000,66178000,None,326.0,139.7
