date,symbol,eps,revenue_ttm,pe_ratio,accumulateddepreciationamortizationppe,beta,book_value,capitalexpenditures,capitalleaseobligations,cashandcashequivalentsatcarryingvalue,cashandshortterminvestments,cashflowfromfinancing,cashflowfrominvestment,changeincashandcashequivalents,changeinexchangerate,changeininventory,changeinoperatingassets,changeinoperatingliabilities,changeinreceivables,commonstock,commonstocksharesoutstanding,comprehensiveincomenetoftax,costofgoodsandservicessold,costofrevenue,currentaccountspayable,currentdebt,currentlongtermdebt,currentnetreceivables,deferredrevenue,depreciation,depreciationandamortization,depreciationdepletionandamortization,dividend_per_share,dividend_yield,dividendpayout,dividendpayoutcommonstock,dividendpayoutpreferredstock,earnings_growth_yoy,earnings_surprise,ebit,ebitda,estimated_eps,fiscaldateending,forward_pe,goodwill,gross_profit_ttm,grossprofit,incomebeforetax,incometaxexpense,intangibleassets,intangibleassetsexcludinggoodwill,interestanddebtexpense,interestexpense,interestincome,inventory,investmentincomenet,investments,longtermdebt,longtermdebtnoncurrent,longterminvestments,netincome,netincomefromcontinuingoperations,netinterestincome,noninterestincome,operating_margin_ttm,operatingcashflow,operatingexpenses,operatingincome,othercurrentassets,othercurrentliabilities,othernoncurrentassets,othernoncurrentliabilities,othernonoperatingincome,paymentsforoperatingactivities,paymentsforrepurchaseofcommonstock,paymentsforrepurchaseofequity,paymentsforrepurchaseofpreferredstock,peg_ratio,price_to_book,price_to_sales_ttm,proceedsfromissuanceofcommonstock,proceedsfromissuanceoflongtermdebtandcapitalsecuritiesnet,proceedsfromissuanceofpreferredstock,proceedsfromoperatingactivities,proceedsfromrepaymentsofshorttermdebt,proceedsfromrepurchaseofequity,proceedsfromsaleoftreasurystock,profit_margin,profitloss,propertyplantequipment,report_date,report_type,reported_eps,reportedcurrency,reporttime,researchanddevelopment,retainedearnings,return_on_assets_ttm,return_on_equity_ttm,revenue_growth_yoy,revenue_per_share_ttm,sellinggeneralandadministrative,shortlongtermdebttotal,shorttermdebt,shortterminvestments,sma_200,sma_50,surprise_pct,totalassets,totalcurrentassets,totalcurrentliabilities,totalliabilities,totalnoncurrentassets,totalnoncurrentliabilities,totalrevenue,totalshareholderequity,trailing_pe,treasurystock,week_52_high,week_52_low
1996-03-31,TER,,,,,,,,,,,,,,,,,,,,,,,,,,,,,,,,,,,,,,0.01,,,0.31,,,,,,,,,,,,,,,,,,,,,,,,,,,,,,,,,,,,,,,,,,,,,,,,,1996-04-15,,0.32,,pre-market,,,,,,,,,,,,,3.2258,,,,,,,,,,,,
1996-06-30,TER,,,,,,,,,,,,,,,,,,,,,,,,,,,,,,,,,,,,,,-0.01,,,0.26,,,,,,,,,,,,,,,,,,,,,,,,,,,,,,,,,,,,,,,,,,,,,,,,,1996-07-16,,0.25,,pre-market,,,,,,,,,,,,,-3.8462,,,,,,,,,,,,
1996-09-30,TER,,,,,,,,,,,,,,,,,,,,,,,,,,,,,,,,,,,,,,-0.01,,,0.13,,,,,,,,,,,,,,,,,,,,,,,,,,,,,,,,,,,,,,,,,,,,,,,,,1996-10-15,,0.12,,pre-market,,,,,,,,,,,,,-7.6923,,,,,,,,,,,,
1996-12-31,TER,,,,,,,,,,,,,,,,,,,,,,,,,,,,,,,,,,,,,,0.0,,,0.06,,,,,,,,,,,,,,,,,,,,,,,,,,,,,,,,,,,,,,,,,,,,,,,,,1997-01-21,,0.06,,pre-market,,,,,,,,,,,,,0.0,,,,,,,,,,,,
1997-03-31,TER,,,,,,,,,,,,,,,,,,,,,,,,,,,,,,,,,,,,,,0.0,,,0.1,,,,,,,,,,,,,,,,,,,,,,,,,,,,,,,,,,,,,,,,,,,,,,,,,1997-04-15,,0.1,,pre-market,,,,,,,,,,,,,0.0,,,,,,,,,,,,
1997-06-30,TER,,,,,,,,,,,,,,,,,,,,,,,,,,,,,,,,,,,,,,0.0,,,0.17,,,,,,,,,,,,,,,,,,,,,,,,,,,,,,,,,,,,,,,,,,,,,,,,,1997-07-15,,0.17,,pre-market,,,,,,,,,,,,,0.0,,,,,,,,,,,,
1997-09-30,TER,,,,,,,,,,,,,,,,,,,,,,,,,,,,,,,,,,,,,,0.01,,,0.22,,,,,,,,,,,,,,,,,,,,,,,,,,,,,,,,,,,,,,,,,,,,,,,,,1997-10-14,,0.23,,pre-market,,,,,,,,,,,,,4.5455,,,,,,,,,,,,
1997-12-31,TER,,,,,,,,,,,,,,,,,,,,,,,,,,,,,,,,,,,,,,0.01,,,0.26,,,,,,,,,,,,,,,,,,,,,,,,,,,,,,,,,,,,,,,,,,,,,,,,,1998-01-20,,0.27,,pre-market,,,,,,,,,,,,,3.8462,,,,,,,,,,,,
1998-03-31,TER,,,,,,,,,,,,,,,,,,,,,,,,,,,,,,,,,,,,,,0.0,,,0.29,,,,,,,,,,,,,,,,,,,,,,,,,,,,,,,,,,,,,,,,,,,,,,,,,1998-04-14,,0.29,,pre-market,,,,,,,,,,,,,0.0,,,,,,,,,,,,
1998-06-30,TER,,,,,,,,,,,,,,,,,,,,,,,,,,,,,,,,,,,,,,0.0,,,0.23,,,,,,,,,,,,,,,,,,,,,,,,,,,,,,,,,,,,,,,,,,,,,,,,,1998-07-14,,0.23,,pre-market,,,,,,,,,,,,,0.0,,,,,,,,,,,,
1998-09-30,TER,,,,,,,,,,,,,,,,,,,,,,,,,,,,,,,,,,,,,,0.0,,,0.1,,,,,,,,,,,,,,,,,,,,,,,,,,,,,,,,,,,,,,,,,,,,,,,,,1998-10-13,,0.1,,pre-market,,,,,,,,,,,,,0.0,,,,,,,,,,,,
1998-12-31,TER,,,,,,,,,,,,,,,,,,,,,,,,,,,,,,,,,,,,,,0.01,,,0.06,,,,,,,,,,,,,,,,,,,,,,,,,,,,,,,,,,,,,,,,,,,,,,,,,1999-01-19,,0.07,,pre-market,,,,,,,,,,,,,16.6667,,,,,,,,,,,,
1999-03-31,TER,,,,,,,,,,,,,,,,,,,,,,,,,,,,,,,,,,,,,,0.01,,,0.09,,,,,,,,,,,,,,,,,,,,,,,,,,,,,,,,,,,,,,,,,,,,,,,,,1999-04-20,,0.1,,pre-market,,,,,,,,,,,,,11.1111,,,,,,,,,,,,
1999-06-30,TER,,,,,,,,,,,,,,,,,,,,,,,,,,,,,,,,,,,,,,0.01,,,0.19,,,,,,,,,,,,,,,,,,,,,,,,,,,,,,,,,,,,,,,,,,,,,,,,,1999-07-20,,0.2,,pre-market,,,,,,,,,,,,,5.2632,,,,,,,,,,,,
1999-09-30,TER,,,,,,,,,,,,,,,,,,,,,,,,,,,,,,,,,,,,,,0.04,,,0.31,,,,,,,,,,,,,,,,,,,,,,,,,,,,,,,,,,,,,,,,,,,,,,,,,1999-10-19,,0.35,,pre-market,,,,,,,,,,,,,12.9032,,,,,,,,,,,,
1999-12-31,TER,,,,,,,,,,,,,,,,,,,,,,,,,,,,,,,,,,,,,,0.04,,,0.38,,,,,,,,,,,,,,,,,,,,,,,,,,,,,,,,,,,,,,,,,,,,,,,,,2000-01-18,,0.42,,pre-market,,,,,,,,,,,,,10.5263,,,,,,,,,,,,
2000-03-31,TER,,,,,,,,,,,,,,,,,,,,,,,,,,,,,,,,,,,,,,0.08,,,0.52,,,,,,,,,,,,,,,,,,,,,,,,,,,,,,,,,,,,,,,,,,,,,,,,,2000-04-18,,0.6,,pre-market,,,,,,,,,,,,,15.3846,,,,,,,,,,,,
2000-06-30,TER,,,,,,,,,,,,,,,,,,,,,,,,,,,,,,,,,,,,,,0.02,,,0.74,,,,,,,,,,,,,,,,,,,,,,,,,,,,,,,,,,,,,,,,,,,,,,,,,2000-07-18,,0.76,,pre-market,,,,,,,,,,,,,2.7027,,,,,,,,,,,,
2000-09-30,TER,,,,,,,,,,,,,,,,,,,,,,,,,,,,,,,,,,,,,,0.0,,,0.84,,,,,,,,,,,,,,,,,,,,,,,,,,,,,,,,,,,,,,,,,,,,,,,,,2000-10-17,,0.84,,pre-market,,,,,,,,,,,,,0.0,,,,,,,,,,,,
2000-12-31,TER,,,,,,,,,,,,,,,,,,,,,,,,,,,,,,,,,,,,,,0.0,,,0.66,,,,,,,,,,,,,,,,,,,,,,,,,,,,,,,,,,,,,,,,,,,,,,,,,2001-01-16,,0.66,,post-market,,,,,,,,,,,,,0.0,,,,,,,,,,,,
2001-03-31,TER,,,,,,,,,,,,,,,,,,,,,,,,,,,,,,,,,,,,,,0.01,,,0.32,,,,,,,,,,,,,,,,,,,,,,,,,,,,,,,,,,,,,,,,,,,,,,,,,2001-04-17,,0.33,,post-market,,,,,,,,,,,,,3.125,,,,,,,,,,,,
2001-06-30,TER,,,,,,,,,,,,,,,,,,,,,,,,,,,,,,,,,,,,,,-0.01,,,-0.11,,,,,,,,,,,,,,,,,,,,,,,,,,,,,,,,,,,,,,,,,,,,,,,,,2001-07-17,,-0.12,,post-market,,,,,,,,,,,,,-9.0909,,,,,,,,,,,,
2001-09-30,TER,,,,,,,,,,,,,,,,,,,,,,,,,,,,,,,,,,,,,,-0.01,,,-0.3,,,,,,,,,,,,,,,,,,,,,,,,,,,,,,,,,,,,,,,,,,,,,,,,,2001-10-16,,-0.31,,post-market,,,,,,,,,,,,,-3.3333,,,,,,,,,,,,
2001-12-31,TER,,,,,,,,,,,,,,,,,,,,,,,,,,,,,,,,,,,,,,0.0,,,-0.42,,,,,,,,,,,,,,,,,,,,,,,,,,,,,,,,,,,,,,,,,,,,,,,,,2002-01-15,,-0.42,,post-market,,,,,,,,,,,,,0.0,,,,,,,,,,,,
2002-03-31,TER,,,,,,,,,,,,,,,,,,,,,,,,,,,,,,,,,,,,,,0.01,,,-0.41,,,,,,,,,,,,,,,,,,,,,,,,,,,,,,,,,,,,,,,,,,,,,,,,,2002-04-16,,-0.4,,post-market,,,,,,,,,,,,,2.439,,,,,,,,,,,,
2002-06-30,TER,,,,,,,,,,,,,,,,,,,,,,,,,,,,,,,,,,,,,,0.01,,,-0.29,,,,,,,,,,,,,,,,,,,,,,,,,,,,,,,,,,,,,,,,,,,,,,,,,2002-07-16,,-0.28,,post-market,,,,,,,,,,,,,3.4483,,,,,,,,,,,,
2002-09-30,TER,,,,,,,,,,,,,,,,,,,,,,,,,,,,,,,,,,,,,,0.02,,,-0.29,,,,,,,,,,,,,,,,,,,,,,,,,,,,,,,,,,,,,,,,,,,,,,,,,2002-10-15,,-0.27,,post-market,,,,,,,,,,,,,6.8966,,,,,,,,,,,,
2002-12-31,TER,,,,,,,,,,,,,,,,,,,,,,,,,,,,,,,,,,,,,,0.02,,,-0.22,,,,,,,,,,,,,,,,,,,,,,,,,,,,,,,,,,,,,,,,,,,,,,,,,2003-01-14,,-0.2,,post-market,,,,,,,,,,,,,9.0909,,,,,,,,,,,,
2003-03-31,TER,,,,,,,,,,,,,,,,,,,,,,,,,,,,,,,,,,,,,,0.01,,,-0.27,,,,,,,,,,,,,,,,,,,,,,,,,,,,,,,,,,,,,,,,,,,,,,,,,2003-04-15,,-0.26,,post-market,,,,,,,,,,,,,3.7037,,,,,,,,,,,,
2003-06-30,TER,,,,,,,,,,,,,,,,,,,,,,,,,,,,,,,,,,,,,,0.02,,,-0.21,,,,,,,,,,,,,,,,,,,,,,,,,,,,,,,,,,,,,,,,,,,,,,,,,2003-07-15,,-0.19,,post-market,,,,,,,,,,,,,9.5238,,,,,,,,,,,,
2003-09-30,TER,,,,,,,,,,,,,,,,,,,,,,,,,,,,,,,,,,,,,,0.0,,,-0.14,,,,,,,,,,,,,,,,,,,,,,,,,,,,,,,,,,,,,,,,,,,,,,,,,2003-10-14,,-0.14,,post-market,,,,,,,,,,,,,0.0,,,,,,,,,,,,
2003-12-31,TER,,,,,,,,,,,,,,,,,,,,,,,,,,,,,,,,,,,,,,0.0,,,-0.14,,,,,,,,,,,,,,,,,,,,,,,,,,,,,,,,,,,,,,,,,,,,,,,,,2004-01-14,,0.04,,post-market,,,,,,,,,,,,,0.0,,,,,,,,,,,,
2004-03-31,TER,,,,,,,,,,,,,,,,,,,,,,,,,,,,,,,,,,,,,,0.05,,,0.15,,,,,,,,,,,,,,,,,,,,,,,,,,,,,,,,,,,,,,,,,,,,,,,,,2004-04-20,,0.2,,post-market,,,,,,,,,,,,,33.3333,,,,,,,,,,,,
2004-06-30,TER,,,,,,,,,,,,,,,,,,,,,,,,,,,,,,,,,,,,,,0.03,,,0.36,,,,,,,,,,,,,,,,,,,,,,,,,,,,,,,,,,,,,,,,,,,,,,,,,2004-07-20,,0.39,,post-market,,,,,,,,,,,,,8.3333,,,,,,,,,,,,
2004-09-30,TER,,,,,,,,,,,,,,,,,,,,,,,,,,,,,,,,,,,,,,-0.03,,,0.24,,,,,,,,,,,,,,,,,,,,,,,,,,,,,,,,,,,,,,,,,,,,,,,,,2004-10-19,,0.21,,post-market,,,,,,,,,,,,,-12.5,,,,,,,,,,,,
2004-12-31,TER,,,,,,,,,,,,,,,,,,,,,,,,,,,,,,,,,,,,,,0.02,,,0.02,,,,,,,,,,,,,,,,,,,,,,,,,,,,,,,,,,,,,,,,,,,,,,,,,2005-01-18,,0.04,,post-market,,,,,,,,,,,,,100.0,,,,,,,,,,,,
2005-03-31,TER,,,,,,,,,,,,,,,,,,,,,,,,,,,,,,,,,,,,,,-0.02,,,-0.19,,,,,,,,,,,,,,,,,,,,,,,,,,,,,,,,,,,,,,,,,,,,,,,,,2005-04-19,,-0.21,,post-market,,,,,,,,,,,,,-10.5263,,,,,,,,,,,,
2005-06-30,TER,,,,,,,,,,,,,,,,,,,,,,,,,,,,,,,,,,,,,,0.02,,,-0.2,,,,,,,,,,,,,,,,,,,,,,,,,,,,,,,,,,,,,,,,,,,,,,,,,2005-07-19,,-0.18,,post-market,,,,,,,,,,,,,10.0,,,,,,,,,,,,
2005-09-30,TER,,,,,,,,,,,,,,,,,,,,,,,,,,,,,,,,,,,,,,0.1,,,-0.01,,,,,,,,,,,,,,,,,,,,,,,,,,,,,,,,,,,,,,,,,,,,,,,,,2005-10-18,,0.09,,post-market,,,,,,,,,,,,,1000.0,,,,,,,,,,,,
2005-12-31,TER,,,,,,,,,,,,,,,,,,,,,,,,,,,,,,,,,,,,,,0.07,,,0.18,,,,,,,,,,,,,,,,,,,,,,,,,,,,,,,,,,,,,,,,,,,,,,,,,2006-01-17,,0.25,,post-market,,,,,,,,,,,,,38.8889,,,,,,,,,,,,
2006-03-31,TER,,,,,,,,,,,,,,,,,,,,,,,,,,,,,,,,,,,,,,0.04,,,0.21,,,,,,,,,,,,,,,,,,,,,,,,,,,,,,,,,,,,,,,,,,,,,,,,,2006-04-18,,0.25,,post-market,,,,,,,,,,,,,19.0476,,,,,,,,,,,,
2006-06-30,TER,,,,,,,,,,,,,,,,,,,,,,,,,,,,,,,,,,,,,,0.06,,,0.25,,,,,,,,,,,,,,,,,,,,,,,,,,,,,,,,,,,,,,,,,,,,,,,,,2006-07-19,,0.31,,post-market,,,,,,,,,,,,,24.0,,,,,,,,,,,,
2006-09-30,TER,,,,,,,,,,,,,,,,,,,,,,,,,,,,,,,,,,,,,,0.04,,,0.2,,,,,,,,,,,,,,,,,,,,,,,,,,,,,,,,,,,,,,,,,,,,,,,,,2006-10-18,,0.24,,post-market,,,,,,,,,,,,,20.0,,,,,,,,,,,,
2006-12-31,TER,,,,,,,,,,,,,,,,,,,,,,,,,,,,,,,,,,,,,,0.03,,,0.03,,,,,,,,,,,,,,,,,,,,,,,,,,,,,,,,,,,,,,,,,,,,,,,,,2007-01-24,,0.06,,post-market,,,,,,,,,,,,,100.0,,,,,,,,,,,,
2007-03-31,TER,,,,,,,,,,,,,,,,,,,,,,,,,,,,,,,,,,,,,,0.02,,,0.02,,,,,,,,,,,,,,,,,,,,,,,,,,,,,,,,,,,,,,,,,,,,,,,,,2007-04-18,,0.04,,post-market,,,,,,,,,,,,,100.0,,,,,,,,,,,,
2007-06-30,TER,,,,,,,,,,,,,,,,,,,,,,,,,,,,,,,,,,,,,,0.03,,,0.11,,,,,,,,,,,,,,,,,,,,,,,,,,,,,,,,,,,,,,,,,,,,,,,,,2007-07-18,,0.14,,post-market,,,,,,,,,,,,,27.2727,,,,,,,,,,,,
2007-09-30,TER,,,,,,,,,,,,,,,,,,,,,,,,,,,,,,,,,,,,,,-0.01,,,0.18,,,,,,,,,,,,,,,,,,,,,,,,,,,,,,,,,,,,,,,,,,,,,,,,,2007-10-17,,0.17,,post-market,,,,,,,,,,,,,-5.5556,,,,,,,,,,,,
2007-12-31,TER,,,,,,,,,,,,,,,,,,,,,,,,,,,,,,,,,,,,,,0.02,,,0.07,,,,,,,,,,,,,,,,,,,,,,,,,,,,,,,,,,,,,,,,,,,,,,,,,2008-01-23,,0.09,,post-market,,,,,,,,,,,,,28.5714,,,,,,,,,,,,
2008-03-31,TER,,,,,,,,,,,,,,,,,,,,,,,,,,,,,,,,,,,,,,0.01,,,0.11,,,,,,,,,,,,,,,,,,,,,,,,,,,,,,,,,,,,,,,,,,,,,,,,,2008-04-22,,0.12,,post-market,,,,,,,,,,,,,9.0909,,,,,,,,,,,,
2008-06-30,TER,,,,,,,,,,,,,,,,,,,,,,,,,,,,,,,,,,,,,,-0.01,,,0.17,,,,,,,,,,,,,,,,,,,,,,,,,,,,,,,,,,,,,,,,,,,,,,,,,2008-07-23,,0.16,,post-market,,,,,,,,,,,,,-5.8824,,,,,,,,,,,,
2008-09-30,TER,,,,,,,,,,,,,,,,,,,,,,,,,,,,,,,,,,,,,,-0.04,,,0.13,,,,,,,,,,,,,,,,,,,,,,,,,,,,,,,,,,,,,,,,,,,,,,,,,2008-10-22,,0.09,,post-market,,,,,,,,,,,,,-30.7692,,,,,,,,,,,,
2008-12-31,TER,,,,,,,,,,,,,,,,,,,,,,,,,,,,,,,,,,,,,,-0.06,,,-0.13,,,,,,,,,,,,,,,,,,,,,,,,,,,,,,,,,,,,,,,,,,,,,,,,,2009-01-28,,-0.19,,post-market,,,,,,,,,,,,,-46.1538,,,,,,,,,,,,
2009-03-31,TER,,,,,,,,,,,,,,,,,,,,,,,,,,,,,,,,,,,,,,0.02,,,-0.4,,,,,,,,,,,,,,,,,,,,,,,,,,,,,,,,,,,,,,,,,,,,,,,,,2009-04-29,,-0.38,,post-market,,,,,,,,,,,,,5.0,,,,,,,,,,,,
2009-06-30,TER,,,,,,,,,,,,,,,,,,,,,,,,,,,,,,,,,,,,,,0.03,,,-0.24,,,,,,,,,,,,,,,,,,,,,,,,,,,,,,,,,,,,,,,,,,,,,,,,,2009-07-29,,-0.21,,post-market,,,,,,,,,,,,,12.5,,,,,,,,,,,,
2009-09-30,TER,,,,,,,,,,,,,,,,,,,,,,,,,,,,,,,,,,,,,,0.02,,,0.12,,,,,,,,,,,,,,,,,,,,,,,,,,,,,,,,,,,,,,,,,,,,,,,,,2009-10-28,,0.14,,post-market,,,,,,,,,,,,,16.6667,,,,,,,,,,,,
2009-12-31,TER,,,,,,,,,,,,,,,,,,,,,,,,,,,,,,,,,,,,,,0.02,,,0.15,,,,,,,,,,,,,,,,,,,,,,,,,,,,,,,,,,,,,,,,,,,,,,,,,2010-01-27,,0.17,,post-market,,,,,,,,,,,,,13.3333,,,,,,,,,,,,
2010-03-31,TER,,,,,,,,,,,,,,,,,,,,,,,,,,,,,,,,,,,,,,0.1,,,0.23,,,,,,,,,,,,,,,,,,,,,,,,,,,,,,,,,,,,,,,,,,,,,,,,,2010-04-21,,0.33,,post-market,,,,,,,,,,,,,43.4783,,,,,,,,,,,,
2010-06-30,TER,,,,,,,,,,,,,,,,,,,,,,,,,,,,,,,,,,,,,,0.19,,,0.46,,,,,,,,,,,,,,,,,,,,,,,,,,,,,,,,,,,,,,,,,,,,,,,,,2010-07-28,,0.65,,post-market,,,,,,,,,,,,,41.3043,,,,,,,,,,,,
2010-09-30,TER,,,,,,,,,,,,,,,,,,,,,,,,,,,,,,,,,,,,,,-0.01,,,0.79,,,,,,,,,,,,,,,,,,,,,,,,,,,,,,,,,,,,,,,,,,,,,,,,,2010-10-27,,0.78,,post-market,,,,,,,,,,,,,-1.2658,,,,,,,,,,,,
2010-12-31,TER,,,,,,,,,,,,,,,,,,,,,,,,,,,,,,,,,,,,,,0.12,,,0.25,,,,,,,,,,,,,,,,,,,,,,,,,,,,,,,,,,,,,,,,,,,,,,,,,2011-01-26,,0.37,,post-market,,,,,,,,,,,,,48.0,,,,,,,,,,,,
2011-03-31,TER,,,,,,,,,,,,,,,,,,,,,,,,,,,,,,,,,,,,,,0.04,,,0.35,,,,,,,,,,,,,,,,,,,,,,,,,,,,,,,,,,,,,,,,,,,,,,,,,2011-04-27,,0.39,,post-market,,,,,,,,,,,,,11.4286,,,,,,,,,,,,
2011-06-30,TER,,,,,,,,,,,,,,,,,,,,,,,,,,,,,,,,,,,,,,0.11,,,0.39,,,,,,,,,,,,,,,,,,,,,,,,,,,,,,,,,,,,,,,,,,,,,,,,,2011-07-27,,0.5,,post-market,,,,,,,,,,,,,28.2051,,,,,,,,,,,,
2011-09-30,TER,,,,,,,,,,,,,,,,,,,,,,,,,,,,,,,,,,,,,,0.11,,,0.23,,,,,,,,,,,,,,,,,,,,,,,,,,,,,,,,,,,,,,,,,,,,,,,,,2011-10-26,,0.34,,post-market,,,,,,,,,,,,,47.8261,,,,,,,,,,,,
2011-12-31,TER,,,,,,,,,,,,,,,,,,,,,,,,,,,,,,,,,,,,,,0.04,,,0.12,,,,,,,,,,,,,,,,,,,,,,,,,,,,,,,,,,,,,,,,,,,,,,,,,2012-01-25,,0.16,,post-market,,,,,,,,,,,,,33.3333,,,,,,,,,,,,
2012-03-31,TER,,,,,,,,,,,,,,,,,,,,,,,,,,,,,,,,,,,,,,0.02,,,0.28,,,,,,,,,,,,,,,,,,,,,,,,,,,,,,,,,,,,,,,,,,,,,,,,,2012-04-25,,0.3,,post-market,,,,,,,,,,,,,7.1429,,,,,,,,,,,,
2012-06-30,TER,,,,,,,,,,,,,,,,,,,,,,,,,,,,,,,,,,,,,,0.19,,,0.58,,,,,,,,,,,,,,,,,,,,,,,,,,,,,,,,,,,,,,,,,,,,,,,,,2012-07-25,,0.77,,post-market,,,,,,,,,,,,,32.7586,,,,,,,,,,,,
2012-09-30,TER,,,,,,,,,,,,,,,,,,,,,,,,,,,,,,,,,,,,,,0.08,,,0.45,,,,,,,,,,,,,,,,,,,,,,,,,,,,,,,,,,,,,,,,,,,,,,,,,2012-10-24,,0.53,,post-market,,,,,,,,,,,,,17.7778,,,,,,,,,,,,
2012-12-31,TER,,,,,,,,,,,,,,,,,,,,,,,,,,,,,,,,,,,,,,0.06,,,0.01,,,,,,,,,,,,,,,,,,,,,,,,,,,,,,,,,,,,,,,,,,,,,,,,,2013-01-23,,0.07,,post-market,,,,,,,,,,,,,600.0,,,,,,,,,,,,
2013-03-31,TER,,,,,,,,,,,,,,,,,,,,,,,,,,,,,,,,,,,,,,0.06,,,0.03,,,,,,,,,,,,,,,,,,,,,,,,,,,,,,,,,,,,,,,,,,,,,,,,,2013-04-24,,0.09,,post-market,,,,,,,,,,,,,200.0,,,,,,,,,,,,
2013-06-30,TER,,,,,,,,,,,,,,,,,,,,,,,,,,,,,,,,,,,,,,0.11,,,0.32,,,,,,,,,,,,,,,,,,,,,,,,,,,,,,,,,,,,,,,,,,,,,,,,,2013-07-24,,0.43,,post-market,,,,,,,,,,,,,34.375,,,,,,,,,,,,
2013-09-30,TER,,,,,,,,,,,,,,,,,,,,,,,,,,,,,,,,,,,,,,0.02,,,0.44,,,,,,,,,,,,,,,,,,,,,,,,,,,,,,,,,,,,,,,,,,,,,,,,,2013-10-23,,0.46,,post-market,,,,,,,,,,,,,4.5455,,,,,,,,,,,,
2013-12-31,TER,,,,,,,,,,,,,,,,,,,,,,,,,,,,,,,,,,,,,,0.03,,,0.04,,,,,,,,,,,,,,,,,,,,,,,,,,,,,,,,,,,,,,,,,,,,,,,,,2014-01-22,,0.07,,post-market,,,,,,,,,,,,,75.0,,,,,,,,,,,,
2014-03-31,TER,,,,,,,,,,,,,,,,,,,,,,,,,,,,,,,,,,,,,,0.05,,,0.06,,,,,,,,,,,,,,,,,,,,,,,,,,,,,,,,,,,,,,,,,,,,,,,,,2014-04-23,,0.11,,post-market,,,,,,,,,,,,,83.3333,,,,,,,,,,,,
2014-06-30,TER,,,,,,,,,,,,,,,,,,,,,,,,,,,,,,,,,,,,,,0.13,,,0.41,,,,,,,,,,,,,,,,,,,,,,,,,,,,,,,,,,,,,,,,,,,,,,,,,2014-07-23,,0.54,,post-market,,,,,,,,,,,,,31.7073,,,,,,,,,,,,
2014-09-30,TER,,,,,,,,,,,,,,,,,,,,,,,,,,,,,,,,,,,,,,0.04,,,0.4,,,,,,,,,,,,,,,,,,,,,,,,,,,,,,,,,,,,,,,,,,,,,,,,,2014-10-22,,0.44,,post-market,,,,,,,,,,,,,10.0,,,,,,,,,,,,
2014-12-31,TER,,,,,,,,,,,,,,,,,,,,,,,,,,,,,,,,,,,,,,0.02,,,0.12,,,,,,,,,,,,,,,,,,,,,,,,,,,,,,,,,,,,,,,,,,,,,,,,,2015-01-28,,0.14,,post-market,,,,,,,,,,,,,16.6667,,,,,,,,,,,,
2015-03-31,TER,,,,,,,,,,,,,,,,,,,,,,,,,,,,,,,,,,,,,,0.05,,,0.12,,,,,,,,,,,,,,,,,,,,,,,,,,,,,,,,,,,,,,,,,,,,,,,,,2015-04-30,,0.17,,post-market,,,,,,,,,,,,,41.6667,,,,,,,,,,,,
2015-06-30,TER,,,,,,,,,,,,,,,,,,,,,,,,,,,,,,,,,,,,,,0.08,,,0.45,,,,,,,,,,,,,,,,,,,,,,,,,,,,,,,,,,,,,,,,,,,,,,,,,2015-07-29,,0.53,,post-market,,,,,,,,,,,,,17.7778,,,,,,,,,,,,
2015-09-30,TER,,,,,,,,,,,,,,,,,,,,,,,,,,,,,,,,,,,,,,0.02,,,0.38,,,,,,,,,,,,,,,,,,,,,,,,,,,,,,,,,,,,,,,,,,,,,,,,,2015-10-27,,0.4,,post-market,,,,,,,,,,,,,5.2632,,,,,,,,,,,,
2015-12-31,TER,,,,,,,,,,,,,,,,,,,,,,,,,,,,,,,,,,,,,,0.03,,,0.1,,,,,,,,,,,,,,,,,,,,,,,,,,,,,,,,,,,,,,,,,,,,,,,,,2016-01-27,,0.13,,post-market,,,,,,,,,,,,,30.0,,,,,,,,,,,,
2016-03-31,TER,,,,,,,,,,,,,,,,,,,,,,,,,,,,,,,,,,,,,,0.04,,,0.27,,,,,,,,,,,,,,,,,,,,,,,,,,,,,,,,,,,,,,,,,,,,,,,,,2016-04-27,,0.31,,post-market,,,,,,,,,,,,,14.8148,,,,,,,,,,,,
2016-06-30,TER,,,,,,,,,,,,,,,,,,,,,,,,,,,,,,,,,,,,,,0.05,,,0.5,,,,,,,,,,,,,,,,,,,,,,,,,,,,,,,,,,,,,,,,,,,,,,,,,2016-07-27,,0.55,,post-market,,,,,,,,,,,,,10.0,,,,,,,,,,,,
2016-09-30,TER,,,,,,,,,,,,,,,,,,,,,,,,,,,,,,,,,,,,,,0.06,,,0.27,,,,,,,,,,,,,,,,,,,,,,,,,,,,,,,,,,,,,,,,,,,,,,,,,2016-10-26,,0.33,,post-market,,,,,,,,,,,,,22.2222,,,,,,,,,,,,
2016-12-31,TER,,,,,,,,,,,,,,,,,,,,,,,,,,,,,,,,,,,,,,0.1,,,0.22,,,,,,,,,,,,,,,,,,,,,,,,,,,,,,,,,,,,,,,,,,,,,,,,,2017-01-25,,0.32,,post-market,,,,,,,,,,,,,45.4545,,,,,,,,,,,,
2017-03-31,TER,,,,,,,,,,,,,,,,,,,,,,,,,,,,,,,,,,,,,,0.06,,,0.38,,,,,,,,,,,,,,,,,,,,,,,,,,,,,,,,,,,,,,,,,,,,,,,,,2017-04-26,,0.44,,post-market,,,,,,,,,,,,,15.7895,,,,,,,,,,,,
2017-06-30,TER,,,,,,,,,,,,,,,,,,,,,,,,,,,,,,,,,,,,,,0.04,,,0.86,,,,,,,,,,,,,,,,,,,,,,,,,,,,,,,,,,,,,,,,,,,,,,,,,2017-07-26,,0.9,,post-market,,,,,,,,,,,,,4.6512,,,,,,,,,,,,
2017-09-30,TER,,,,,,,,,,,,,,,,,,,,,,,,,,,,,,,,,,,,,,0.11,,,0.43,,,,,,,,,,,,,,,,,,,,,,,,,,,,,,,,,,,,,,,,,,,,,,,,,2017-10-25,,0.54,,post-market,,,,,,,,,,,,,25.5814,,,,,,,,,,,,
2017-12-31,TER,,,,,,,,,,,,,,,,,,,,,,,,,,,,,,,,,,,,,,0.11,,,0.35,,,,,,,,,,,,,,,,,,,,,,,,,,,,,,,,,,,,,,,,,,,,,,,,,2018-01-24,,0.46,,post-market,,,,,,,,,,,,,31.4286,,,,,,,,,,,,
2018-03-31,TER,,,,,,,,,,,,,,,,,,,,,,,,,,,,,,,,,,,,,,0.03,,,0.42,,,,,,,,,,,,,,,,,,,,,,,,,,,,,,,,,,,,,,,,,,,,,,,,,2018-04-24,,0.45,,post-market,,,,,,,,,,,,,7.1429,,,,,,,,,,,,
2018-06-30,TER,,,,,,,,,,,,,,,,,,,,,,,,,,,,,,,,,,,,,,0.1,,,0.49,,,,,,,,,,,,,,,,,,,,,,,,,,,,,,,,,,,,,,,,,,,,,,,,,2018-07-24,,0.59,,post-market,,,,,,,,,,,,,20.4082,,,,,,,,,,,,
2018-09-30,TER,,,,,,,,,,,,,,,,,,,,,,,,,,,,,,,,,,,,,,0.08,,,0.63,,,,,,,,,,,,,,,,,,,,,,,,,,,,,,,,,,,,,,,,,,,,,,,,,2018-10-23,,0.71,,post-market,,,,,,,,,,,,,12.6984,,,,,,,,,,,,
2018-12-31,TER,,,,,,,,,,,,,,,,,,,,,,,,,,,,,,,,,,,,,,0.12,,,0.51,,,,,,,,,,,,,,,,,,,,,,,,,,,,,,,,,,,,,,,,,,,,,,,,,2019-01-23,,0.63,,post-market,,,,,,,,,,,,,23.5294,,,,,,,,,,,,
2019-03-31,TER,,,,,,,,,,,,,,,,,,,,,,,,,,,,,,,,,,,,,,0.1,,,0.44,,,,,,,,,,,,,,,,,,,,,,,,,,,,,,,,,,,,,,,,,,,,,,,,,2019-04-23,,0.54,,post-market,,,,,,,,,,,,,22.7273,,,,,,,,,,,,
2019-06-30,TER,,,,,,,,,,,,,,,,,,,,,,,,,,,,,,,,,,,,,,0.04,,,0.62,,,,,,,,,,,,,,,,,,,,,,,,,,,,,,,,,,,,,,,,,,,,,,,,,2019-07-23,,0.66,,post-market,,,,,,,,,,,,,6.4516,,,,,,,,,,,,
2019-09-30,TER,,,,,,,,,,,,,,,,,,,,,,,,,,,,,,,,,,,,,,0.07,,,0.7,,,,,,,,,,,,,,,,,,,,,,,,,,,,,,,,,,,,,,,,,,,,,,,,,2019-10-22,,0.77,,post-market,,,,,,,,,,,,,10.0,,,,,,,,,,,,
2019-12-31,TER,,,,,,,,,,,,,,,,,,,,,,,,,,,,,,,,,,,,,,0.09,,,0.79,,,,,,,,,,,,,,,,,,,,,,,,,,,,,,,,,,,,,,,,,,,,,,,,,2020-01-22,,0.88,,post-market,,,,,,,,,,,,,11.3924,,,,,,,,,,,,
2020-03-31,TER,,,,,,,,,,,,,,,,,,,,,,,,,,,,,,,,,,,,,,0.13,,,0.87,,,,,,,,,,,,,,,,,,,,,,,,,,,,,,,,,,,,,,,,,,,,,,,,,2020-04-21,,1.0,,post-market,,,,,,,,,,,,,14.9425,,,,,,,,,,,,
2020-06-30,TER,,,,,,,,,,,,,,,,,,,,,,,,,,,,,,,,,,,,,,0.3,,,1.03,,,,,,,,,,,,,,,,,,,,,,,,,,,,,,,,,,,,,,,,,,,,,,,,,2020-07-21,,1.33,,post-market,,,,,,,,,,,,,29.1262,,,,,,,,,,,,
2020-09-30,TER,,,,,,,,,,,,,,,,,,,,,,,,,,,,,,,,,,,,,,0.06,,,1.12,,,,,,,,,,,,,,,,,,,,,,,,,,,,,,,,,,,,,,,,,,,,,,,,,2020-10-20,,1.18,,post-market,,,,,,,,,,,,,5.3571,,,,,,,,,,,,
2020-12-31,TER,,,,,,,,,,,,,,,,,,,,,,,,,,,,,,,,,,,,,,0.09,,,1.01,,,,,,,,,,,,,,,,,,,,,,,,,,,,,,,,,,,,,,,,,,,,,,,,,2021-01-27,,1.1,,post-market,,,,,,,,,,,,,8.9109,,,,,,,,,,,,
2021-03-31,TER,,,,,,,,,,,,,,,,,,,,,,,,,,,,,,,,,,,,,,0.06,,,1.05,,,,,,,,,,,,,,,,,,,,,,,,,,,,,,,,,,,,,,,,,,,,,,,,,2021-04-27,,1.11,,post-market,,,,,,,,,,,,,5.7143,,,,,,,,,,,,
2021-06-30,TER,,,,,,,,,,,,,,,,,,,,,,,,,,,,,,,,,,,,,,0.16,,,1.75,,,,,,,,,,,,,,,,,,,,,,,,,,,,,,,,,,,,,,,,,,,,,,,,,2021-07-27,,1.91,,post-market,,,,,,,,,,,,,9.1429,,,,,,,,,,,,
2021-09-30,TER,,,,,,,,,,,,,,,,,,,,,,,,,,,,,,,,,,,,,,0.15,,,1.44,,,,,,,,,,,,,,,,,,,,,,,,,,,,,,,,,,,,,,,,,,,,,,,,,2021-10-26,,1.59,,post-market,,,,,,,,,,,,,10.4167,,,,,,,,,,,,
2021-12-31,TER,,,,,,,,,,,,,,,,,,,,,,,,,,,,,,,,,,,,,,0.08,,,1.29,,,,,,,,,,,,,,,,,,,,,,,,,,,,,,,,,,,,,,,,,,,,,,,,,2022-01-26,,1.37,,post-market,,,,,,,,,,,,,6.2016,,,,,,,,,,,,
2022-03-31,TER,,,,,,,,,,,,,,,,,,,,,,,,,,,,,,,,,,,,,,0.09,,,0.89,,,,,,,,,,,,,,,,,,,,,,,,,,,,,,,,,,,,,,,,,,,,,,,,,2022-04-26,,0.98,,post-market,,,,,,,,,,,,,10.1124,,,,,,,,,,,,
2022-06-30,TER,,,,,,,,,,,,,,,,,,,,,,,,,,,,,,,,,,,,,,0.07,,,1.14,,,,,,,,,,,,,,,,,,,,,,,,,,,,,,,,,,,,,,,,,,,,,,,,,2022-07-26,,1.21,,post-market,,,,,,,,,,,,,6.1404,,,,,,,,,,,,
2022-09-30,TER,,,,,,,,,,,,,,,,,,,,,,,,,,,,,,,,,,,,,,0.11,,,1.04,,,,,,,,,,,,,,,,,,,,,,,,,,,,,,,,,,,,,,,,,,,,,,,,,2022-10-25,,1.15,,post-market,,,,,,,,,,,,,10.5769,,,,,,,,,,,,
2022-12-31,TER,,,,,,,,,,,,,,,,,,,,,,,,,,,,,,,,,,,,,,0.17,,,0.75,,,,,,,,,,,,,,,,,,,,,,,,,,,,,,,,,,,,,,,,,,,,,,,,,2023-01-25,,0.92,,post-market,,,,,,,,,,,,,22.6667,,,,,,,,,,,,
2023-03-31,TER,,,,,,,,,,,,,,,,,,,,,,,,,,,,,,,,,,,,,,0.11,,,0.44,,,,,,,,,,,,,,,,,,,,,,,,,,,,,,,,,,,,,,,,,,,,,,,,,2023-04-26,,0.55,,post-market,,,,,,,,,,,,,25.0,,,,,,,,,,,,
2023-06-30,TER,,,,,,,,,,,,,,,,,,,,,,,,,,,,,,,,,,,,,,0.13,,,0.66,,,,,,,,,,,,,,,,,,,,,,,,,,,,,,,,,,,,,,,,,,,,,,,,,2023-07-26,,0.79,,post-market,,,,,,,,,,,,,19.697,,,,,,,,,,,,
2023-09-30,TER,,,,,,,,,,,,,,,,,,,,,,,,,,,,,,,,,,,,,,0.07,,,0.73,,,,,,,,,,,,,,,,,,,,,,,,,,,,,,,,,,,,,,,,,,,,,,,,,2023-10-26,,0.8,,pre-market,,,,,,,,,,,,,9.589,,,,,,,,,,,,
2023-12-31,TER,,,,,,,,,,,,,,,,,,,,,,,,,,,,,,,,,,,,,,0.07,,,0.72,,,,,,,,,,,,,,,,,,,,,,,,,,,,,,,,,,,,,,,,,,,,,,,,,2024-01-30,,0.79,,post-market,,,,,,,,,,,,,9.7222,,,,,,,,,,,,
2024-03-31,TER,,,,,,,,,,,,,,,,,,,,,,,,,,,,,,,,,,,,,,0.18,,,0.33,,,,,,,,,,,,,,,,,,,,,,,,,,,,,,,,,,,,,,,,,,,,,,,,,2024-04-24,,0.51,,post-market,,,,,,,,,,,,,54.5455,,,,,,,,,,,,
2024-06-30,TER,,,,,,,,,,,,,,,,,,,,,,,,,,,,,,,,,,,,,,0.09,,,0.77,,,,,,,,,,,,,,,,,,,,,,,,,,,,,,,,,,,,,,,,,,,,,,,,,2024-07-24,,0.86,,post-market,,,,,,,,,,,,,11.6883,,,,,,,,,,,,
2024-09-30,TER,,,,,,,,,,,,,,,,,,,,,,,,,,,,,,,,,,,,,,0.11,,,0.79,,,,,,,,,,,,,,,,,,,,,,,,,,,,,,,,,,,,,,,,,,,,,,,,,2024-10-23,,0.9,,post-market,,,,,,,,,,,,,13.9241,,,,,,,,,,,,
2024-12-31,TER,,,,,,,,,,,,,,,,,,,,,,,,,,,,,,,,,,,,,,0.04,,,0.91,,,,,,,,,,,,,,,,,,,,,,,,,,,,,,,,,,,,,,,,,,,,,,,,,2025-01-29,,0.95,,post-market,,,,,,,,,,,,,4.3956,,,,,,,,,,,,
2025-03-31,TER,,,,,,,,,,,,,,,,,,,,,,,,,,,,,,,,,,,,,,0.13,,,0.62,,,,,,,,,,,,,,,,,,,,,,,,,,,,,,,,,,,,,,,,,,,,,,,,,2025-04-28,,0.75,,post-market,,,,,,,,,,,,,20.9677,,,,,,,,,,,,
2025-06-30,TER,,,,,,,,,,,,,,,,,,,,,,,,,,,,,,,,,,,,,,0.03,,,0.54,,,,,,,,,,,,,,,,,,,,,,,,,,,,,,,,,,,,,,,,,,,,,,,,,2025-07-29,,0.57,,post-market,,,,,,,,,,,,,5.5556,,,,,,,,,,,,
2025-09-30,TER,,,,,,,,,,,,,,,,,,,,,,,,,,,,,,,,,,,,,,0.06,,,0.79,,,,,,,,,,,,,,,,,,,,,,,,,,,,,,,,,,,,,,,,,,,,,,,,,2025-10-28,,0.85,,post-market,,,,,,,,,,,,,7.5949,,,,,,,,,,,,
2025-12-28,TER,2.74,2859571000.0,72.59,,1.848,17.28,,,,,,,,,,,,,,,,,,,,,,,,,,0.48,0.0024,,,,-0.157,0.06,,,0.79,,37.59,,1684943000.0,,,,,,,,,,,,,,,,,,,0.189,,,,,,,,,,,,,1.676,11.44,11.06,,,,,,,,0.155,,,2025-10-28,,0.85,,post-market,,,0.0833,0.158,0.043,17.8,,,,,116.81,175.54,7.5949,,,,,,,,,72.59,,205.0,65.55
2025-12-28,TER,2.74,2859571000.0,72.59,,1.848,17.28,,,,,,,,,,,,,,,None,319904000,319904000,,,,,,None,30163000,,0.48,0.0024,,,,-0.157,0.06,145699000,175862000,0.79,2025-09-30,37.59,,1684943000.0,449306000,142902000,23344000,,,None,2797000,3191000,,None,,,,,119558000,119558000,1882000,None,0.189,,304003000,145303000,,,,,None,,,,,1.676,11.44,11.06,,,,,,,,0.155,,,2025-10-28,quarterly,0.85,USD,post-market,124760000,,0.0833,0.158,0.043,17.8,169144000,,,,116.81,175.54,7.5949,,,,,,,769210000,,72.59,,205.0,65.55
2025-12-28,TER,2.74,2859571000.0,72.59,,1.848,17.28,,,,,,,,,,,,,,,None,278785000,278785000,,,,,,None,31389000,,0.48,0.0024,,,,-0.157,0.06,97364000,128753000,0.79,2025-06-30,37.59,,1684943000.0,373012000,96559000,18187000,,,None,805000,4351000,,None,,,,,78372000,78372000,3546000,None,0.189,,282269000,90743000,,,,,None,,,,,1.676,11.44,11.06,,,,,,,,0.155,,,2025-10-28,quarterly,0.85,USD,post-market,118382000,,0.0833,0.158,0.043,17.8,157782000,,,,116.81,175.54,7.5949,,,,,,,651797000,,72.59,,205.0,65.55
2025-12-28,TER,2.74,2859571000.0,72.59,,1.848,17.28,,,,,,,,,,,,,,,None,270344000,270344000,,,,,,None,30302000,,0.48,0.0024,,,,-0.157,0.06,119819000,150121000,0.79,2025-03-31,37.59,,1684943000.0,415336000,113440000,14544000,,,None,795000,5076000,,None,,,,,98896000,98896000,4281000,None,0.189,,294533000,120803000,,,,,None,,,,,1.676,11.44,11.06,,,,,,,,0.155,,,2025-10-28,quarterly,0.85,USD,post-market,118188000,,0.0833,0.158,0.043,17.8,157257000,,,,116.81,175.54,7.5949,,,,,,,685680000,,72.59,,205.0,65.55
2025-12-28,TER,2.74,2859571000.0,72.59,,1.848,17.28,,,,,,,,,,,,,,,None,305596000,305596000,,,,,,None,31128000,,0.48,0.0024,,,,-0.157,0.06,158386000,189514000,0.79,2024-12-31,37.59,,1684943000.0,447288000,151661000,5408000,,,None,589000,5114000,,None,,,,,146253000,146253000,4525000,None,0.189,,293703000,153585000,,,,,None,,,,,1.676,11.44,11.06,,,,,,,,0.155,,,2025-10-28,quarterly,0.85,USD,post-market,128387000,,0.0833,0.158,0.043,17.8,155740000,,,,116.81,175.54,7.5949,,,,,,,752884000,,72.59,,205.0,65.55
2025-12-28,TER,2.74,2859571000.0,72.59,,1.848,17.28,,,,,,,,,,,,,,,None,300784000,300784000,,,,,,None,30289000,,0.48,0.0024,,,,-0.157,0.06,159792000,190081000,0.79,2024-09-30,37.59,,1684943000.0,436514000,157909000,12260000,,,None,808000,5076000,,None,,,,,145649000,145649000,4268000,None,0.189,,284449000,152065000,,,,,None,,,,,1.676,11.44,11.06,,,,,,,,0.155,,,2025-10-28,quarterly,0.85,USD,post-market,117474000,,0.0833,0.158,0.043,17.8,157649000,,,,116.81,175.54,7.5949,,,,,,,737298000,,72.59,,205.0,65.55
2025-12-28,TER,2.74,2859571000.0,72.59,,1.848,17.28,,,,,,,,,,,,,,,None,304035000,304035000,,,,,,None,30204000,,0.48,0.0024,,,,-0.157,0.06,220933000,251137000,0.79,2024-06-30,37.59,,1684943000.0,425844000,219403000,33130000,,,None,1530000,6715000,,None,,,,,186273000,186273000,5185000,None,0.189,,215476000,210368000,,,,,None,,,,,1.676,11.44,11.06,,,,,,,,0.155,,,2025-10-28,quarterly,0.85,USD,post-market,111816000,,0.0833,0.158,0.043,17.8,154470000,,,,116.81,175.54,7.5949,,,,,,,729879000,,72.59,,205.0,65.55
2025-12-28,TER,2.74,2859571000.0,72.59,,1.848,17.28,,,,,,,,,,,,,,,None,260537000,260537000,,,,,,None,28120000,,0.48,0.0024,,,,-0.157,0.06,73563000,101683000,0.79,2024-03-31,37.59,,1684943000.0,339282000,72902000,8705000,,,None,661000,7867000,,None,,,,,64197000,64197000,7206000,None,0.189,,261511000,77771000,,,,,None,,,,,1.676,11.44,11.06,,,,,,,,0.155,,,2025-10-28,quarterly,0.85,USD,post-market,103199000,,0.0833,0.158,0.043,17.8,149188000,,,,116.81,175.54,7.5949,,,,,,,599819000,,72.59,,205.0,65.55
2025-12-28,TER,2.74,2859571000.0,72.59,,1.848,17.28,,,,,,,,,,,,,,,None,291055000,291055000,,,,,,None,27945000,,0.48,0.0024,,,,-0.157,0.06,140617000,168562000,0.79,2023-12-31,37.59,,1684943000.0,379544000,139805000,22751000,,,None,812000,26030000,,None,,,,,117054000,265267000,23003000,None,0.189,,255221000,124323000,,,,,None,,,,,1.676,11.44,11.06,,,,,,,,0.155,,,2025-10-28,quarterly,0.85,USD,post-market,102208000,,0.0833,0.158,0.043,17.8,441683000,,,,116.81,175.54,7.5949,,,,,,,670599000,,72.59,,205.0,65.55
2025-12-28,TER,2.74,2859571000.0,72.59,,1.848,17.28,,,,,,,,,,,,,,,None,305441000,305441000,,,,,,None,28130000,,0.48,0.0024,,,,-0.157,0.06,145243000,173373000,0.79,2023-09-30,37.59,,1684943000.0,398291000,144280000,16164000,,,None,963000,6873000,,None,,,,,128116000,128116000,308000,None,0.189,,254319000,143972000,,,,,None,,,,,1.676,11.44,11.06,,,,,,,,0.155,,,2025-10-28,quarterly,0.85,USD,post-market,104413000,,0.0833,0.158,0.043,17.8,138330000,,,,116.81,175.54,7.5949,,,,,,,703732000,,72.59,,205.0,65.55
2025-12-28,TER,2.74,2859571000.0,72.59,,1.848,17.28,,,,,,,,,,,,,,,None,281945000,281945000,,,,,,None,27205000,,0.48,0.0024,,,,-0.157,0.06,145447000,172652000,0.79,2023-06-30,37.59,,1684943000.0,402492000,144402000,24352000,,,None,1045000,6354000,,None,,,,,120050000,120050000,4494000,None,0.189,,262584000,139908000,,,,,None,,,,,1.676,11.44,11.06,,,,,,,,0.155,,,2025-10-28,quarterly,0.85,USD,post-market,105706000,,0.0833,0.158,0.043,17.8,145695000,,,,116.81,175.54,7.5949,,,,,,,684437000,,72.59,,205.0,65.55
2025-12-28,TER,2.74,2859571000.0,72.59,,1.848,17.28,,,,,,,,,,,,,,,None,261109000,261109000,,,,,,None,27606000,,0.48,0.0024,,,,-0.157,0.06,98071000,125677000,0.79,2023-03-31,37.59,,1684943000.0,356420000,97084000,13553000,,,None,987000,5258000,,None,,,,,83531000,83531000,4220000,None,0.189,,263556000,92864000,,,,,5207000,,,,,1.676,11.44,11.06,,,,,,,,0.155,,,2025-10-28,quarterly,0.85,USD,post-market,105762000,,0.0833,0.158,0.043,17.8,150955000,,,,116.81,175.54,7.5949,,,,,,,617529000,,72.59,,205.0,65.55
2025-12-28,TER,2.74,2859571000.0,72.59,,1.848,17.28,,,,,,,,,,,,,,,None,311386000,311386000,,,,,,None,27761000,,0.48,0.0024,,,,-0.157,0.06,196252000,224013000,0.79,2022-12-31,37.59,,1684943000.0,420450000,195237000,22936000,,,None,1015000,28651000,,None,,,,,172301000,172301000,28651000,None,0.189,,253863000,166587000,,,,,29665000,,,,,1.676,11.44,11.06,,,,,,,,0.155,,,2025-10-28,quarterly,0.85,USD,post-market,108810000,,0.0833,0.158,0.043,17.8,142753000,,,,116.81,175.54,7.5949,,,,,,,731836000,,72.59,,205.0,65.55
2025-12-28,TER,2.74,2859571000.0,72.59,,1.848,17.28,,,,,,,,,,,,,,,None,341694000,341694000,,,,,,None,28359000,,0.48,0.0024,,,,-0.157,0.06,226976000,255335000,0.79,2022-09-30,37.59,,1684943000.0,485379000,226197000,42712000,,,None,779000,1318000,,None,,,,,183485000,183485000,-5310000,None,0.189,,253872000,231507000,,,,,-4531000,,,,,1.676,11.44,11.06,,,,,,,,0.155,,,2025-10-28,quarterly,0.85,USD,post-market,111715000,,0.0833,0.158,0.043,17.8,135632000,,,,116.81,175.54,7.5949,,,,,,,827073000,,72.59,,205.0,65.55
2025-12-28,TER,2.74,2859571000.0,72.59,,1.848,17.28,,,,,,,,,,,,,,,None,334377000,334377000,,,,,,None,26819000,,0.48,0.0024,,,,-0.157,0.06,239505000,266324000,0.79,2022-06-30,37.59,,1684943000.0,506389000,238592000,40805000,,,None,913000,951000,,None,,,,,197787000,197787000,-9398000,None,0.189,,258399000,247990000,,,,,-8485000,,,,,1.676,11.44,11.06,,,,,,,,0.155,,,2025-10-28,quarterly,0.85,USD,post-market,111951000,,0.0833,0.158,0.043,17.8,139533000,,,,116.81,175.54,7.5949,,,,,,,840766000,,72.59,,205.0,65.55
2025-12-28,TER,2.74,2859571000.0,72.59,,1.848,17.28,,,,,,,,,,,,,,,None,300437000,300437000,,,,,,None,27736000,,0.48,0.0024,,,,-0.157,0.06,181371000,209107000,0.79,2022-03-31,37.59,,1684943000.0,454933000,180359000,18431000,,,None,1012000,703000,,None,,,,,161928000,161928000,-5496000,None,0.189,,269078000,185855000,,,,,-4484000,,,,,1.676,11.44,11.06,,,,,,,,0.155,,,2025-10-28,quarterly,0.85,USD,post-market,108116000,,0.0833,0.158,0.043,17.8,140185000,,,,116.81,175.54,7.5949,,,,,,,755370000,,72.59,,205.0,65.55
2025-12-28,TER,2.74,2859571000.0,72.59,,1.848,17.28,,,,,,,,,,,,,,,None,357998000,357998000,,,,,,None,29993000,,0.48,0.0024,,,,-0.157,0.06,257647000,287640000,0.79,2021-12-31,37.59,,1684943000.0,527048000,255181000,31141000,,,None,2466000,561000,,None,,,,,224040000,230284000,-1256000,None,0.189,,270613000,256435000,,,,,-1805000,,,,,1.676,11.44,11.06,,,,,,,,0.155,,,2025-10-28,quarterly,0.85,USD,post-market,109965000,,0.0833,0.158,0.043,17.8,142747000,,,,116.81,175.54,7.5949,,,,,,,885046000,,72.59,,205.0,65.55
2025-12-28,TER,2.74,2859571000.0,72.59,,1.848,17.28,,,,,,,,,,,,,,,None,379500000,379500000,,,,,,None,30301000,,0.48,0.0024,,,,-0.157,0.06,301540000,331841000,0.79,2021-09-30,37.59,,1684943000.0,571001000,297755000,41037000,,,None,3785000,626000,,None,,,,,256718000,256718000,-24645000,None,0.189,,248601000,322400000,,,,,-20860000,,,,,1.676,11.44,11.06,,,,,,,,0.155,,,2025-10-28,quarterly,0.85,USD,post-market,107220000,,0.0833,0.158,0.043,17.8,134829000,,,,116.81,175.54,7.5949,,,,,,,950501000,,72.59,,205.0,65.55
2025-12-28,TER,2.74,2859571000.0,72.59,,1.848,17.28,,,,,,,,,,,,,,,None,438739000,438739000,,,,,,None,31459000,,0.48,0.0024,,,,-0.157,0.06,389592000,421051000,0.79,2021-06-30,37.59,,1684943000.0,646989000,384026000,55707000,,,None,5566000,633000,,None,,,,,328319000,328319000,-4846000,None,0.189,,258117000,388872000,,,,,720000,,,,,1.676,11.44,11.06,,,,,,,,0.155,,,2025-10-28,quarterly,0.85,USD,post-market,110021000,,0.0833,0.158,0.043,17.8,140187000,,,,116.81,175.54,7.5949,,,,,,,1085728000,,72.59,,205.0,65.55
2025-12-28,TER,2.74,2859571000.0,72.59,,1.848,17.28,,,,,,,,,,,,,,,None,319988000,319988000,,,,,,None,33732000,,0.48,0.0024,,,,-0.157,0.06,229997000,263729000,0.79,2021-03-31,37.59,,1684943000.0,461618000,223993000,18481000,,,None,6004000,808000,,None,,,,,205512000,205512000,-9020000,None,0.189,,228605000,233013000,,,,,None,,,,,1.676,11.44,11.06,,,,,,,,0.155,,,2025-10-28,quarterly,0.85,USD,post-market,100402000,,0.0833,0.158,0.043,17.8,129797000,,,,116.81,175.54,7.5949,,,,,,,781606000,,72.59,,205.0,65.55
2025-12-28,TER,2.74,2859571000.0,72.59,,1.848,17.28,,,,,,,,,,,,,,,None,309179000,309179000,,,,,,None,32055000,,0.48,0.0024,,,,-0.157,0.06,229277000,261332000,0.79,2020-12-31,37.59,,1684943000.0,449790000,222926000,26594000,,,None,6351000,793000,,None,,,,,196330000,196330000,-11155000,None,0.189,,215709000,234081000,,,,,-4804000,,,,,1.676,11.44,11.06,,,,,,,,0.155,,,2025-10-28,quarterly,0.85,USD,post-market,100794000,,0.0833,0.158,0.043,17.8,348928000,,,,116.81,175.54,7.5949,,,,,,,758969000,,72.59,,205.0,65.55
2025-12-28,TER,2.74,2859571000.0,72.59,,1.848,17.28,,,,,,,,,,,,,,,None,360556000,360556000,,,,,,None,30149000,,0.48,0.0024,,,,-0.157,0.06,269968000,300117000,0.79,2020-09-30,37.59,,1684943000.0,458928000,263731000,41013000,,,None,6237000,1071000,,None,,,,,222718000,222718000,-5166000,None,0.189,,189267000,269661000,,,,,307000,,,,,1.676,11.44,11.06,,,,,,,,0.155,,,2025-10-28,quarterly,0.85,USD,post-market,94909000,,0.0833,0.158,0.043,17.8,115840000,,,,116.81,175.54,7.5949,,,,,,,819484000,,72.59,,205.0,65.55
2025-12-28,TER,2.74,2859571000.0,72.59,,1.848,17.28,,,,,,,,,,,,,,,None,367188000,367188000,,,,,,None,32659000,,0.48,0.0024,,,,-0.157,0.06,223334000,255993000,0.79,2020-06-30,37.59,,1684943000.0,471473000,217291000,28383000,,,None,6043000,1368000,,None,,,,,188908000,188908000,-4675000,None,0.189,,253524000,217949000,,,,,5385000,,,,,1.676,11.44,11.06,,,,,,,,0.155,,,2025-10-28,quarterly,0.85,USD,post-market,94102000,,0.0833,0.158,0.043,17.8,113259000,,,,116.81,175.54,7.5949,,,,,,,838661000,,72.59,,205.0,65.55
2025-12-28,TER,2.74,2859571000.0,72.59,,1.848,17.28,,,,,,,,,,,,,,,None,298805000,298805000,,,,,,None,31880000,,0.48,0.0024,,,,-0.157,0.06,202620000,234500000,0.79,2020-03-31,37.59,,1684943000.0,405550000,197069000,20878000,,,None,5551000,2751000,,None,,,,,176191000,176191000,-2800000,None,0.189,,198832000,206718000,,,,,-4098000,,,,,1.676,11.44,11.06,,,,,,,,0.155,,,2025-10-28,quarterly,0.85,USD,post-market,85159000,,0.0833,0.158,0.043,17.8,111388000,,,,116.81,175.54,7.5949,,,,,,,704355000,,72.59,,205.0,65.55
2025-12-28,TER,2.74,2859571000.0,72.59,,1.848,17.28,,,,,,,,,,,,,,,None,271412000,271412000,,,,,,None,32298000,,0.48,0.0024,,,,-0.157,0.06,154833000,187131000,0.79,2019-12-31,37.59,,1684943000.0,383238000,148883000,23810000,,,None,5950000,6144000,,None,,,,,136783000,125073000,194000,None,0.189,,211584000,171654000,,,,,-16821000,,,,,1.676,11.44,11.06,,,,,,,,0.155,,,2025-10-28,quarterly,0.85,USD,post-market,86794000,,0.0833,0.158,0.043,17.8,117094000,,,,116.81,175.54,7.5949,,,,,,,654650000,,72.59,,205.0,65.55
2025-12-28,TER,2.74,2859571000.0,72.59,,1.848,17.28,,,,,,,,,,,,,,,None,237000000,237000000,,,,,,None,29499000,,0.48,0.0024,,,,-0.157,0.06,157196000,186695000,0.79,2019-09-30,37.59,,1684943000.0,345038000,151733000,15873000,,,None,5463000,5159000,,None,,,,,135860000,135860000,-523000,None,0.189,,190117000,154921000,,,,,2494000,,,,,1.676,11.44,11.06,,,,,,,,0.155,,,2025-10-28,quarterly,0.85,USD,post-market,77804000,,0.0833,0.158,0.043,17.8,317882000,,,,116.81,175.54,7.5949,,,,,,,582038000,,72.59,,205.0,65.55
2025-12-28,TER,2.74,2859571000.0,72.59,,1.848,17.28,,,,,,,,,,,,,,,None,240260000,240260000,,,,,,None,29265000,,0.48,0.0024,,,,-0.157,0.06,136977000,166242000,0.79,2019-06-30,37.59,,1684943000.0,323918000,131177000,33780000,,,None,5800000,5430000,,None,,,,,97397000,97397000,-370000,None,0.189,,189924000,133994000,,,,,2983000,,,,,1.676,11.44,11.06,,,,,,,,0.155,,,2025-10-28,quarterly,0.85,USD,post-market,81434000,,0.0833,0.158,0.043,17.8,108811000,,,,116.81,175.54,7.5949,,,,,,,564178000,,72.59,,205.0,65.55
2025-12-28,TER,2.74,2859571000.0,72.59,,1.848,17.28,,,,,,,,,,,,,,,None,206464000,206464000,,,,,,None,29593000,,0.48,0.0024,,,,-0.157,0.06,99499000,129092000,0.79,2019-03-31,37.59,,1684943000.0,287635000,93979000,-15159000,,,None,5520000,8052000,,None,,,,,109138000,109138000,2339000,None,0.189,,194550000,93085000,,,,,6607000,,,,,1.676,11.44,11.06,,,,,,,,0.155,,,2025-10-28,quarterly,0.85,USD,post-market,76791000,,0.0833,0.158,0.043,17.8,102013000,,,,116.81,175.54,7.5949,,,,,,,494099000,,72.59,,205.0,65.55
2025-12-28,TER,2.74,2859571000.0,72.59,,1.848,17.28,,,,,,,,,,,,,,,None,210023000,210023000,,,,,,None,30385000,,0.48,0.0024,,,,-0.157,0.06,124308000,154693000,0.79,2018-12-31,37.59,,1684943000.0,309535000,111126000,-32662000,,,None,13182000,None,,None,,,,,143791000,143787000,None,None,0.189,,197265000,112270000,,,,,12038000,,,,,1.676,11.44,11.06,,,,,,,,0.155,,,2025-10-28,quarterly,0.85,USD,post-market,74706000,,0.0833,0.158,0.043,17.8,100554000,,,,116.81,175.54,7.5949,,,,,,,519558000,,72.59,,205.0,65.55
2025-12-28,TER,2.74,2859571000.0,72.59,,1.848,17.28,,,,,,,,,,,,,,,None,233155000,233155000,,,,,,None,29506000,,0.48,0.0024,,,,-0.157,0.06,146401000,175907000,0.79,2018-09-30,37.59,,1684943000.0,333693000,140844000,20863000,,,None,5557000,None,,None,,,,,119981000,119981000,None,None,0.189,,190100000,143593000,,,,,2808000,,,,,1.676,11.44,11.06,,,,,,,,0.155,,,2025-10-28,quarterly,0.85,USD,post-market,77049000,,0.0833,0.158,0.043,17.8,100199000,,,,116.81,175.54,7.5949,,,,,,,566848000,,72.59,,205.0,65.55
2025-12-28,TER,2.74,2859571000.0,72.59,,1.848,17.28,,,,,,,,,,,,,,,None,219595000,219595000,,,,,,None,27793000,,0.48,0.0024,,,,-0.157,0.06,125651000,153444000,0.79,2018-06-30,37.59,,1684943000.0,307334000,120012000,18975000,,,None,5639000,None,,None,,,,,101037000,101037000,None,None,0.189,,186934000,120400000,,,,,5251000,,,,,1.676,11.44,11.06,,,,,,,,0.155,,,2025-10-28,quarterly,0.85,USD,post-market,75342000,,0.0833,0.158,0.043,17.8,11000,,,,116.81,175.54,7.5949,,,,,,,526929000,,72.59,,205.0,65.55
2025-12-28,TER,2.74,2859571000.0,72.59,,1.848,17.28,,,,,,,,,,,,,,,None,217635000,217635000,,,,,,None,25540000,,0.48,0.0024,,,,-0.157,0.06,102710000,128250000,0.79,2018-03-31,37.59,,1684943000.0,269832000,95820000,8846000,,,None,6890000,None,,None,,,,,86974000,86974000,None,None,0.189,,172298000,97534000,,,,,5176000,,,,,1.676,11.44,11.06,,,,,,,,0.155,,,2025-10-28,quarterly,0.85,USD,post-market,74408000,,0.0833,0.158,0.043,17.8,5000,,,,116.81,175.54,7.5949,,,,,,,487467000,,72.59,,205.0,65.55
2025-12-28,TER,2.74,2859571000.0,72.59,,1.848,17.28,,,,,,,,,,,,,,,None,206481000,206481000,,,,,,None,26519000,,0.48,0.0024,,,,-0.157,0.06,103463000,129982000,0.79,2017-12-31,37.59,,1684943000.0,272934000,98083000,204007000,,,None,5380000,None,,None,,,,,-105923000,-105925000,None,None,0.189,,174924000,98010000,,,,,5453000,,,,,1.676,11.44,11.06,,,,,,,,0.155,,,2025-10-28,quarterly,0.85,USD,post-market,70564000,,0.0833,0.158,0.043,17.8,88005000,,,,116.81,175.54,7.5949,,,,,,,479415000,,72.59,,205.0,65.55
2025-12-28,TER,2.74,2859571000.0,72.59,,1.848,17.28,,,,,,,,,,,,,,,None,208509000,208509000,,,,,,None,26670000,,0.48,0.0024,,,,-0.157,0.06,132809000,159479000,0.79,2017-09-30,37.59,,1684943000.0,294869000,127437000,24017000,,,None,5372000,None,,None,,,,,103420000,103420000,None,None,0.189,,165737000,129132000,,,,,4078000,,,,,1.676,11.44,11.06,,,,,,,,0.155,,,2025-10-28,quarterly,0.85,USD,post-market,76986000,,0.0833,0.158,0.043,17.8,145000,,,,116.81,175.54,7.5949,,,,,,,503378000,,72.59,,205.0,65.55
2025-12-28,TER,2.74,2859571000.0,72.59,,1.848,17.28,,,,,,,,,,,,,,,None,306263000,306263000,,,,,,None,27673000,,0.48,0.0024,,,,-0.157,0.06,212386000,240059000,0.79,2017-06-30,37.59,,1684943000.0,390638000,206877000,31901000,,,None,5509000,None,,None,,,,,174976000,174976000,None,None,0.189,,182835000,207803000,,,,,2480000,,,,,1.676,11.44,11.06,,,,,,,,0.155,,,2025-10-28,quarterly,0.85,USD,post-market,82270000,,0.0833,0.158,0.043,17.8,969000,,,,116.81,175.54,7.5949,,,,,,,696901000,,72.59,,205.0,65.55
2025-12-28,TER,2.74,2859571000.0,72.59,,1.848,17.28,,,,,,,,,,,,,,,None,191897000,191897000,,,,,,None,27213000,,0.48,0.0024,,,,-0.157,0.06,97418000,124631000,0.79,2017-03-31,37.59,,1684943000.0,265016000,92016000,6795000,,,None,5402000,None,,None,,,,,85221000,85221000,None,None,0.189,,171233000,93783000,,,,,4036000,,,,,1.676,11.44,11.06,,,,,,,,0.155,,,2025-10-28,quarterly,0.85,USD,post-market,75978000,,0.0833,0.158,0.043,17.8,106000,,,,116.81,175.54,7.5949,,,,,,,456913000,,72.59,,205.0,65.55
2025-12-28,TER,2.74,2859571000.0,72.59,,1.848,17.28,,,,,,,,,,,,,,,None,160983000,160983000,,,,,,None,25297000,,0.48,0.0024,,,,-0.157,0.06,60488000,85785000,0.79,2016-12-31,37.59,,1684943000.0,219006000,58885000,-7461000,,,None,1603000,None,,None,,,,,66345000,66345000,None,None,0.189,,159834000,59172000,,,,,1315000,,,,,1.676,11.44,11.06,,,,,,,,0.155,,,2025-10-28,quarterly,0.85,USD,post-market,70052000,,0.0833,0.158,0.043,17.8,76289000,,,,116.81,175.54,7.5949,,,,,,,379989000,,72.59,,205.0,65.55
2025-12-28,TER,2.74,2859571000.0,72.59,,1.848,17.28,,,,,,,,,,,,,,,None,183116000,183116000,,,,,,None,25364000,,0.48,0.0024,,,,-0.157,0.06,60314000,85678000,0.79,2016-09-30,37.59,,1684943000.0,227359000,59681000,-4113000,,,None,633000,None,,None,,,,,63794000,63794000,None,None,0.189,,170858000,56501000,,,,,3813000,,,,,1.676,11.44,11.06,,,,,,,,0.155,,,2025-10-28,quarterly,0.85,USD,post-market,71400000,,0.0833,0.158,0.043,17.8,6000,,,,116.81,175.54,7.5949,,,,,,,410475000,,72.59,,205.0,65.55
2025-12-28,TER,2.74,2859571000.0,72.59,,1.848,17.28,,,,,,,,,,,,,,,None,248922000,248922000,,,,,,None,32686000,,0.48,0.0024,,,,-0.157,0.06,-230126000,-197440000,0.79,2016-06-30,37.59,,1684943000.0,282870000,-230817000,-7271000,,,None,691000,None,,None,,,,,-223546000,-223546000,None,None,0.189,,514671000,-231801000,,,,,1675000,,,,,1.676,11.44,11.06,,,,,,,,0.155,,,2025-10-28,quarterly,0.85,USD,post-market,76109000,,0.0833,0.158,0.043,17.8,25000,,,,116.81,175.54,7.5949,,,,,,,531792000,,72.59,,205.0,65.55
2025-12-28,TER,2.74,2859571000.0,72.59,,1.848,17.28,,,,,,,,,,,,,,,None,200662000,200662000,,,,,,None,36662000,,0.48,0.0024,,,,-0.157,0.06,57902000,94564000,0.79,2016-03-31,37.59,,1684943000.0,230332000,57192000,7206000,,,None,710000,None,,None,,,,,49986000,49986000,None,None,0.189,,174219000,56113000,,,,,1789000,,,,,1.676,11.44,11.06,,,,,,,,0.155,,,2025-10-28,quarterly,0.85,USD,post-market,73464000,,0.0833,0.158,0.043,17.8,26000,,,,116.81,175.54,7.5949,,,,,,,430994000,,72.59,,205.0,65.55
2025-12-28,TER,2.74,2859571000.0,72.59,,1.848,17.28,,,,,,,,,,,,,,,None,152418000,152418000,,,,,,None,36083000,,0.48,0.0024,,,,-0.157,0.06,-8095000,27988000,0.79,2015-12-31,37.59,,1684943000.0,166027000,-8857000,-8216000,,,None,762000,None,,None,,,,,-641000,-642000,None,None,0.189,,175775000,-9748000,,,,,1653000,,,,,1.676,11.44,11.06,,,,,,,,0.155,,,2025-10-28,quarterly,0.85,USD,post-market,70941000,,0.0833,0.158,0.043,17.8,79718000,,,,116.81,175.54,7.5949,,,,,,,318445000,,72.59,,205.0,65.55
2025-12-28,TER,2.74,2859571000.0,72.59,,1.848,17.28,,,,,,,,,,,,,,,None,207368000,207368000,,,,,,None,37065000,,0.48,0.0024,,,,-0.157,0.06,87916000,124981000,0.79,2015-09-30,37.59,,1684943000.0,258626000,87408000,15955000,,,None,508000,None,,None,,,,,71453000,71453000,None,None,0.189,,171822000,86804000,,,,,1112000,,,,,1.676,11.44,11.06,,,,,,,,0.155,,,2025-10-28,quarterly,0.85,USD,post-market,74027000,,0.0833,0.158,0.043,17.8,19000,,,,116.81,175.54,7.5949,,,,,,,465994000,,72.59,,205.0,65.55
2025-12-28,TER,2.74,2859571000.0,72.59,,1.848,17.28,,,,,,,,,,,,,,,None,214171000,214171000,,,,,,None,33141000,,0.48,0.0024,,,,-0.157,0.06,132580000,165721000,0.79,2015-06-30,37.59,,1684943000.0,298568000,132136000,29257000,,,None,444000,None,,None,,,,,102879000,102879000,None,None,0.189,,167778000,130790000,,,,,1790000,,,,,1.676,11.44,11.06,,,,,,,,0.155,,,2025-10-28,quarterly,0.85,USD,post-market,75832000,,0.0833,0.158,0.043,17.8,27000,,,,116.81,175.54,7.5949,,,,,,,512739000,,72.59,,205.0,65.55
2025-12-28,TER,2.74,2859571000.0,72.59,,1.848,17.28,,,,,,,,,,,,,,,None,149978000,149978000,,,,,,None,34484000,,0.48,0.0024,,,,-0.157,0.06,42600000,77084000,0.79,2015-03-31,37.59,,1684943000.0,192423000,42438000,9651000,,,None,162000,None,,None,,,,,32787000,32787000,None,None,0.189,,157299000,35124000,,,,,7476000,,,,,1.676,11.44,11.06,,,,,,,,0.155,,,2025-10-28,quarterly,0.85,USD,post-market,71450000,,0.0833,0.158,0.043,17.8,41000,,,,116.81,175.54,7.5949,,,,,,,342401000,,72.59,,205.0,65.55
2025-12-28,TER,2.74,2859571000.0,72.59,,1.848,17.28,,,,,,,,,,,,,,,None,163010000,163010000,,,,,,None,37590000,,0.48,0.0024,,,,-0.157,0.06,-124507000,-86917000,0.79,2014-12-31,37.59,,1684943000.0,160227000,-124813000,-21002000,,,None,306000,None,,None,,,,,-103811000,-103811000,None,None,0.189,,286397000,-126170000,,,,,1663000,,,,,1.676,11.44,11.06,,,,,,,,0.155,,,2025-10-28,quarterly,0.85,USD,post-market,79187000,,0.0833,0.158,0.043,17.8,91157000,,,,116.81,175.54,7.5949,,,,,,,323237000,,72.59,,205.0,65.55
2025-12-28,TER,2.74,2859571000.0,72.59,,1.848,17.28,,,,,,,,,,,,,,,None,216889000,216889000,,,,,,None,38179000,,0.48,0.0024,,,,-0.157,0.06,100814000,138993000,0.79,2014-09-30,37.59,,1684943000.0,261121000,100670000,17721000,,,None,144000,None,,None,,,,,82949000,82949000,None,None,0.189,,162883000,98238000,,,,,1922000,,,,,1.676,11.44,11.06,,,,,,,,0.155,,,2025-10-28,quarterly,0.85,USD,post-market,71953000,,0.0833,0.158,0.043,17.8,36000,,,,116.81,175.54,7.5949,,,,,,,478010000,,72.59,,205.0,65.55
2025-12-28,TER,2.74,2859571000.0,72.59,,1.848,17.28,,,,,,,,,,,,,,,None,235154000,235154000,,,,,,None,37591000,,0.48,0.0024,,,,-0.157,0.06,121551000,159142000,0.79,2014-06-30,37.59,,1684943000.0,290413000,121392000,20187000,,,None,159000,None,,None,,,,,101205000,101205000,None,None,0.189,,169746000,120667000,,,,,1266000,,,,,1.676,11.44,11.06,,,,,,,,0.155,,,2025-10-28,quarterly,0.85,USD,post-market,73414000,,0.0833,0.158,0.043,17.8,11000,,,,116.81,175.54,7.5949,,,,,,,525567000,,72.59,,205.0,65.55
2025-12-28,TER,2.74,2859571000.0,72.59,,1.848,17.28,,,,,,,,,,,,,,,None,153963000,153963000,,,,,,None,39184000,,0.48,0.0024,,,,-0.157,0.06,4544000,43728000,0.79,2014-03-31,37.59,,1684943000.0,167047000,-1873000,-2802000,,,None,6417000,None,,None,,,,,929000,929000,None,None,0.189,,163359000,3688000,,,,,1036000,,,,,1.676,11.44,11.06,,,,,,,,0.155,,,2025-10-28,quarterly,0.85,USD,post-market,67085000,,0.0833,0.158,0.043,17.8,3000,,,,116.81,175.54,7.5949,,,,,,,321010000,,72.59,,205.0,65.55
2025-12-28,TER,2.74,2859571000.0,72.59,,1.848,17.28,,,,,,,,,,,,,,,None,125444000,125444000,,,,,,None,39319000,,0.48,0.0024,,,,-0.157,0.06,5994000,45313000,0.79,2013-12-31,37.59,,1684943000.0,159857000,35439000,13096000,,,None,28602000,None,,None,,,,,22343000,22343000,None,None,0.189,,153020000,6837000,,,,,1206000,,,,,1.676,11.44,11.06,,,,,,,,0.155,,,2025-10-28,quarterly,0.85,USD,post-market,64613000,,0.0833,0.158,0.043,17.8,69523000,,,,116.81,175.54,7.5949,,,,,,,285301000,,72.59,,205.0,65.55
2025-12-28,TER,2.74,2859571000.0,72.59,,1.848,17.28,,,,,,,,,,,,,,,None,179082000,179082000,,,,,,None,37764000,,0.48,0.0024,,,,-0.157,0.06,94454000,132218000,0.79,2013-09-30,37.59,,1684943000.0,254294000,87552000,18093000,,,None,6902000,None,,None,,,,,69459000,69459000,None,None,0.189,,160788000,93506000,,,,,948000,,,,,1.676,11.44,11.06,,,,,,,,0.155,,,2025-10-28,quarterly,0.85,USD,post-market,68918000,,0.0833,0.158,0.043,17.8,17000,,,,116.81,175.54,7.5949,,,,,,,433376000,,72.59,,205.0,65.55
2025-12-28,TER,2.74,2859571000.0,72.59,,1.848,17.28,,,,,,,,,,,,,,,None,187656000,187656000,,,,,,None,36487000,,0.48,0.0024,,,,-0.157,0.06,86811000,123298000,0.79,2013-06-30,37.59,,1684943000.0,241233000,80357000,13801000,,,None,6454000,None,,None,,,,,66556000,66556000,None,None,0.189,,155325000,85908000,,,,,903000,,,,,1.676,11.44,11.06,,,,,,,,0.155,,,2025-10-28,quarterly,0.85,USD,post-market,67773000,,0.0833,0.158,0.043,17.8,69230000,,,,116.81,175.54,7.5949,,,,,,,428889000,,72.59,,205.0,65.55
2025-12-28,TER,2.74,2859571000.0,72.59,,1.848,17.28,,,,,,,,,,,,,,,None,126950000,126950000,,,,,,None,37117000,,0.48,0.0024,,,,-0.157,0.06,5480000,42597000,0.79,2013-03-31,37.59,,1684943000.0,153417000,-1426000,-8015000,,,None,6906000,None,,None,,,,,6589000,6589000,None,None,0.189,,149009000,4408000,,,,,1072000,,,,,1.676,11.44,11.06,,,,,,,,0.155,,,2025-10-28,quarterly,0.85,USD,post-market,62751000,,0.0833,0.158,0.043,17.8,67890000,,,,116.81,175.54,7.5949,,,,,,,280367000,,72.59,,205.0,65.55
2025-12-28,TER,2.74,2859571000.0,72.59,,1.848,17.28,,,,,,,,,,,,,,,None,122999000,122999000,,,,,,None,37197000,,0.48,0.0024,,,,-0.157,0.06,-23339000,13858000,0.79,2012-12-31,37.59,,1684943000.0,125405000,-30285000,-13742000,,,None,6946000,None,,None,,,,,-16543000,-16543000,None,None,0.189,,150000000,-24595000,,,,,1256000,,,,,1.676,11.44,11.06,,,,,,,,0.155,,,2025-10-28,quarterly,0.85,USD,post-market,61660000,,0.0833,0.158,0.043,17.8,70436000,,,,116.81,175.54,7.5949,,,,,,,248404000,,72.59,,205.0,65.55
2025-12-28,TER,2.74,2859571000.0,72.59,,1.848,17.28,,,,,,,,,,,,,,,None,203194000,203194000,,,,,,None,37856000,,0.48,0.0024,,,,-0.157,0.06,109179000,147035000,0.79,2012-09-30,37.59,,1684943000.0,260200000,103025000,14384000,,,None,6154000,None,,None,,,,,88641000,88641000,None,None,0.189,,152088000,108112000,,,,,1067000,,,,,1.676,11.44,11.06,,,,,,,,0.155,,,2025-10-28,quarterly,0.85,USD,post-market,63946000,,0.0833,0.158,0.043,17.8,69921000,,,,116.81,175.54,7.5949,,,,,,,463394000,,72.59,,205.0,65.55
2025-12-28,TER,2.74,2859571000.0,72.59,,1.848,17.28,,,,,,,,,,,,,,,None,238778000,238778000,,,,,,None,35219000,,0.48,0.0024,,,,-0.157,0.06,158315000,193534000,0.79,2012-06-30,37.59,,1684943000.0,309506000,151992000,40605000,,,None,6323000,None,,None,,,,,111387000,111387000,None,None,0.189,,152065000,157441000,,,,,874000,,,,,1.676,11.44,11.06,,,,,,,,0.155,,,2025-10-28,quarterly,0.85,USD,post-market,67834000,,0.0833,0.158,0.043,17.8,1266000,,,,116.81,175.54,7.5949,,,,,,,548284000,,72.59,,205.0,65.55
2025-12-28,TER,2.74,2859571000.0,72.59,,1.848,17.28,,,,,,,,,,,,,,,None,205742000,205742000,,,,,,None,34103000,,0.48,0.0024,,,,-0.157,0.06,47303000,81406000,0.79,2012-03-31,37.59,,1684943000.0,190926000,41244000,7680000,,,None,6059000,None,,None,,,,,33564000,33564000,None,None,0.189,,144516000,46410000,,,,,893000,,,,,1.676,11.44,11.06,,,,,,,,0.155,,,2025-10-28,quarterly,0.85,USD,post-market,61279000,,0.0833,0.158,0.043,17.8,1177000,,,,116.81,175.54,7.5949,,,,,,,396668000,,72.59,,205.0,65.55
2025-12-28,TER,2.74,2859571000.0,72.59,,1.848,17.28,,,,,,,,,,,,,,,None,160639000,160639000,,,,,,None,37351000,,0.48,0.0024,,,,-0.157,0.06,-3072000,34279000,0.79,2011-12-31,37.59,,1684943000.0,136353000,-9206000,-144340000,,,None,6134000,None,,None,,,,,135134000,135134000,None,None,0.189,,140303000,-3950000,,,,,878000,,,,,1.676,11.44,11.06,,,,,,,,0.155,,,2025-10-28,quarterly,0.85,USD,post-market,53431000,,0.0833,0.158,0.043,17.8,62697000,,,,116.81,175.54,7.5949,,,,,,,296992000,,72.59,,205.0,65.55
2025-12-28,TER,2.74,2859571000.0,72.59,,1.848,17.28,,,,,,,,,,,,,,,None,174015000,174015000,,,,,,None,22803000,,0.48,0.0024,,,,-0.157,0.06,64533000,87336000,0.79,2011-09-30,37.59,,1684943000.0,170374000,58465000,1759000,,,None,6068000,None,,None,,,,,56706000,54745000,None,None,0.189,,108890000,61484000,,,,,3049000,,,,,1.676,11.44,11.06,,,,,,,,0.155,,,2025-10-28,quarterly,0.85,USD,post-market,45896000,,0.0833,0.158,0.043,17.8,504000,,,,116.81,175.54,7.5949,,,,,,,344389000,,72.59,,205.0,65.55
2025-12-28,TER,2.74,2859571000.0,72.59,,1.848,17.28,,,,,,,,,,,,,,,None,195841000,195841000,,,,,,None,23049000,,0.48,0.0024,,,,-0.157,0.06,101239000,124288000,0.79,2011-06-30,37.59,,1684943000.0,214678000,95923000,7839000,,,None,5316000,None,,None,,,,,87252000,89890000,None,None,0.189,,114842000,99836000,,,,,1403000,,,,,1.676,11.44,11.06,,,,,,,,0.155,,,2025-10-28,quarterly,0.85,USD,post-market,48392000,,0.0833,0.158,0.043,17.8,519000,,,,116.81,175.54,7.5949,,,,,,,410519000,,72.59,,205.0,65.55
2025-12-28,TER,2.74,2859571000.0,72.59,,1.848,17.28,,,,,,,,,,,,,,,None,184269000,184269000,,,,,,None,23412000,,0.48,0.0024,,,,-0.157,0.06,81600000,105012000,0.79,2011-03-31,37.59,,1684943000.0,192892000,75424000,5486000,,,None,6176000,None,,None,,,,,96844000,68124000,None,None,0.189,,112579000,80313000,,,,,1287000,,,,,1.676,11.44,11.06,,,,,,,,0.155,,,2025-10-28,quarterly,0.85,USD,post-market,47144000,,0.0833,0.158,0.043,17.8,629000,,,,116.81,175.54,7.5949,,,,,,,377161000,,72.59,,205.0,65.55
2025-12-28,TER,2.74,2859571000.0,72.59,,1.848,17.28,,,,,,,,,,,,,,,None,153038000,153038000,,,,,,None,25092000,,0.48,0.0024,,,,-0.157,0.06,60915000,86007000,0.79,2010-12-31,37.59,,1684943000.0,169127000,53874000,-6267000,,,None,7041000,None,,None,,,,,60141000,0,None,None,0.189,,110326000,58801000,,,,,None,,,,,1.676,11.44,11.06,,,,,,,,0.155,,,2025-10-28,quarterly,0.85,USD,post-market,47455000,,0.0833,0.158,0.043,17.8,54778000,,,,116.81,175.54,7.5949,,,,,,,322165000,,72.59,,205.0,65.55
2025-12-28,TER,2.74,2859571000.0,72.59,,1.848,17.28,,,,,,,,,,,,,,,None,219592000,219592000,,,,,,None,24571000,,0.48,0.0024,,,,-0.157,0.06,158343000,182914000,0.79,2010-09-30,37.59,,1684943000.0,271799000,152310000,6606000,,,None,6033000,None,,None,,,,,147340000,147340000,None,None,0.189,,114922000,156877000,,,,,1466000,,,,,1.676,11.44,11.06,,,,,,,,0.155,,,2025-10-28,quarterly,0.85,USD,post-market,49048000,,0.0833,0.158,0.043,17.8,509000,,,,116.81,175.54,7.5949,,,,,,,491391000,,72.59,,205.0,65.55
2025-12-28,TER,2.74,2859571000.0,72.59,,1.848,17.28,,,,,,,,,,,,,,,None,194369000,194369000,,,,,,None,24378000,,0.48,0.0024,,,,-0.157,0.06,139828000,164206000,0.79,2010-06-30,37.59,,1684943000.0,250902000,132073000,9543000,,,None,7755000,None,,None,,,,,122149000,122149000,None,None,0.189,,114755000,136147000,,,,,3681000,,,,,1.676,11.44,11.06,,,,,,,,0.155,,,2025-10-28,quarterly,0.85,USD,post-market,49341000,,0.0833,0.158,0.043,17.8,643000,,,,116.81,175.54,7.5949,,,,,,,445271000,,72.59,,205.0,65.55
2025-12-28,TER,2.74,2859571000.0,72.59,,1.848,17.28,,,,,,,,,,,,,,,None,149461000,149461000,,,,,,None,25130000,,0.48,0.0024,,,,-0.157,0.06,59496000,84626000,0.79,2010-03-31,37.59,,1684943000.0,169877000,53929000,4830000,,,None,5567000,None,,None,,,,,50100000,0,None,None,0.189,,110883000,58994000,,,,,None,,,,,1.676,11.44,11.06,,,,,,,,0.155,,,2025-10-28,quarterly,0.85,USD,post-market,47937000,,0.0833,0.158,0.043,17.8,1171000,,,,116.81,175.54,7.5949,,,,,,,319338000,,72.59,,205.0,65.55
2025-12-28,TER,2.74,2859571000.0,72.59,,1.848,17.28,,,,,,,,,,,,,,,None,142668000,142668000,,,,,,None,27115000,,0.48,0.0024,,,,-0.157,0.06,24782000,51897000,0.79,2009-12-31,37.59,,1684943000.0,124389000,19624000,2700000,,,None,5158000,None,,None,,,,,16924000,0,None,None,0.189,,100104000,24285000,,,,,None,,,,,1.676,11.44,11.06,,,,,,,,0.155,,,2025-10-28,quarterly,0.85,USD,post-market,40920000,,0.0833,0.158,0.043,17.8,51486000,,,,116.81,175.54,7.5949,,,,,,,267057000,,72.59,,205.0,65.55
2025-12-28,TER,2.74,2859571000.0,72.59,,1.848,17.28,,,,,,,,,,,,,,,None,155407000,155407000,,,,,,None,27372000,,0.48,0.0024,,,,-0.157,0.06,9775000,37147000,0.79,2009-09-30,37.59,,1684943000.0,106755000,5175000,-1500000,,,None,4600000,None,,None,,,,,6675000,0,None,None,0.189,,97983000,8772000,,,,,None,,,,,1.676,11.44,11.06,,,,,,,,0.155,,,2025-10-28,quarterly,0.85,USD,post-market,38266000,,0.0833,0.158,0.043,17.8,14000,,,,116.81,175.54,7.5949,,,,,,,262162000,,72.59,,205.0,65.55
2025-12-28,TER,2.74,2859571000.0,72.59,,1.848,17.28,,,,,,,,,,,,,,,None,122451000,122451000,,,,,,None,26101000,,0.48,0.0024,,,,-0.157,0.06,-60922000,-34821000,0.79,2009-06-30,37.59,,1684943000.0,47129000,-68968000,-2200000,,,None,8046000,None,,None,,,,,-66768000,0,None,None,0.189,,109192000,-62063000,,,,,None,,,,,1.676,11.44,11.06,,,,,,,,0.155,,,2025-10-28,quarterly,0.85,USD,post-market,38451000,,0.0833,0.158,0.043,17.8,43000,,,,116.81,175.54,7.5949,,,,,,,169580000,,72.59,,205.0,65.55
2025-12-28,TER,2.74,2859571000.0,72.59,,1.848,17.28,,,,,,,,,,,,,,,None,87248000,87248000,,,,,,None,25493000,,0.48,0.0024,,,,-0.157,0.06,-92638000,-67145000,0.79,2009-03-31,37.59,,1684943000.0,33360000,-98468000,-7800000,,,None,5830000,None,,None,,,,,-90668000,0,None,None,0.189,,126775000,-93415000,,,,,None,,,,,1.676,11.44,11.06,,,,,,,,0.155,,,2025-10-28,quarterly,0.85,USD,post-market,47198000,,0.0833,0.158,0.043,17.8,27000,,,,116.81,175.54,7.5949,,,,,,,120608000,,72.59,,205.0,65.55
2025-12-28,TER,2.74,2859571000.0,72.59,,1.848,17.28,,,,,,,,,,,,,,,None,116856000,116856000,,,,,,None,22786000,,0.48,0.0024,,,,-0.157,0.06,-373012000,-350226000,0.79,2008-12-31,37.59,,1684943000.0,77911000,-389284000,-693000,,,None,0,None,,None,,,,,-388591000,0,None,None,0.189,,461098000,-383187000,,,,,None,,,,,1.676,11.44,11.06,,,,,,,,0.155,,,2025-10-28,quarterly,0.85,USD,post-market,52189000,,0.0833,0.158,0.043,17.8,58491000,,,,116.81,175.54,7.5949,,,,,,,194767000,,72.59,,205.0,65.55
2025-12-28,TER,2.74,2859571000.0,72.59,,1.848,17.28,,,,,,,,,,,,,,,None,169325000,169325000,,,,,,None,23177000,,0.48,0.0024,,,,-0.157,0.06,-14536000,8641000,0.79,2008-09-30,37.59,,1684943000.0,127930000,-20387000,3070000,,,None,5851000,None,,None,,,,,-22689000,0,None,None,0.189,,145206000,-17276000,,,,,None,,,,,1.676,11.44,11.06,,,,,,,,0.155,,,2025-10-28,quarterly,0.85,USD,post-market,52969000,,0.0833,0.158,0.043,17.8,14000,,,,116.81,175.54,7.5949,,,,,,,297255000,,72.59,,205.0,65.55
2025-12-28,TER,2.74,2859571000.0,72.59,,1.848,17.28,,,,,,,,,,,,,,,None,163857000,163857000,,,,,,None,25367000,,0.48,0.0024,,,,-0.157,0.06,17663000,43030000,0.79,2008-06-30,37.59,,1684943000.0,153848000,17179000,6100000,,,None,484000,None,,None,,,,,11079000,0,None,None,0.189,,139117000,14731000,,,,,None,,,,,1.676,11.44,11.06,,,,,,,,0.155,,,2025-10-28,quarterly,0.85,USD,post-market,56154000,,0.0833,0.158,0.043,17.8,37000,,,,116.81,175.54,7.5949,,,,,,,317705000,,72.59,,205.0,65.55
2025-12-28,TER,2.74,2859571000.0,72.59,,1.848,17.28,,,,,,,,,,,,,,,None,158812000,158812000,,,,,,None,23430000,,0.48,0.0024,,,,-0.157,0.06,6937000,30367000,0.79,2008-03-31,37.59,,1684943000.0,138503000,6467000,4100000,,,None,470000,None,,None,,,,,2367000,0,None,None,0.189,,137118000,1385000,,,,,None,,,,,1.676,11.44,11.06,,,,,,,,0.155,,,2025-10-28,quarterly,0.85,USD,post-market,56249000,,0.0833,0.158,0.043,17.8,21000,,,,116.81,175.54,7.5949,,,,,,,297315000,,72.59,,205.0,65.55
2025-12-28,TER,2.74,2859571000.0,72.59,,1.848,17.28,,,,,,,,,,,,,,,None,141846000,141846000,,,,,,None,16242000,,0.48,0.0024,,,,-0.157,0.06,5951000,22193000,0.79,2007-12-31,37.59,,1684943000.0,118570000,14957000,-2196000,,,None,689000,None,,None,,,,,16704000,0,None,None,0.189,,112264000,6306000,,,,,None,,,,,1.676,11.44,11.06,,,,,,,,0.155,,,2025-10-28,quarterly,0.85,USD,post-market,50420000,,0.0833,0.158,0.043,17.8,62199000,,,,116.81,175.54,7.5949,,,,,,,260416000,,72.59,,205.0,65.55
2025-12-28,TER,2.74,2859571000.0,72.59,,1.848,17.28,,,,,,,,,,,,,,,None,155215000,155215000,,,,,,None,16384000,,0.48,0.0024,,,,-0.157,0.06,28869000,45253000,0.79,2007-09-30,37.59,,1684943000.0,144246000,39915000,4717000,,,None,0,None,,None,,,,,40989000,0,None,None,0.189,,112258000,31988000,,,,,None,,,,,1.676,11.44,11.06,,,,,,,,0.155,,,2025-10-28,quarterly,0.85,USD,post-market,52245000,,0.0833,0.158,0.043,17.8,62870000,,,,116.81,175.54,7.5949,,,,,,,299461000,,72.59,,205.0,65.55
2025-12-28,TER,2.74,2859571000.0,72.59,,1.848,17.28,,,,,,,,,,,,,,,None,151490000,151490000,,,,,,None,16496000,,0.48,0.0024,,,,-0.157,0.06,22043000,38539000,0.79,2007-06-30,37.59,,1684943000.0,137220000,30700000,3454000,,,None,74000,None,,None,,,,,27654000,0,None,None,0.189,,115745000,21475000,,,,,None,,,,,1.676,11.44,11.06,,,,,,,,0.155,,,2025-10-28,quarterly,0.85,USD,post-market,52417000,,0.0833,0.158,0.043,17.8,63547000,,,,116.81,175.54,7.5949,,,,,,,288710000,,72.59,,205.0,65.55
2025-12-28,TER,2.74,2859571000.0,72.59,,1.848,17.28,,,,,,,,,,,,,,,None,142522000,142522000,,,,,,None,18373000,,0.48,0.0024,,,,-0.157,0.06,1386000,19759000,0.79,2007-03-31,37.59,,1684943000.0,115536000,-6236000,1400000,,,None,436000,None,,None,,,,,-7636000,0,None,None,0.189,,133267000,-17731000,,,,,None,,,,,1.676,11.44,11.06,,,,,,,,0.155,,,2025-10-28,quarterly,0.85,USD,post-market,50199000,,0.0833,0.158,0.043,17.8,62875000,,,,116.81,175.54,7.5949,,,,,,,258058000,,72.59,,205.0,65.55
2025-12-28,TER,2.74,2859571000.0,72.59,,1.848,17.28,,,,,,,,,,,,,,,None,141703000,141703000,,,,,,None,17489000,,0.48,0.0024,,,,-0.157,0.06,2346000,19835000,0.79,2006-12-31,37.59,,1684943000.0,121444000,10864000,-10000,,,None,701000,None,,None,,,,,10874000,0,None,None,0.189,,120908000,536000,,,,,None,,,,,1.676,11.44,11.06,,,,,,,,0.155,,,2025-10-28,quarterly,0.85,USD,post-market,49638000,,0.0833,0.158,0.043,17.8,69460000,,,,116.81,175.54,7.5949,,,,,,,263147000,,72.59,,205.0,65.55
2025-12-28,TER,2.74,2859571000.0,72.59,,1.848,17.28,,,,,,,,,,,,,,,None,180332000,180332000,,,,,,None,18324000,,0.48,0.0024,,,,-0.157,0.06,52142000,70466000,0.79,2006-09-30,37.59,,1684943000.0,174385000,76189000,9866000,,,None,3518000,None,,None,,,,,60565000,0,None,None,0.189,,107131000,67254000,,,,,None,,,,,1.676,11.44,11.06,,,,,,,,0.155,,,2025-10-28,quarterly,0.85,USD,post-market,51791000,,0.0833,0.158,0.043,17.8,1274000,,,,116.81,175.54,7.5949,,,,,,,354717000,,72.59,,205.0,65.55
2025-12-28,TER,2.74,2859571000.0,72.59,,1.848,17.28,,,,,,,,,,,,,,,None,196244000,196244000,,,,,,None,17834000,,0.48,0.0024,,,,-0.157,0.06,64822000,82656000,0.79,2006-06-30,37.59,,1684943000.0,190575000,93607000,9420000,,,None,3470000,None,,None,,,,,82405000,0,None,None,0.189,,105157000,85418000,,,,,None,,,,,1.676,11.44,11.06,,,,,,,,0.155,,,2025-10-28,quarterly,0.85,USD,post-market,51840000,,0.0833,0.158,0.043,17.8,1687000,,,,116.81,175.54,7.5949,,,,,,,386819000,,72.59,,205.0,65.55
2025-12-28,TER,2.74,2859571000.0,72.59,,1.848,17.28,,,,,,,,,,,,,,,None,192276000,192276000,,,,,,None,19544000,,0.48,0.0024,,,,-0.157,0.06,46259000,65803000,0.79,2006-03-31,37.59,,1684943000.0,170638000,53468000,8555000,,,None,3371000,None,,None,,,,,44913000,0,None,None,0.189,,123282000,47356000,,,,,None,,,,,1.676,11.44,11.06,,,,,,,,0.155,,,2025-10-28,quarterly,0.85,USD,post-market,52194000,,0.0833,0.158,0.043,17.8,1785000,,,,116.81,175.54,7.5949,,,,,,,362914000,,72.59,,205.0,65.55
2025-12-28,TER,2.74,2859571000.0,72.59,,1.848,17.28,,,,,,,,,,,,,,,None,-58035000,-58035000,,,,,,None,192000,,0.48,0.0024,,,,-0.157,0.06,23968000,24160000,0.79,2005-12-31,37.59,,1684943000.0,120822000,44085000,-28872000,,,None,3583000,None,,None,,,,,224062000,0,None,None,0.189,,78726000,42096000,,,,,None,,,,,1.676,11.44,11.06,,,,,,,,0.155,,,2025-10-28,quarterly,0.85,USD,post-market,41601000,,0.0833,0.158,0.043,17.8,54641000,,,,116.81,175.54,7.5949,,,,,,,62787000,,72.59,,205.0,65.55
2025-12-28,TER,2.74,2859571000.0,72.59,,1.848,17.28,,,,,,,,,,,,,,,None,204417000,204417000,,,,,,None,42376000,,0.48,0.0024,,,,-0.157,0.06,-27182000,15194000,0.79,2005-09-30,37.59,,1684943000.0,89156000,-41065000,2788000,,,None,4059000,None,,None,,,,,-35378000,0,None,None,0.189,,130134000,-40978000,,,,,None,,,,,1.676,11.44,11.06,,,,,,,,0.155,,,2025-10-28,quarterly,0.85,USD,post-market,53699000,,0.0833,0.158,0.043,17.8,62602000,,,,116.81,175.54,7.5949,,,,,,,293573000,,72.59,,205.0,65.55
2025-12-28,TER,2.74,2859571000.0,72.59,,1.848,17.28,,,,,,,,,,,,,,,None,1170953000,1170953000,,,,,,None,119741000,,0.48,0.0024,,,,-0.157,0.06,612673000,732414000,0.79,2024-12-31,37.59,,1684943000.0,1648927000,601875000,59503000,,,None,3587000,24772000,,None,,,,,542372000,542372000,21185000,None,0.189,,1055139000,593788000,,,,,None,,,,,1.676,11.44,11.06,,,,,,,,0.155,,,2025-10-28,annual,0.85,USD,post-market,460876000,,0.0833,0.158,0.043,17.8,617047000,,,,116.81,175.54,7.5949,,,,,,,2819880000,,72.59,,205.0,65.55
2025-12-28,TER,2.74,2859571000.0,72.59,,1.848,17.28,,,,,,,,,,,,,,,None,1139550000,1139550000,,,,,,None,110702000,,0.48,0.0024,,,,-0.157,0.06,501068000,611770000,0.79,2023-12-31,37.59,,1684943000.0,1536748000,525572000,65648000,,,None,24504000,4725000,,None,,,,,448752000,355786000,2931000,None,0.189,,1035680000,501068000,,,,,None,,,,,1.676,11.44,11.06,,,,,,,,0.155,,,2025-10-28,annual,0.85,USD,post-market,220525000,,0.0833,0.158,0.043,17.8,278384000,,,,116.81,175.54,7.5949,,,,,,,2676298000,,72.59,,205.0,65.55
2025-12-28,TER,2.74,2859571000.0,72.59,,1.848,17.28,,,,,,,,,,,,,,,None,1287894000,1287894000,,,,,,None,110675000,,0.48,0.0024,,,,-0.157,0.06,844104000,954779000,0.79,2022-12-31,37.59,,1684943000.0,1867151000,840385000,124884000,,,None,3719000,8446000,,None,,,,,715501000,715501000,8446000,None,0.189,,1035212000,831939000,,,,,12165000,,,,,1.676,11.44,11.06,,,,,,,,0.155,,,2025-10-28,annual,0.85,USD,post-market,440591000,,0.0833,0.158,0.043,17.8,558103000,,,,116.81,175.54,7.5949,,,,,,,3155045000,,72.59,,205.0,65.55
2025-12-28,TER,2.74,2859571000.0,72.59,,1.848,17.28,,,,,,,,,,,,,,,None,1496225000,1496225000,,,,,,None,125485000,,0.48,0.0024,,,,-0.157,0.06,1178775000,1304260000,0.79,2021-12-31,37.59,,1684943000.0,2206656000,1160955000,146366000,,,None,17820000,2627000,,None,,,,,1014589000,1020833000,-39765000,None,0.189,,1005936000,1200720000,,,,,-21945000,,,,,1.676,11.44,11.06,,,,,,,,0.155,,,2025-10-28,annual,0.85,USD,post-market,427609000,,0.0833,0.158,0.043,17.8,547559000,,,,116.81,175.54,7.5949,,,,,,,3702881000,,72.59,,205.0,65.55
2025-12-28,TER,2.74,2859571000.0,72.59,,1.848,17.28,,,,,,,,,,,,,,,None,1335728000,1335728000,,,,,,None,126743000,,0.48,0.0024,,,,-0.157,0.06,925197000,1051940000,0.79,2020-12-31,37.59,,1684943000.0,1785741000,901015000,116868000,,,None,24182000,5982000,,None,,,,,784147000,784147000,-27392000,None,0.189,,857334000,928407000,,,,,-3210000,,,,,1.676,11.44,11.06,,,,,,,,0.155,,,2025-10-28,annual,0.85,USD,post-market,374964000,,0.0833,0.158,0.043,17.8,464769000,,,,116.81,175.54,7.5949,,,,,,,3121469000,,72.59,,205.0,65.55
2025-12-28,TER,2.74,2859571000.0,72.59,,1.848,17.28,,,,,,,,,,,,,,,None,955136000,955136000,,,,,,None,120655000,,0.48,0.0024,,,,-0.157,0.06,547996000,668651000,0.79,2019-12-31,37.59,,1684943000.0,1339829000,525772000,58304000,,,None,22224000,24785000,,None,,,,,467468000,467468000,1640000,None,0.189,,800055000,553654000,,,,,-4737000,,,,,1.676,11.44,11.06,,,,,,,,0.155,,,2025-10-28,annual,0.85,USD,post-market,322824000,,0.0833,0.158,0.043,17.8,437084000,,,,116.81,175.54,7.5949,,,,,,,2294965000,,72.59,,205.0,65.55
2025-12-28,TER,2.74,2859571000.0,72.59,,1.848,17.28,,,,,,,,,,,,,,,None,880408000,880408000,,,,,,None,113224000,,0.48,0.0024,,,,-0.157,0.06,489581000,602805000,0.79,2018-12-31,37.59,,1684943000.0,1220394000,467801000,16022000,,,None,21780000,26704000,,None,,,,,451779000,451779000,-4565000,None,0.189,,731365000,473797000,,,,,25273000,,,,,1.676,11.44,11.06,,,,,,,,0.155,,,2025-10-28,annual,0.85,USD,post-market,301505000,,0.0833,0.158,0.043,17.8,390669000,,,,116.81,175.54,7.5949,,,,,,,2100802000,,72.59,,205.0,65.55
2025-12-28,TER,2.74,2859571000.0,72.59,,1.848,17.28,,,,,,,,,,,,,,,None,915153000,915153000,,,,,,None,108075000,,0.48,0.0024,,,,-0.157,0.06,546075000,654150000,0.79,2017-12-31,37.59,,1684943000.0,1221453000,524412000,266720000,,,None,21663000,17805000,,None,,,,,257692000,257692000,-3858000,None,0.189,,686748000,525343000,,,,,16047000,,,,,1.676,11.44,11.06,,,,,,,,0.155,,,2025-10-28,annual,0.85,USD,post-market,307305000,,0.0833,0.158,0.043,17.8,348287000,,,,116.81,175.54,7.5949,,,,,,,2136606000,,72.59,,205.0,65.55
2025-12-28,TER,2.74,2859571000.0,72.59,,1.848,17.28,,,,,,,,,,,,,,,None,794642000,794642000,,,,,,None,120009000,,0.48,0.0024,,,,-0.157,0.06,-51423000,68586000,0.79,2016-12-31,37.59,,1684943000.0,958608000,-55060000,-11639000,,,None,3637000,9296000,,None,,,,,-43421000,-43421000,5659000,None,0.189,,661351000,-62970000,,,,,8592000,,,,,1.676,11.44,11.06,,,,,,,,0.155,,,2025-10-28,annual,0.85,USD,post-market,292159000,,0.0833,0.158,0.043,17.8,315682000,,,,116.81,175.54,7.5949,,,,,,,1753250000,,72.59,,205.0,65.55
2025-12-28,TER,2.74,2859571000.0,72.59,,1.848,17.28,,,,,,,,,,,,,,,None,723935000,723935000,,,,,,None,140773000,,0.48,0.0024,,,,-0.157,0.06,255000000,395773000,0.79,2015-12-31,37.59,,1684943000.0,915643000,253124000,46647000,,,None,1876000,2291000,,None,,,,,206477000,206477000,None,None,0.189,,667594000,242969000,,,,,12031000,,,,,1.676,11.44,11.06,,,,,,,,0.155,,,2025-10-28,annual,0.85,USD,post-market,292250000,,0.0833,0.158,0.043,17.8,306313000,,,,116.81,175.54,7.5949,,,,,,,1639578000,,72.59,,205.0,65.55
2025-12-28,TER,2.74,2859571000.0,72.59,,1.848,17.28,,,,,,,,,,,,,,,None,769016000,769016000,,,,,,None,152544000,,0.48,0.0024,,,,-0.157,0.06,102310000,254854000,0.79,2014-12-31,37.59,,1684943000.0,878808000,95376000,14104000,,,None,6934000,None,,None,,,,,81272000,81272000,None,None,0.189,,682123000,96423000,,,,,5887000,,,,,1.676,11.44,11.06,,,,,,,,0.155,,,2025-10-28,annual,0.85,USD,post-market,291639000,,0.0833,0.158,0.043,17.8,319713000,,,,116.81,175.54,7.5949,,,,,,,1647824000,,72.59,,205.0,65.55
2025-12-28,TER,2.74,2859571000.0,72.59,,1.848,17.28,,,,,,,,,,,,,,,None,619132000,619132000,,,,,,None,150687000,,0.48,0.0024,,,,-0.157,0.06,228019000,378706000,0.79,2013-12-31,37.59,,1684943000.0,808801000,201922000,36975000,,,None,26097000,None,,None,,,,,164947000,164947000,None,None,0.189,,616062000,190659000,,,,,4129000,,,,,1.676,11.44,11.06,,,,,,,,0.155,,,2025-10-28,annual,0.85,USD,post-market,264055000,,0.0833,0.158,0.043,17.8,279560000,,,,116.81,175.54,7.5949,,,,,,,1427933000,,72.59,,205.0,65.55
2025-12-28,TER,2.74,2859571000.0,72.59,,1.848,17.28,,,,,,,,,,,,,,,None,770713000,770713000,,,,,,None,145514000,,0.48,0.0024,,,,-0.157,0.06,290510000,436024000,0.79,2012-12-31,37.59,,1684943000.0,886037000,265976000,48927000,,,None,24534000,None,,None,,,,,217049000,217049000,None,None,0.189,,606390000,287368000,,,,,4090000,,,,,1.676,11.44,11.06,,,,,,,,0.155,,,2025-10-28,annual,0.85,USD,post-market,255866000,,0.0833,0.158,0.043,17.8,281500000,,,,116.81,175.54,7.5949,,,,,,,1656750000,,72.59,,205.0,65.55
2025-12-28,TER,2.74,2859571000.0,72.59,,1.848,17.28,,,,,,,,,,,,,,,None,717238000,717238000,,,,,,None,106681000,,0.48,0.0024,,,,-0.157,0.06,238115000,344796000,0.79,2011-12-31,37.59,,1684943000.0,711823000,218637000,-129536000,,,None,23694000,None,,None,,,,,349438000,347893000,None,None,0.189,,473582000,231498000,,,,,6617000,,,,,1.676,11.44,11.06,,,,,,,,0.155,,,2025-10-28,annual,0.85,USD,post-market,201024000,,0.0833,0.158,0.043,17.8,233711000,,,,116.81,175.54,7.5949,,,,,,,1429061000,,72.59,,205.0,65.55
2025-12-28,TER,2.74,2859571000.0,72.59,,1.848,17.28,,,,,,,,,,,,,,,None,708579000,708579000,,,,,,None,93516000,,0.48,0.0024,,,,-0.157,0.06,420798000,514314000,0.79,2010-12-31,37.59,,1684943000.0,857583000,396347000,16655000,,,None,24451000,None,,None,,,,,379730000,379730000,None,None,0.189,,446446000,414937000,,,,,-18956000,,,,,1.676,11.44,11.06,,,,,,,,0.155,,,2025-10-28,annual,0.85,USD,post-market,191863000,,0.0833,0.158,0.043,17.8,230101000,,,,116.81,175.54,7.5949,,,,,,,1566162000,,72.59,,205.0,65.55
2025-12-28,TER,2.74,2859571000.0,72.59,,1.848,17.28,,,,,,,,,,,,,,,None,507774000,507774000,,,,,,None,106081000,,0.48,0.0024,,,,-0.157,0.06,-119004000,-12923000,0.79,2009-12-31,37.59,,1684943000.0,311633000,-142637000,-8800000,,,None,23633000,None,,None,,,,,-133836999,None,None,None,0.189,,397561000,-122421000,,,,,None,,,,,1.676,11.44,11.06,,,,,,,,0.155,,,2025-10-28,annual,0.85,USD,post-market,164835000,,0.0833,0.158,0.043,17.8,200430000,,,,116.81,175.54,7.5949,,,,,,,819407000,,72.59,,205.0,65.55
2025-12-28,TER,2.74,2859571000.0,72.59,,1.848,17.28,,,,,,,,,,,,,,,None,608850000,608850000,,,,,,None,94760000,,0.48,0.0024,,,,-0.157,0.06,-368182000,-273422000,0.79,2008-12-31,37.59,,1684943000.0,498192000,-386025000,12577000,,,None,14236000,None,,None,,,,,-397834000,None,None,None,0.189,,816157000,-380740000,,,,,None,,,,,1.676,11.44,11.06,,,,,,,,0.155,,,2025-10-28,annual,0.85,USD,post-market,218061000,,0.0833,0.158,0.043,17.8,247789000,,,,116.81,175.54,7.5949,,,,,,,1107042000,,72.59,,205.0,65.55
2025-12-28,TER,2.74,2859571000.0,72.59,,1.848,17.28,,,,,,,,,,,,,,,None,588847000,588847000,,,,,,None,67495000,,0.48,0.0024,,,,-0.157,0.06,58248000,125743000,0.79,2007-12-31,37.59,,1684943000.0,513433000,79243000,7360000,,,None,689000,None,,None,,,,,71811000,None,None,None,0.189,,455185000,42207000,,,,,None,,,,,1.676,11.44,11.06,,,,,,,,0.155,,,2025-10-28,annual,0.85,USD,post-market,204344000,,0.0833,0.158,0.043,17.8,250841000,,,,116.81,175.54,7.5949,,,,,,,1102280000,,72.59,,205.0,65.55
2025-12-28,TER,2.74,2859571000.0,72.59,,1.848,17.28,,,,,,,,,,,,,,,None,704367000,704367000,,,,,,None,73540000,,0.48,0.0024,,,,-0.157,0.06,166434000,239974000,0.79,2006-12-31,37.59,,1684943000.0,651882000,230395000,27869000,,,None,11060000,None,,None,,,,,198757000,None,None,None,0.189,,485448000,202467000,,,,,None,,,,,1.676,11.44,11.06,,,,,,,,0.155,,,2025-10-28,annual,0.85,USD,post-market,202436000,,0.0833,0.158,0.043,17.8,289006000,,,,116.81,175.54,7.5949,,,,,,,1356249000,,72.59,,205.0,65.55
2025-12-28,TER,2.74,2859571000.0,72.59,,1.848,17.28,,,,,,,,,,,,,,,None,650046000,650046000,,,,,,None,91168000,,0.48,0.0024,,,,-0.157,0.06,-67303000,23865000,0.79,2005-12-31,37.59,,1684943000.0,395058000,-80137000,-19730000,,,None,16229000,None,,None,,,,,-46305000,None,None,None,0.189,,462361000,-84947000,,,,,None,,,,,1.676,11.44,11.06,,,,,,,,0.155,,,2025-10-28,annual,0.85,USD,post-market,216373000,,0.0833,0.158,0.043,17.8,252807000,,,,116.81,175.54,7.5949,,,,,,,1045104000,,72.59,,205.0,65.55
2025-12-28,TER,2.74,2859571000.0,72.59,None,1.848,17.28,,68751000,272700000,272700000,,,,,,,,,19656000,159097000,None,650046000,650046000,227850000,None,None,593800000,None,None,91168000,,0.48,0.0024,,,,-0.157,0.06,-67303000,23865000,0.79,2025-09-30,37.59,519550000,1684943000.0,395058000,-80137000,-19730000,54708000,54708000,None,16229000,None,366752000,None,None,None,None,667659000,-46305000,None,None,None,0.189,,462361000,-84947000,491889000,-71880937000,None,None,None,,,,,1.676,11.44,11.06,,,,,,,,0.155,,None,2025-10-28,quarterly,0.85,USD,post-market,216373000,686782000,0.0833,0.158,0.043,17.8,252807000,68751000,19026000,25017000,116.81,175.54,7.5949,3963731000,1750158000,994989000,1246456000,2213573000,251467000,1045104000,2717275000,72.59,None,205.0,65.55
2025-12-28,TER,2.74,2859571000.0,72.59,None,1.848,17.28,,74461000,339252000,339252000,,,,,,,,,19901000,161065000,None,650046000,650046000,172025000,None,None,433001000,None,None,91168000,,0.48,0.0024,,,,-0.157,0.06,-67303000,23865000,0.79,2025-06-30,37.59,520470000,1684943000.0,395058000,-80137000,-19730000,58232999,58232999,None,16229000,None,720615000,None,None,None,None,666098000,-46305000,None,None,None,0.189,,462361000,-84947000,62101000,-72496519000,None,None,None,,,,,1.676,11.44,11.06,,,,,,,,0.155,,None,2025-10-28,quarterly,0.85,USD,post-market,216373000,834863000,0.0833,0.158,0.043,17.8,252807000,74461000,19770000,28638000,116.81,175.54,7.5949,3761862000,1583607000,675265000,924561000,2178255000,249296000,1045104000,2837301000,72.59,None,205.0,65.55
2025-12-28,TER,2.74,2859571000.0,72.59,None,1.848,17.28,,68763000,475632000,475632000,,,,,,,,,20084000,161996000,None,650046000,650046000,187034000,None,None,460397000,None,None,91168000,,0.48,0.0024,,,,-0.157,0.06,-67303000,23865000,0.79,2025-03-31,37.59,409313000,1684943000.0,395058000,-80137000,-19730000,17971000,17971000,None,16229000,None,713341000,None,None,None,None,623380000,-46305000,None,None,None,0.189,,462361000,-84947000,74086000,-80405194000,None,None,None,,,,,1.676,11.44,11.06,,,,,,,,0.155,,None,2025-10-28,quarterly,0.85,USD,post-market,216373000,893227000,0.0833,0.158,0.043,17.8,252807000,68763000,18340000,32145000,116.81,175.54,7.5949,3705837000,1755601000,649066000,908338000,1950235999,259271999,1045104000,2797499000,72.59,None,205.0,65.55
2025-12-28,TER,2.74,2859571000.0,72.59,None,1.848,17.28,,76621000,553354000,553354000,,,,,,,,,20215000,163184000,None,650046000,650046000,134792000,None,None,471426000,None,None,91168000,,0.48,0.0024,,,,-0.157,0.06,-67303000,23865000,0.79,2024-12-31,37.59,395367000,1684943000.0,395058000,-80137000,-19730000,15927000,15927000,None,16229000,None,664367000,None,None,None,None,618615000,-46305000,None,None,None,0.189,,462361000,-84947000,80938000,-67246622000,None,None,None,,,,,1.676,11.44,11.06,,,,,,,,0.155,,None,2025-10-28,quarterly,0.85,USD,post-market,216373000,970761000,0.0833,0.158,0.043,17.8,252807000,76621000,18699000,46312000,116.81,175.54,7.5949,3708714000,1816397000,624579000,889420000,1892317000,264841000,1045104000,2819294000,72.59,None,205.0,65.55
2025-12-28,TER,2.74,2859571000.0,72.59,None,1.848,17.28,,79462000,510036000,510036000,,,,,,,,,20370000,164253000,None,650046000,650046000,158459000,None,None,484376000,None,None,91168000,,0.48,0.0024,,,,-0.157,0.06,-67303000,23865000,0.79,2024-09-30,37.59,419412000,1684943000.0,395058000,-80137000,-19730000,21288000,21288000,None,16229000,None,736987000,None,None,None,None,664295000,-46305000,None,None,None,0.189,,462361000,-84947000,65836000,264944000,None,None,None,,,,,1.676,11.44,11.06,,,,,,,,0.155,,None,2025-10-28,quarterly,0.85,USD,post-market,216373000,990039000,0.0833,0.158,0.043,17.8,252807000,79462000,19175000,41631000,116.81,175.54,7.5949,3769728000,1838866000,594896000,867186000,1930862000,272290000,1045104000,2902542000,72.59,None,205.0,65.55
2025-12-28,TER,2.74,2859571000.0,72.59,None,1.848,17.28,,80163000,421904000,421904000,,,,,,,,,20225000,163470000,None,650046000,650046000,160808000,None,None,470297000,None,None,91168000,,0.48,0.0024,,,,-0.157,0.06,-67303000,23865000,0.79,2024-06-30,37.59,405110000,1684943000.0,395058000,-80137000,-19730000,25465000,25465000,None,16229000,None,762194000,None,None,None,None,647783000,-46305000,None,None,None,0.189,,462361000,-84947000,63344000,269933000,None,None,None,,,,,1.676,11.44,11.06,,,,,,,,0.155,,None,2025-10-28,quarterly,0.85,USD,post-market,216373000,889340000,0.0833,0.158,0.043,17.8,252807000,80163000,18280000,38654000,116.81,175.54,7.5949,3631706000,1756393000,626374000,900894000,1875313000,274520000,1045104000,2730812000,72.59,None,205.0,65.55
2025-12-28,TER,2.74,2859571000.0,72.59,None,1.848,17.28,,82954000,707403000,707403000,,,,,,,,,19220000,162348000,None,650046000,650046000,153873000,None,None,426333000,None,None,91168000,,0.48,0.0024,,,,-0.157,0.06,-67303000,23865000,0.79,2024-03-31,37.59,407576000,1684943000.0,395058000,-80137000,-19730000,30234000,30234000,None,16229000,None,805744000,None,None,None,None,121905000,-46305000,None,None,None,0.189,,462361000,-84947000,84613000,227106000,None,None,None,,,,,1.676,11.44,11.06,,,,,,,,0.155,,None,2025-10-28,quarterly,0.85,USD,post-market,216373000,730260000,0.0833,0.158,0.043,17.8,252807000,82954000,17400000,41300000,116.81,175.54,7.5949,3410720000,2065393000,554359000,852891000,1345326999,298531999,1045104000,2557829000,72.59,None,205.0,65.55
2025-12-28,TER,2.74,2859571000.0,72.59,None,1.848,17.28,,82614000,757571000,757571000,,,,,,,,,19087000,162106000,None,650046000,650046000,180131000,None,None,422124000,None,None,91168000,,0.48,0.0024,,,,-0.157,0.06,-67303000,23865000,0.79,2023-12-31,37.59,415652000,1684943000.0,395058000,-80137000,-19730000,451056000,451056000,None,16229000,None,309974000,None,None,None,None,117434000,-46305000,None,None,None,0.189,,462361000,-84947000,610212000,313841000,None,None,None,,,,,1.676,11.44,11.06,,,,,,,,0.155,,None,2025-10-28,quarterly,0.85,USD,post-market,216373000,706514000,0.0833,0.158,0.043,17.8,252807000,82614000,17522000,62154000,116.81,175.54,7.5949,3486824000,2162035000,659951000,960927000,1324789000,300976000,1045104000,2525897000,72.59,None,205.0,65.55
2025-12-28,TER,2.74,2859571000.0,72.59,None,1.848,17.28,,87390000,636961000,636961000,,,,,,,,,19154000,164050000,None,650046000,650046000,176117000,None,23529000,455878000,None,None,91168000,,0.48,0.0024,,,,-0.157,0.06,-67303000,23865000,0.79,2023-09-30,37.59,401140000,1684943000.0,395058000,-80137000,-19730000,39165000,39165000,None,16229000,None,879001000,None,None,None,None,103911000,-46305000,None,None,None,0.189,,462361000,-84947000,47949000,277855000,None,None,None,,,,,1.676,11.44,11.06,,,,,,,,0.155,,None,2025-10-28,quarterly,0.85,USD,post-market,216373000,653937000,0.0833,0.158,0.043,17.8,252807000,110919000,41555000,79570000,116.81,175.54,7.5949,3370655000,2099359000,640659000,929355000,1271296000,288696000,1045104000,2441300000,72.59,None,205.0,65.55
2025-12-28,TER,2.74,2859571000.0,72.59,None,1.848,17.28,,85291000,613208000,613208000,,,,,,,,,19269000,164751000,None,650046000,650046000,153157000,None,32806000,493234000,None,None,91168000,,0.48,0.0024,,,,-0.157,0.06,-67303000,23865000,0.79,2023-06-30,37.59,412110000,1684943000.0,395058000,-80137000,-19730000,44611000,44611000,None,16229000,None,862645000,None,None,None,None,104685000,-46305000,None,None,None,0.189,,462361000,-84947000,59554000,278088000,None,None,None,,,,,1.676,11.44,11.06,,,,,,,,0.155,,None,2025-10-28,quarterly,0.85,USD,post-market,216373000,661496000,0.0833,0.158,0.043,17.8,252807000,118097000,53018000,95199000,116.81,175.54,7.5949,3394896000,2123840000,669785000,960013000,1271056000,290228000,1045104000,2434883000,72.59,None,205.0,65.55
2025-12-28,TER,2.74,2859571000.0,72.59,None,1.848,17.28,,85067000,649208000,649208000,,,,,,,,,19431000,166308000,None,650046000,650046000,142382000,None,35109000,455334000,None,None,91168000,,0.48,0.0024,,,,-0.157,0.06,-67303000,23865000,0.79,2023-03-31,37.59,409828000,1684943000.0,395058000,-80137000,-19730000,49246000,49246000,None,16229000,None,846907000,None,None,None,None,116938000,-46305000,None,None,None,0.189,,462361000,-84947000,67632000,234172000,None,None,None,,,,,1.676,11.44,11.06,,,,,,,,0.155,,432381000,2025-10-28,quarterly,0.85,USD,post-market,216373000,694145000,0.0833,0.158,0.043,17.8,252807000,120176000,55094000,92895000,116.81,175.54,7.5949,3383407000,2111976000,628092000,933945000,1271431000,305853000,1045104000,2449462000,72.59,None,205.0,65.55
2025-12-28,TER,2.74,2859571000.0,72.59,None,1.848,17.28,,82770000,854773000,854773000,,,,,,,,,19470000,165468000,None,650046000,650046000,139722000,None,50115000,491145000,None,None,91168000,,0.48,0.0024,,,,-0.157,0.06,-67303000,23865000,0.79,2022-12-31,37.59,403195000,1684943000.0,395058000,-80137000,-19730000,53478000,53478000,None,16229000,None,816124000,None,None,None,None,110777000,-46305000,None,None,None,0.189,,462361000,-84947000,56261000,324537000,None,None,None,,,,,1.676,11.44,11.06,,,,,,,,0.155,,418683000,2025-10-28,quarterly,0.85,USD,post-market,216373000,725729000,0.0833,0.158,0.043,17.8,252807000,132885000,68709000,39612000,116.81,175.54,7.5949,3501252000,2257915000,746263000,1049958000,1243337000,303695000,1045104000,2451294000,72.59,None,205.0,65.55
2025-12-28,TER,2.74,2859571000.0,72.59,None,1.848,17.28,,68951000,710746000,710746000,,,,,,,,,19473000,166733000,None,650046000,650046000,167975000,None,14596000,530349000,None,None,91168000,,0.48,0.0024,,,,-0.157,0.06,-67303000,23865000,0.79,2022-09-30,37.59,375799000,1684943000.0,395058000,-80137000,-19730000,55580000,55580000,None,16229000,None,777402000,None,None,50195000,None,111039000,-46305000,None,None,None,0.189,,462361000,-84947000,43747000,358700000,None,263830000,None,,,,,1.676,11.44,11.06,,,,,,,,0.155,,476611000,2025-10-28,quarterly,0.85,USD,post-market,216373000,572652000,0.0833,0.158,0.043,17.8,252807000,133742000,31675000,65310000,116.81,175.54,7.5949,3319906000,2127554000,701941000,1065781000,1192351999,363839999,1045104000,2254125000,72.59,None,205.0,65.55
2025-12-28,TER,2.74,2859571000.0,72.59,None,1.848,17.28,,80521000,572023000,572023000,,,,,,,,,19735000,171159000,None,650046000,650046000,175606000,None,9632000,683739000,None,None,91168000,,0.48,0.0024,,,,-0.157,0.06,-67303000,23865000,0.79,2022-06-30,37.59,397733000,1684943000.0,395058000,-80137000,-19730000,62509000,62509000,None,16229000,None,756352000,None,None,64796000,None,111999000,-46305000,None,None,None,0.189,,462361000,-84947000,48475000,324387000,None,274149000,None,,,,,1.676,11.44,11.06,,,,,,,,0.155,,483075000,2025-10-28,quarterly,0.85,USD,post-market,216373000,610234000,0.0833,0.158,0.043,17.8,252807000,149798000,27402000,209846000,116.81,175.54,7.5949,3488426000,2270435000,797385000,1189830000,1217991000,392444999,1045104000,2298596000,72.59,None,205.0,65.55
2025-12-28,TER,2.74,2859571000.0,72.59,None,1.848,17.28,,74457000,794603000,794603000,,,,,,,,,20132000,175575000,None,650046000,650046000,156493000,None,20497000,546881000,None,None,91168000,,0.48,0.0024,,,,-0.157,0.06,-67303000,23865000,0.79,2022-03-31,37.59,419888000,1684943000.0,395058000,-80137000,-19730000,69846000,69846000,None,16229000,None,701006000,None,None,75378000,None,126130000,-46305000,None,None,None,0.189,,462361000,-84947000,49876000,257539000,None,290420000,None,,,,,1.676,11.44,11.06,,,,,,,,0.155,,467203000,2025-10-28,quarterly,0.85,USD,post-market,216373000,762189000,0.0833,0.158,0.043,17.8,252807000,170332000,39020000,282016000,116.81,175.54,7.5949,3609154000,2374382000,712199000,1134622000,1234772000,422423000,1045104000,2474532000,72.59,None,205.0,65.55
2025-12-28,TER,2.74,2859571000.0,72.59,None,1.848,17.28,,76155000,1122199000,1122199000,,,,,,,,,21793000,178020000,None,650046000,650046000,153133000,None,19182000,550749000,None,None,91168000,,0.48,0.0024,,,,-0.157,0.06,-67303000,23865000,0.79,2021-12-31,37.59,426024000,1684943000.0,395058000,-80137000,-19730000,75635000,75635000,None,16229000,None,607808000,None,None,89244000,None,133858000,-46305000,None,None,None,0.189,,462361000,-84947000,51240000,377854000,None,None,None,,,,,1.676,11.44,11.06,,,,,,,,0.155,,456047000,2025-10-28,quarterly,0.85,USD,post-market,216373000,736566000,0.0833,0.158,0.043,17.8,252807000,184581000,39159000,244231000,116.81,175.54,7.5949,3809425000,2576227000,805120000,1245469000,1233198000,440349000,1045104000,2563956000,72.59,None,205.0,65.55
2025-12-28,TER,2.74,2859571000.0,72.59,None,1.848,17.28,,69093000,1079454000,1079454000,,,,,,,,,23347000,181987000,None,650046000,650046000,154912000,None,32219000,597124000,None,None,91168000,,0.48,0.0024,,,,-0.157,0.06,-67303000,23865000,0.79,2021-09-30,37.59,433398000,1684943000.0,395058000,-80137000,-19730000,81677000,81677000,None,16229000,None,558902000,None,None,112784000,None,136664000,-46305000,None,None,None,0.189,,462361000,-84947000,52307000,332420000,None,None,None,,,,,1.676,11.44,11.06,,,,,,,,0.155,,452153000,2025-10-28,quarterly,0.85,USD,post-market,216373000,712437000,0.0833,0.158,0.043,17.8,252807000,214096000,52820000,233397000,116.81,175.54,7.5949,3762182000,2521184000,753609000,1221808000,1240997999,468198999,1045104000,2540374000,72.59,None,205.0,65.55
2025-12-28,TER,2.74,2859571000.0,72.59,None,1.848,17.28,,69605000,954441000,954441000,,,,,,,,,42066000,186750000,None,650046000,650046000,156103000,None,213761000,868457000,None,None,91168000,,0.48,0.0024,,,,-0.157,0.06,-67303000,23865000,0.79,2021-06-30,37.59,441597000,1684943000.0,395058000,-80137000,-19730000,88121000,88121000,None,16229000,None,546249000,None,None,143618000,None,181560000,-46305000,None,None,None,0.189,,462361000,-84947000,48204000,352201000,None,None,None,,,,,1.676,11.44,11.06,,,,,,,,0.155,,457244000,2025-10-28,quarterly,0.85,USD,post-market,216373000,684952000,0.0833,0.158,0.043,17.8,252807000,426984000,234300000,282121000,116.81,175.54,7.5949,4000922000,2699472000,985362000,1486280000,1301449999,500918000,1045104000,2514642000,72.59,None,205.0,65.55
2025-12-28,TER,2.74,2859571000.0,72.59,None,1.848,17.28,,58723000,831149000,831149000,,,,,,,,,22035000,187740000,None,650046000,650046000,177473000,None,11057000,581509000,None,None,91168000,,0.48,0.0024,,,,-0.157,0.06,-67303000,23865000,0.79,2021-03-31,37.59,437601000,1684943000.0,395058000,-80137000,-19730000,92850000,92850000,None,16229000,None,553649000,None,None,356877000,None,115620000,-46305000,None,None,None,0.189,,462361000,-84947000,56503000,243476000,None,None,None,,,,,1.676,11.44,11.06,,,,,,,,0.155,,402465000,2025-10-28,quarterly,0.85,USD,post-market,216373000,529102999,0.0833,0.158,0.043,17.8,252807000,426657000,30732000,478293000,116.81,175.54,7.5949,3719717000,2501103000,686842000,1393931000,1218614000,707089000,1045104000,2325786000,72.59,None,205.0,65.55
2025-12-28,TER,2.74,2859571000.0,72.59,None,1.848,17.28,,62646000,914121000,914121000,,,,,,,,,24552000,186837000,None,650046000,650046000,133663000,None,33343000,497506000,None,None,91168000,,0.48,0.0024,,,,-0.157,0.06,-67303000,23865000,0.79,2020-12-31,37.59,453859000,1684943000.0,395058000,-80137000,-19730000,100939000,100939000,None,16229000,None,434475000,None,None,376768000,None,117980000,-46305000,None,None,None,0.189,,462361000,-84947000,47052000,297902000,None,7227000,None,,,,,1.676,11.44,11.06,,,,,,,,0.155,,394800000,2025-10-28,quarterly,0.85,USD,post-market,216373000,387414000,0.0833,0.158,0.043,17.8,252807000,472757000,53916000,522280000,116.81,175.54,7.5949,3652346000,2415434000,700871000,1441541000,1236911999,740670000,1045104000,2210805000,72.59,None,205.0,65.55
2025-12-28,TER,2.74,2859571000.0,72.59,None,1.848,17.28,,62448000,945180000,945180000,,,,,,,,,20755000,184338000,None,650046000,650046000,150427000,None,None,587243000,None,None,91168000,,0.48,0.0024,,,,-0.157,0.06,-67303000,23865000,0.79,2020-09-30,37.59,435252000,1684943000.0,395058000,-80137000,-19730000,103672000,103672000,None,16229000,None,376884000,None,None,406178000,None,108254000,-46305000,None,None,None,0.189,,462361000,-84947000,46536000,292394000,None,294389000,None,,,,,1.676,11.44,11.06,,,,,,,,0.155,,386170000,2025-10-28,quarterly,0.85,USD,post-market,216373000,207710000,0.0833,0.158,0.043,17.8,252807000,468626000,20311000,287789000,116.81,175.54,7.5949,3436512000,2243632000,671840000,1442968000,1192880000,771128000,1045104000,1993544000,72.59,None,205.0,65.55
2025-12-28,TER,2.74,2859571000.0,72.59,None,1.848,17.28,,63582000,725431000,725431000,,,,,,,,,20725000,180257000,None,650046000,650046000,184163000,None,None,694521000,None,None,91168000,,0.48,0.0024,,,,-0.157,0.06,-67303000,23865000,0.79,2020-06-30,37.59,422003000,1684943000.0,395058000,-80137000,-19730000,107563000,107563000,None,16229000,None,397117000,None,None,402305000,None,106968000,-46305000,None,None,None,0.189,,462361000,-84947000,47147000,312110000,None,304989000,None,,,,,1.676,11.44,11.06,,,,,,,,0.155,,353595000,2025-10-28,quarterly,0.85,USD,post-market,216373000,1610000,0.0833,0.158,0.043,17.8,252807000,465887000,20000000,229791000,116.81,175.54,7.5949,3249189000,2094007000,729713000,1504638000,1155181999,774925000,1045104000,1744551000,72.59,None,205.0,65.55
2025-12-28,TER,2.74,2859571000.0,72.59,None,1.848,17.28,,65919000,593494000,593494000,,,,,,,,,20742000,180736000,None,650046000,650046000,129633000,None,None,487365000,None,None,91168000,,0.48,0.0024,,,,-0.157,0.06,-67303000,23865000,0.79,2020-03-31,37.59,409933000,1684943000.0,395058000,-80137000,-19730000,114321000,114321000,None,16229000,None,356060000,None,None,398466000,None,100513000,-46305000,None,None,None,0.189,,462361000,-84947000,54658000,207162000,None,294869000,None,,,,,1.676,11.44,11.06,,,,,,,,0.155,,332241000,2025-10-28,quarterly,0.85,USD,post-market,216373000,-164323000,0.0833,0.158,0.043,17.8,252807000,464385000,19591000,211001000,116.81,175.54,7.5949,2820388000,1702578000,513961000,1269715000,1117810000,755753999,1045104000,1550673000,72.59,None,205.0,65.55
2025-12-28,TER,2.74,2859571000.0,72.59,None,1.848,17.28,,65325000,773924000,773924000,,,,,,,,,20801000,181780000,None,650046000,650046000,126617000,None,None,362368000,None,None,91168000,,0.48,0.0024,,,,-0.157,0.06,-67303000,23865000,0.79,2019-12-31,37.59,416431000,1684943000.0,395058000,-80137000,-19730000,125480000,125480000,None,16229000,None,340083000,None,None,394687000,None,104490000,-46305000,None,None,None,0.189,,462361000,-84947000,45206000,243860000,None,313096000,None,,,,,1.676,11.44,11.06,,,,,,,,0.155,,320216000,2025-10-28,quarterly,0.85,USD,post-market,216373000,-241918000,0.0833,0.158,0.043,17.8,252807000,460012000,19476000,137303000,116.81,175.54,7.5949,2787014000,1658884000,539029000,1306856000,1128130000,767827000,1045104000,1480158000,72.59,None,205.0,65.55
2025-12-28,TER,2.74,2859571000.0,72.59,None,1.848,17.28,,65199000,593939000,593939000,,,,,,,,,21061000,180494000,None,650046000,650046000,117936000,None,None,357886000,None,None,91168000,,0.48,0.0024,,,,-0.157,0.06,-67303000,23865000,0.79,2019-09-30,37.59,370717000,1684943000.0,395058000,-80137000,-19730000,96573000,96573000,None,16229000,None,314673000,None,None,390942000,None,103558000,-46305000,None,None,None,0.189,,462361000,-84947000,45543000,227945000,None,11783000,None,,,,,1.676,11.44,11.06,,,,,,,,0.155,,365162000,2025-10-28,quarterly,0.85,USD,post-market,216373000,-226390000,0.0833,0.158,0.043,17.8,252807000,456141000,18386000,342538000,116.81,175.54,7.5949,2698791000,1654579000,493711000,1216156000,1044212000,722444999,1045104000,1482635000,72.59,None,205.0,65.55
2025-12-28,TER,2.74,2859571000.0,72.59,None,1.848,17.28,,64501000,495107000,495107000,,,,,,,,,21305000,178590000,None,650046000,650046000,103449000,None,18041000,372199000,None,None,91168000,,0.48,0.0024,,,,-0.157,0.06,-67303000,23865000,0.79,2019-06-30,37.59,383936000,1684943000.0,395058000,-80137000,-19730000,109494000,109494000,None,16229000,None,303693000,None,None,387243000,None,99001000,-46305000,None,None,None,0.189,,462361000,-84947000,45600000,210746000,None,15094000,None,,,,,1.676,11.44,11.06,,,,,,,,0.155,,295895000,2025-10-28,quarterly,0.85,USD,post-market,216373000,-222513000,0.0833,0.158,0.043,17.8,252807000,451744000,18041000,400227000,116.81,175.54,7.5949,2671514000,1616826000,467000000,1192102000,1054688000,725102000,1045104000,1479412000,72.59,None,205.0,65.55
2025-12-28,TER,2.74,2859571000.0,72.59,None,1.848,17.28,,55238000,483728000,483728000,,,,,,,,,21544000,176972000,None,650046000,650046000,118816000,None,17176000,333840000,None,None,91168000,,0.48,0.0024,,,,-0.157,0.06,-67303000,23865000,0.79,2019-03-31,37.59,379513000,1684943000.0,395058000,-80137000,-19730000,119372000,119372000,None,16229000,None,308357000,None,None,383590000,None,91926000,-46305000,None,None,None,0.189,,462361000,-84947000,47029000,179314000,None,15510000,None,,,,,1.676,11.44,11.06,,,,,,,,0.155,,283300000,2025-10-28,quarterly,0.85,USD,post-market,216373000,-215607000,0.0833,0.158,0.043,17.8,252807000,438828000,17176000,421088000,116.81,175.54,7.5949,2616643000,1594042000,441968000,1146415000,1022601000,704446999,1045104000,1470228000,72.59,None,205.0,65.55
2025-12-28,TER,2.74,2859571000.0,72.59,None,1.848,17.28,,None,926752000,926752000,,,,,,,,,21940000,181520000,None,650046000,650046000,100688000,None,None,291267000,None,None,91168000,,0.48,0.0024,,,,-0.157,0.06,-67303000,23865000,0.79,2018-12-31,37.59,381850000,1684943000.0,395058000,-80137000,-19730000,125482000,125482000,None,16229000,None,153541000,None,None,379981000,None,87731000,-46305000,None,None,None,0.189,,462361000,-84947000,170817000,34865000,None,None,None,,,,,1.676,11.44,11.06,,,,,,,,0.155,,279821000,2025-10-28,quarterly,0.85,USD,post-market,216373000,-158191000,0.0833,0.158,0.043,17.8,252807000,643004000,263023000,190096000,116.81,175.54,7.5949,2706606000,1732473000,477003000,1184252000,974133000,707249000,1045104000,1522354000,72.59,None,205.0,65.55
2025-12-28,TER,2.74,2859571000.0,72.59,None,1.848,17.28,,None,814019000,814019000,,,,,,,,,22911000,190505000,None,650046000,650046000,107890000,None,None,352476000,None,None,91168000,,0.48,0.0024,,,,-0.157,0.06,-67303000,23865000,0.79,2018-09-30,37.59,392998000,1684943000.0,395058000,-80137000,-19730000,139963000,139963000,None,16229000,None,154705000,None,None,376417000,None,91982000,-46305000,None,None,None,0.189,,462361000,-84947000,139785000,35532000,None,328763000,None,,,,,1.676,11.44,11.06,,,,,,,,0.155,,278071000,2025-10-28,quarterly,0.85,USD,post-market,216373000,-23243000,0.0833,0.158,0.043,17.8,252807000,613454000,237037000,418410000,116.81,175.54,7.5949,2882487000,1879395000,458412000,1214727000,1003092000,756315000,1045104000,1667760000,72.59,0,205.0,65.55
2025-12-28,TER,2.74,2859571000.0,72.59,None,1.848,17.28,,None,480384000,480384000,,,,,,,,,23495000,194909000,None,650046000,650046000,102737000,None,372897000,454122000,None,None,91168000,,0.48,0.0024,,,,-0.157,0.06,-67303000,23865000,0.79,2018-06-30,37.59,388625000,1684943000.0,395058000,-80137000,-19730000,148173000,148173000,None,16229000,None,135550000,None,None,372897000,None,111417000,-46305000,None,None,None,0.189,,462361000,-84947000,111820000,35911000,None,318917000,None,,,,,1.676,11.44,11.06,,,,,,,,0.155,,285302000,2025-10-28,quarterly,0.85,USD,post-market,216373000,74270000,0.0833,0.158,0.043,17.8,252807000,604068000,231171000,712309000,116.81,175.54,7.5949,2931720000,1894185000,452310000,1191780000,1037535000,739470000,1045104000,1739940000,72.59,0,205.0,65.55
2025-12-28,TER,2.74,2859571000.0,72.59,None,1.848,17.28,,None,637873000,637873000,,,,,,,,,24226000,203484000,None,650046000,650046000,103950000,None,369421000,413978000,None,None,91168000,,0.48,0.0024,,,,-0.157,0.06,-67303000,23865000,0.79,2018-03-31,37.59,275700000,1684943000.0,395058000,-80137000,-19730000,84413000,84413000,None,16229000,None,131857000,None,None,369421000,None,89259000,-46305000,None,None,None,0.189,,462361000,-84947000,112191000,15581000,None,301553000,None,,,,,1.676,11.44,11.06,,,,,,,,0.155,,281284000,2025-10-28,quarterly,0.85,USD,post-market,216373000,216120000,0.0833,0.158,0.043,17.8,252807000,548928000,179507000,860526000,116.81,175.54,7.5949,2995193000,2156425000,384930000,1083815000,838768000,698885000,1045104000,1911378000,72.59,0,205.0,65.55
2025-12-28,TER,2.74,2859571000.0,72.59,None,1.848,17.28,,None,429843000,429843000,,,,,,,,,24444000,196010000,None,650046000,650046000,86393000,None,365987000,272783000,None,None,91168000,,0.48,0.0024,,,,-0.157,0.06,-67303000,23865000,0.79,2017-12-31,37.59,252011000,1684943000.0,395058000,-80137000,-19730000,79088000,79088000,None,16229000,None,107525000,None,None,365987000,None,125926000,-46305000,None,None,None,0.189,,462361000,-84947000,112151000,24497000,None,298729000,None,,,,,1.676,11.44,11.06,,,,,,,,0.155,,268447000,2025-10-28,quarterly,0.85,USD,post-market,216373000,272013000,0.0833,0.158,0.043,17.8,252807000,625819000,259832000,1347979000,116.81,175.54,7.5949,3109545000,2270281000,454336000,1155899000,839264000,701563000,1045104000,1953646000,72.59,0,205.0,65.55
2025-12-28,TER,2.74,2859571000.0,72.59,None,1.848,17.28,,None,418677000,418677000,,,,,,,,,24589000,200775000,None,650046000,650046000,79429000,None,362595000,268068000,None,None,91168000,,0.48,0.0024,,,,-0.157,0.06,-67303000,23865000,0.79,2017-09-30,37.59,249277000,1684943000.0,395058000,-80137000,-19730000,85729000,85729000,None,16229000,None,125183000,None,None,362595000,None,211943000,-46305000,None,None,None,0.189,,462361000,-84947000,110330000,21818000,None,143231000,None,,,,,1.676,11.44,11.06,,,,,,,,0.155,,259080000,2025-10-28,quarterly,0.85,USD,post-market,216373000,438201000,0.0833,0.158,0.043,17.8,252807000,581217000,218622000,1217830000,116.81,175.54,7.5949,3089327000,2140088000,431375000,979430000,949239000,548055000,1045104000,2109897000,72.59,0,205.0,65.55
2025-12-28,TER,2.74,2859571000.0,72.59,None,1.848,17.28,,None,598349000,598349000,,,,,,,,,24750000,201529000,None,650046000,650046000,103454000,None,359245000,405946000,None,None,91168000,,0.48,0.0024,,,,-0.157,0.06,-67303000,23865000,0.79,2017-06-30,37.59,242215000,1684943000.0,395058000,-80137000,-19730000,90603000,90603000,None,16229000,None,153645000,None,None,359245000,None,212501000,-46305000,None,None,None,0.189,,462361000,-84947000,112747000,22432000,None,139732000,None,,,,,1.676,11.44,11.06,,,,,,,,0.155,,258017000,2025-10-28,quarterly,0.85,USD,post-market,216373000,404978000,0.0833,0.158,0.043,17.8,252807000,591479000,232234000,809338000,116.81,175.54,7.5949,3030225000,2080025000,439207000,981577000,950200000,542370000,1045104000,2048648000,72.59,0,205.0,65.55
2025-12-28,TER,2.74,2859571000.0,72.59,None,1.848,17.28,,None,324746000,324746000,,,,,,,,,24950000,201936000,None,650046000,650046000,121417000,None,355937000,314962000,None,None,91168000,,0.48,0.0024,,,,-0.157,0.06,-67303000,23865000,0.79,2017-03-31,37.59,230065000,1684943000.0,395058000,-80137000,-19730000,94843000,94843000,None,16229000,None,203278000,None,None,355937000,None,262061000,-46305000,None,None,None,0.189,,462361000,-84947000,115589000,21711000,None,136195000,None,,,,,1.676,11.44,11.06,,,,,,,,0.155,,253548000,2025-10-28,quarterly,0.85,USD,post-market,216373000,300302000,0.0833,0.158,0.043,17.8,252807000,527072000,171135000,895578000,116.81,175.54,7.5949,2842280000,1854153000,393057000,922427000,988127000,529370000,1045104000,1919853000,72.59,0,205.0,65.55
2025-12-28,TER,2.74,2859571000.0,72.59,None,1.848,17.28,,None,307884000,307884000,,,,,,,,,24897000,202947000,None,650046000,650046000,95362000,None,352669000,192444000,None,None,91168000,,0.48,0.0024,,,,-0.157,0.06,-67303000,23865000,0.79,2016-12-31,37.59,223343000,1684943000.0,395058000,-80137000,-19730000,100401000,100401000,None,16229000,None,135958000,None,None,352669000,None,433843000,-46305000,None,None,None,0.189,,462361000,-84947000,116493000,1050000,None,172862000,None,,,,,1.676,11.44,11.06,,,,,,,,0.155,,253821000,2025-10-28,quarterly,0.85,USD,post-market,216373000,230292000,0.0833,0.158,0.043,17.8,252807000,540144000,187475000,871024000,116.81,175.54,7.5949,2762493000,1623803000,372696000,933834000,1138690000,561138000,1045104000,1828659000,72.59,0,205.0,65.55
2025-12-28,TER,2.74,2859571000.0,72.59,None,1.848,17.28,,None,297937000,297937000,,,,,,,,,25205000,203929000,None,650046000,650046000,61890000,None,None,163213000,None,None,91168000,,0.48,0.0024,,,,-0.157,0.06,-67303000,23865000,0.79,2016-09-30,37.59,238589000,1684943000.0,395058000,-80137000,-19730000,114146000,114146000,None,16229000,None,191667000,None,None,0,None,357751000,-46305000,None,None,None,0.189,,462361000,-84947000,33870000,286269000,None,171286000,None,,,,,1.676,11.44,11.06,,,,,,,,0.155,,261821000,2025-10-28,quarterly,0.85,USD,post-market,216373000,235597000,0.0833,0.158,0.043,17.8,252807000,None,167228000,598501000,116.81,175.54,7.5949,2365687000,1285188000,369084000,583543000,1080498999,214459000,1045104000,1782144000,72.59,0,205.0,65.55
2025-12-28,TER,2.74,2859571000.0,72.59,None,1.848,17.28,,None,381095000,381095000,,,,,,,,,25355000,203018000,None,650046000,650046000,103090000,None,None,349547000,None,None,91168000,,0.48,0.0024,,,,-0.157,0.06,-67303000,23865000,0.79,2016-06-30,37.59,237210000,1684943000.0,395058000,-80137000,-19730000,122069000,122069000,None,16229000,None,129278000,None,None,0,None,282545000,-46305000,None,None,None,0.189,,462361000,-84947000,110812000,137367000,None,163893000,None,,,,,1.676,11.44,11.06,,,,,,,,0.155,,264555000,2025-10-28,quarterly,0.85,USD,post-market,216373000,212068000,0.0833,0.158,0.043,17.8,252807000,None,160289000,442154000,116.81,175.54,7.5949,2407858000,1412886000,455349000,662279000,994972000,206930000,1045104000,1745579000,72.59,0,205.0,65.55
2025-12-28,TER,2.74,2859571000.0,72.59,None,1.848,17.28,,None,319358000,319358000,,,,,,,,,25462000,205732000,None,650046000,650046000,84104000,None,None,253976000,None,None,91168000,,0.48,0.0024,,,,-0.157,0.06,-67303000,23865000,0.79,2016-03-31,37.59,495871000,1684943000.0,395058000,-80137000,-19730000,223274000,223274000,None,16229000,None,160687000,None,None,0,None,246072000,-46305000,None,None,None,0.189,,462361000,-84947000,98698000,164955000,None,164783000,None,,,,,1.676,11.44,11.06,,,,,,,,0.155,,266907000,2025-10-28,quarterly,0.85,USD,post-market,216373000,476393000,0.0833,0.158,0.043,17.8,252807000,None,187823000,410003000,116.81,175.54,7.5949,2548974000,1242722000,344522000,553073000,1306252000,208551000,1045104000,1995901000,72.59,0,205.0,65.55
2025-12-28,TER,2.74,2859571000.0,72.59,None,1.848,17.28,,None,264705000,264705000,,,,,,,,,25455000,205113000,None,650046000,650046000,92358000,None,None,211293000,None,None,91168000,,0.48,0.0024,,,,-0.157,0.06,-67303000,23865000,0.79,2015-12-31,37.59,488413000,1684943000.0,395058000,-80137000,-19730000,239831000,239831000,None,16229000,None,153588000,None,None,0,None,265928000,-46305000,None,None,None,0.189,,462361000,-84947000,152686000,173221000,None,157623000,None,,,,,1.676,11.44,11.06,,,,,,,,0.155,,273414000,2025-10-28,quarterly,0.85,USD,post-market,216373000,467828000,0.0833,0.158,0.043,17.8,252807000,None,179472000,477696000,116.81,175.54,7.5949,2548674000,1259968000,372857000,582888000,1288706000,210031000,1045104000,1965786000,72.59,0,205.0,65.55
2025-12-28,TER,2.74,2859571000.0,72.59,None,1.848,17.28,,None,294217000,294217000,,,,,,,,,25904000,211736000,None,650046000,650046000,81642000,None,None,245233000,None,None,91168000,,0.48,0.0024,,,,-0.157,0.06,-67303000,23865000,0.79,2015-09-30,37.59,498346000,1684943000.0,395058000,-80137000,-19730000,260294000,260294000,None,16229000,None,128432000,None,None,0,None,257560000,-46305000,None,None,None,0.189,,462361000,-84947000,143394000,196522000,None,155554000,None,,,,,1.676,11.44,11.06,,,,,,,,0.155,,275089000,2025-10-28,quarterly,0.85,USD,post-market,216373000,547993000,0.0833,0.158,0.043,17.8,252807000,None,225334000,525381000,116.81,175.54,7.5949,2661884000,1336657000,395741000,616279000,1325227000,220538000,1045104000,2045605000,72.59,0,205.0,65.55
2025-12-28,TER,2.74,2859571000.0,72.59,None,1.848,17.28,,None,300685000,300685000,,,,,,,,,26563000,215496000,None,650046000,650046000,86463000,None,None,296654000,None,None,91168000,,0.48,0.0024,,,,-0.157,0.06,-67303000,23865000,0.79,2015-06-30,37.59,495434000,1684943000.0,395058000,-80137000,-19730000,279126000,279126000,None,16229000,None,121817000,None,None,0,None,275882000,-46305000,None,None,None,0.189,,462361000,-84947000,145190000,195106000,None,152528000,None,,,,,1.676,11.44,11.06,,,,,,,,0.155,,291929000,2025-10-28,quarterly,0.85,USD,post-market,216373000,588472000,0.0833,0.158,0.043,17.8,252807000,None,223177000,452040000,116.81,175.54,7.5949,2692807000,1316386000,402934000,618585000,1376421000,215651000,1045104000,2074222000,72.59,0,205.0,65.55
2025-12-28,TER,2.74,2859571000.0,72.59,None,1.848,17.28,,None,218945000,218945000,,,,,,,,,26988000,218812000,None,650046000,650046000,59831000,None,None,175783000,None,None,91168000,,0.48,0.0024,,,,-0.157,0.06,-67303000,23865000,0.79,2015-03-31,37.59,273438000,1684943000.0,395058000,-80137000,-19730000,176792000,176792000,None,16229000,None,121051000,None,None,0,None,402722000,-46305000,None,None,None,0.189,,462361000,-84947000,156158000,134339000,None,123360000,None,,,,,1.676,11.44,11.06,,,,,,,,0.155,,308264000,2025-10-28,quarterly,0.85,USD,post-market,216373000,579571000,0.0833,0.158,0.043,17.8,252807000,None,24711000,649219000,116.81,175.54,7.5949,2512182000,1321156000,293133000,454960000,1191026000,161827000,1045104000,2057222000,72.59,0,205.0,65.55
2025-12-28,TER,2.74,2859571000.0,72.59,None,1.848,17.28,,None,294256000,294256000,,,,,,,,,27077000,216532000,None,650046000,650046000,47763000,None,None,151034000,None,None,91168000,,0.48,0.0024,,,,-0.157,0.06,-67303000,23865000,0.79,2014-12-31,37.59,273438000,1684943000.0,395058000,-80137000,-19730000,190600000,190600000,None,16229000,None,105129000,None,None,0,None,470789000,-46305000,None,None,None,0.189,,462361000,-84947000,159640000,152991000,None,123890000,None,,,,,1.676,11.44,11.06,,,,,,,,0.155,,329038000,2025-10-28,quarterly,0.85,USD,post-market,216373000,610079000,0.0833,0.158,0.043,17.8,252807000,None,20049000,533787000,116.81,175.54,7.5949,2538520000,1243846000,292406000,459540000,1294674000,167134000,1045104000,2078980000,72.59,0,205.0,65.55
2025-12-28,TER,2.74,2859571000.0,72.59,None,1.848,17.28,,None,211704000,211704000,,,,,,,,,27060000,218333000,None,650046000,650046000,60309000,None,None,321312000,None,None,91168000,,0.48,0.0024,,,,-0.157,0.06,-67303000,23865000,0.79,2014-09-30,37.59,361819000,1684943000.0,395058000,-80137000,-19730000,197477000,197477000,None,16229000,None,108377000,None,None,0,None,374808000,-46305000,None,None,None,0.189,,462361000,-84947000,164827000,189477000,None,116136000,None,,,,,1.676,11.44,11.06,,,,,,,,0.155,,335805000,2025-10-28,quarterly,0.85,USD,post-market,216373000,726889000,0.0833,0.158,0.043,17.8,252807000,None,19840000,594801000,116.81,175.54,7.5949,2695007000,1401021000,329804000,505099000,1293986000,175295000,1045104000,2189908000,72.59,0,205.0,65.55
2025-12-28,TER,2.74,2859571000.0,72.59,None,1.848,17.28,,None,254625000,254625000,,,,,,,,,24540000,216568000,None,650046000,650046000,102214000,None,None,300767000,None,None,91168000,,0.48,0.0024,,,,-0.157,0.06,-67303000,23865000,0.79,2014-06-30,37.59,361819000,1684943000.0,395058000,-80137000,-19730000,215748000,215748000,None,16229000,None,126874000,None,None,0,None,364077000,-46305000,None,None,None,0.189,,462361000,-84947000,183922000,179868000,None,109350000,None,,,,,1.676,11.44,11.06,,,,,,,,0.155,,308521000,2025-10-28,quarterly,0.85,USD,post-market,216373000,656711000,0.0833,0.158,0.043,17.8,252807000,None,15182000,488439000,116.81,175.54,7.5949,2630663000,1354627000,361232000,529190000,1276036000,167958000,1045104000,2101473000,72.59,0,205.0,65.55
2025-12-28,TER,2.74,2859571000.0,72.59,None,1.848,17.28,,None,232626000,232626000,,,,,,,,,24253000,236484000,None,650046000,650046000,70597000,None,None,216524000,None,None,91168000,,0.48,0.0024,,,,-0.157,0.06,-67303000,23865000,0.79,2014-03-31,37.59,361819000,1684943000.0,395058000,-80137000,-19730000,234020000,234020000,None,16229000,None,137434000,None,None,0,None,272068000,-46305000,None,None,None,0.189,,462361000,-84947000,212513000,135896000,None,106053000,None,,,,,1.676,11.44,11.06,,,,,,,,0.155,,278727000,2025-10-28,quarterly,0.85,USD,post-market,216373000,555512000,0.0833,0.158,0.043,17.8,252807000,None,1749000,462150000,116.81,175.54,7.5949,2433449000,1261247000,273053000,443619000,1172202000,170566000,1045104000,1989830000,72.59,0,205.0,65.55
2025-12-28,TER,2.74,2859571000.0,72.59,None,1.848,17.28,,None,341638000,341638000,,,,,,,,,23966000,236903000,None,650046000,650046000,62874000,None,None,157642000,None,None,91168000,,0.48,0.0024,,,,-0.157,0.06,-67303000,23865000,0.79,2013-12-31,37.59,361792000,1684943000.0,395058000,-80137000,-19730000,252291000,252291000,None,16229000,None,137939000,None,None,0,None,271078000,-46305000,None,None,None,0.189,,462361000,-84947000,216176000,214762000,None,115106000,None,,,,,1.676,11.44,11.06,,,,,,,,0.155,,275236000,2025-10-28,quarterly,0.85,USD,post-market,216373000,566232000,0.0833,0.158,0.043,17.8,252807000,186663000,186663000,586882000,116.81,175.54,7.5949,2629824000,1440277000,475632000,644730000,1189547000,169098000,1045104000,1985094000,72.59,0,205.0,65.55
2025-12-28,TER,2.74,2859571000.0,72.59,None,1.848,17.28,,None,572868000,572868000,,,,,,,,,23925000,235828000,None,650046000,650046000,67734000,None,None,209386000,None,None,91168000,,0.48,0.0024,,,,-0.157,0.06,-67303000,23865000,0.79,2013-09-30,37.59,349272000,1684943000.0,395058000,-80137000,-19730000,265705000,265705000,None,16229000,None,123032000,None,None,0,None,202087000,-46305000,None,None,None,0.189,,462361000,-84947000,204760000,140800000,None,117337000,None,,,,,1.676,11.44,11.06,,,,,,,,0.155,,275421000,2025-10-28,quarterly,0.85,USD,post-market,216373000,543889000,0.0833,0.158,0.043,17.8,252807000,183573000,183573000,384334000,116.81,175.54,7.5949,2611648000,1494380000,487723000,660147000,1117268000,172424000,1045104000,1951501000,72.59,0,205.0,65.55
2025-12-28,TER,2.74,2859571000.0,72.59,None,1.848,17.28,,None,227601000,227601000,,,,,,,,,23840000,234909000,None,650046000,650046000,67125000,None,None,228208000,None,None,91168000,,0.48,0.0024,,,,-0.157,0.06,-67303000,23865000,0.79,2013-06-30,37.59,349272000,1684943000.0,395058000,-80137000,-19730000,283728000,283728000,None,16229000,None,128204000,None,None,0,None,302846000,-46305000,None,None,None,0.189,,462361000,-84947000,197042000,126022000,None,114938000,None,,,,,1.676,11.44,11.06,,,,,,,,0.155,,264876000,2025-10-28,quarterly,0.85,USD,post-market,216373000,474430000,0.0833,0.158,0.043,17.8,252807000,179565000,179565000,501148000,116.81,175.54,7.5949,2506170000,1282203000,467488000,639677000,1223967000,172189000,1045104000,1866493000,72.59,0,205.0,65.55
2025-12-28,TER,2.74,2859571000.0,72.59,None,1.848,17.28,,None,305219000,305219000,,,,,,,,,23803000,234757000,None,650046000,650046000,59100000,None,None,166614000,None,None,91168000,,0.48,0.0024,,,,-0.157,0.06,-67303000,23865000,0.79,2013-03-31,37.59,349272000,1684943000.0,395058000,-80137000,-19730000,300831000,300831000,None,16229000,None,149058000,None,None,0,None,246253000,-46305000,None,None,None,0.189,,462361000,-84947000,181778000,106473000,None,115005000,None,,,,,1.676,11.44,11.06,,,,,,,,0.155,,264043000,2025-10-28,quarterly,0.85,USD,post-market,216373000,407874000,0.0833,0.158,0.043,17.8,252807000,176835000,176835000,404781000,116.81,175.54,7.5949,2389538000,1207450000,417445000,598273000,1182088000,180828000,1045104000,1791265000,72.59,0,205.0,65.55
2025-12-28,TER,2.74,2859571000.0,72.59,None,1.848,17.28,,None,338920000,338920000,,,,,,,,,23488000,187737000,None,650046000,650046000,58324000,None,None,153423000,None,None,91168000,,0.48,0.0024,,,,-0.157,0.06,-67303000,23865000,0.79,2012-12-31,37.59,349272000,1684943000.0,395058000,-80137000,-19730000,318867000,318867000,None,16229000,None,136930000,None,None,171059000,None,235872000,-46305000,None,None,None,0.189,,462361000,-84947000,172792000,143513000,None,115675000,None,,,,,1.676,11.44,11.06,,,,,,,,0.155,,265782000,2025-10-28,quarterly,0.85,USD,post-market,216373000,401285000,0.0833,0.158,0.043,17.8,252807000,173387000,2328000,431516000,116.81,175.54,7.5949,2428750000,1235466000,295348000,650395000,1193284000,355047000,1045104000,1778355000,72.59,0,205.0,65.55
2025-12-28,TER,2.74,2859571000.0,72.59,-586593000,1.848,17.28,,None,485692000,485692000,,,,,,,,,23456000,229210000,None,650046000,650046000,74187000,None,None,205464000,None,None,91168000,,0.48,0.0024,,,,-0.157,0.06,-67303000,23865000,0.79,2012-09-30,37.59,349373000,1684943000.0,395058000,-80137000,-19730000,337688000,337688000,None,16229000,None,134757000,None,None,167556000,None,178281000,-46305000,None,None,None,0.189,,462361000,-84947000,140504000,156662000,None,99715000,None,,,,,1.676,11.44,11.06,,,,,,,,0.155,,261118000,2025-10-28,quarterly,0.85,USD,post-market,216373000,417828000,0.0833,0.158,0.043,17.8,252807000,171419000,3863000,344850000,116.81,175.54,7.5949,2463291000,1311267000,349253000,678048000,1152024000,328795000,1045104000,1785243000,72.59,0,205.0,65.55
2025-12-28,TER,2.74,2859571000.0,72.59,-579608000,1.848,17.28,,None,589056000,589056000,,,,,,,,,23402000,229646000,None,650046000,650046000,117343000,None,None,346124000,None,None,91168000,,0.48,0.0024,,,,-0.157,0.06,-67303000,23865000,0.79,2012-06-30,37.59,352778000,1684943000.0,395058000,-80137000,-19730000,356117000,356117000,None,16229000,None,137898000,None,None,165283000,None,133750000,-46305000,None,None,None,0.189,,462361000,-84947000,137783000,199078000,None,97868000,None,,,,,1.676,11.44,11.06,,,,,,,,0.155,,248000000,2025-10-28,quarterly,0.85,USD,post-market,216373000,329187000,0.0833,0.158,0.043,17.8,252807000,167805000,2522000,105947000,116.81,175.54,7.5949,2434670000,1316808000,425871000,749240000,1117862000,323369000,1045104000,1685430000,72.59,0,205.0,65.55
2025-12-28,TER,2.74,2859571000.0,72.59,-570632000,1.848,17.28,,None,533396000,533396000,,,,,,,,,23302000,231153000,None,650046000,650046000,106381000,None,None,221547000,None,None,91168000,,0.48,0.0024,,,,-0.157,0.06,-67303000,23865000,0.79,2012-03-31,37.59,352778000,1684943000.0,395058000,-80137000,-19730000,374546000,374546000,None,16229000,None,138230000,None,None,161803000,None,121512000,-46305000,None,None,None,0.189,,462361000,-84947000,140595000,180388000,None,98550000,None,,,,,1.676,11.44,11.06,,,,,,,,0.155,,238617000,2025-10-28,quarterly,0.85,USD,post-market,216373000,217798000,0.0833,0.158,0.043,17.8,252807000,164234000,2431000,87223000,116.81,175.54,7.5949,2238148000,1120991000,375822000,689455000,1117157000,313633000,1045104000,1548693000,72.59,0,205.0,65.55
2025-12-28,TER,2.74,2859571000.0,72.59,-565987000,1.848,17.28,,None,573736000,573736000,,,,,,,,,22948000,222858000,None,650046000,650046000,69842000,None,None,129330000,None,None,91168000,,0.48,0.0024,,,,-0.157,0.06,-67303000,23865000,0.79,2011-12-31,37.59,352778000,1684943000.0,395058000,-80137000,-19730000,392975000,392975000,None,16229000,None,160063000,None,None,159956000,None,84407000,-46305000,None,None,None,0.189,,462361000,-84947000,140256000,221739000,None,100349000,None,,,,,1.676,11.44,11.06,,,,,,,,0.155,,232207000,2025-10-28,quarterly,0.85,USD,post-market,216373000,318857000,0.0833,0.158,0.043,17.8,252807000,162529000,2573000,96502000,116.81,175.54,7.5949,2173175000,1084423000,373684000,678171000,1088752000,304487000,1045104000,1495004000,72.59,0,205.0,65.55
2025-12-28,TER,2.74,2859571000.0,72.59,-568383000,1.848,17.28,,None,1095163000,1095163000,,,,,,,,,23015000,221892000,None,650046000,650046000,77768000,None,None,143523000,None,None,91168000,,0.48,0.0024,,,,-0.157,0.06,-67303000,23865000,0.79,2011-09-30,37.59,0,1684943000.0,395058000,-80137000,-19730000,101604000,101604000,None,16229000,None,133339000,None,None,156839000,None,40712000,-46305000,None,None,None,0.189,,462361000,-84947000,87263000,128049000,None,93626000,None,,,,,1.676,11.44,11.06,,,,,,,,0.155,,232576000,2025-10-28,quarterly,0.85,USD,post-market,216373000,186531000,0.0833,0.158,0.043,17.8,252807000,159444000,2605000,96536000,116.81,175.54,7.5949,1962677000,1555824000,293021000,592790000,406853000,299769000,1045104000,1369887000,72.59,0,205.0,65.55
2025-12-28,TER,2.74,2859571000.0,72.59,-562346000,1.848,17.28,,None,455398000,455398000,,,,,,,,,23250000,230452000,None,650046000,650046000,106993000,None,None,207823000,None,None,91168000,,0.48,0.0024,,,,-0.157,0.06,-67303000,23865000,0.79,2011-06-30,37.59,0,1684943000.0,395058000,-80137000,-19730000,108357000,108357000,None,16229000,None,141518000,None,None,154821000,None,281978000,-46305000,None,None,None,0.189,,462361000,-84947000,84747000,134907000,None,96513000,None,,,,,1.676,11.44,11.06,,,,,,,,0.155,,233432000,2025-10-28,quarterly,0.85,USD,post-market,216373000,142055000,0.0833,0.158,0.043,17.8,252807000,157296000,2475000,453942000,116.81,175.54,7.5949,1998295000,1343428000,352986000,664357000,654867000,311371000,1045104000,1333938000,72.59,0,205.0,65.55
2025-12-28,TER,2.74,2859571000.0,72.59,-556584000,1.848,17.28,,None,420267000,420267000,,,,,,,,,23156000,232080000,None,650046000,650046000,109988000,None,None,186254000,None,None,91168000,,0.48,0.0024,,,,-0.157,0.06,-67303000,23865000,0.79,2011-03-31,37.59,0,1684943000.0,395058000,-80137000,-19730000,115649000,115649000,None,16229000,None,129692000,None,None,151748000,None,244466000,-46305000,None,None,None,0.189,,462361000,-84947000,79009000,118649000,None,93936000,None,,,,,1.676,11.44,11.06,,,,,,,,0.155,,232969000,2025-10-28,quarterly,0.85,USD,post-market,216373000,52996000,0.0833,0.158,0.043,17.8,252807000,154165000,2417000,435575000,116.81,175.54,7.5949,1874698000,1250797000,333469000,647266000,623901000,313797000,1045104000,1227432000,72.59,0,205.0,65.55
2025-12-28,TER,2.74,2859571000.0,72.59,-548496000,1.848,17.28,,None,397737000,397737000,,,,,,,,,22755000,232080000,None,650046000,650046000,81979000,None,None,176483000,None,None,91168000,,0.48,0.0024,,,,-0.157,0.06,-67303000,23865000,0.79,2010-12-31,37.59,0,1684943000.0,395058000,-80137000,-19730000,122941000,122941000,None,16229000,None,117642000,None,None,150182000,None,248696000,-46305000,None,None,None,0.189,,462361000,-84947000,75695000,164231000,None,92874000,None,,,,,1.676,11.44,11.06,,,,,,,,0.155,,231577000,2025-10-28,quarterly,0.85,USD,post-market,216373000,-41876000,0.0833,0.158,0.043,17.8,252807000,152632000,2450000,409061000,116.81,175.54,7.5949,1810355000,1176618000,363704000,688167000,633737000,324463000,1045104000,1122188000,72.59,0,205.0,65.55
2025-12-28,TER,2.74,2859571000.0,72.59,-547268000,1.848,17.28,,None,433915000,433915000,,,,,,,,,22666000,229389000,None,650046000,650046000,133330000,None,None,306522000,None,None,91168000,,0.48,0.0024,,,,-0.157,0.06,-67303000,23865000,0.79,2010-09-30,37.59,0,1684943000.0,395058000,-80137000,-19730000,130231000,130231000,None,16229000,None,102848000,None,None,147287000,None,201486000,-46305000,None,None,None,0.189,,462361000,-84947000,80937000,149346000,None,84617000,None,,,,,1.676,11.44,11.06,,,,,,,,0.155,,232348000,2025-10-28,quarterly,0.85,USD,post-market,216373000,-102016000,0.0833,0.158,0.043,17.8,252807000,149684000,2397000,263881000,116.81,175.54,7.5949,1791611000,1188103000,401282000,724275000,603508000,322993000,1045104000,1067336000,72.59,0,205.0,65.55
2025-12-28,TER,2.74,2859571000.0,72.59,-541802000,1.848,17.28,,None,407983000,407983000,,,,,,,,,22645000,231541000,None,650046000,650046000,96044000,None,None,248018000,None,None,91168000,,0.48,0.0024,,,,-0.157,0.06,-67303000,23865000,0.79,2010-06-30,37.59,0,1684943000.0,395058000,-80137000,-19730000,137522000,137522000,None,16229000,None,83820000,None,None,145497000,None,95487000,-46305000,None,None,None,0.189,,462361000,-84947000,67705000,143211000,None,90593000,None,,,,,1.676,11.44,11.06,,,,,,,,0.155,,235692000,2025-10-28,quarterly,0.85,USD,post-market,216373000,-249356000,0.0833,0.158,0.043,17.8,252807000,147788000,2291000,157791000,116.81,175.54,7.5949,1449325000,965317000,294343000,540569000,484008000,246226000,1045104000,908756000,72.59,0,205.0,65.55
2025-12-28,TER,2.74,2859571000.0,72.59,None,1.848,17.28,,None,342012000,342012000,,,,,,,,,22160000,226277000,None,650046000,650046000,71168000,None,None,178740000,None,None,91168000,,0.48,0.0024,,,,-0.157,0.06,-67303000,23865000,0.79,2010-03-31,37.59,None,1684943000.0,395058000,-80137000,-19730000,144835000,144835000,None,16229000,None,84195000,None,None,142443000,None,None,-46305000,None,None,None,0.189,,462361000,-84947000,63125000,113877000,None,None,None,,,,,1.676,11.44,11.06,,,,,,,,0.155,,240257000,2025-10-28,quarterly,0.85,USD,post-market,216373000,-371505000,0.0833,0.158,0.043,17.8,252807000,144576000,2133000,118461000,116.81,175.54,7.5949,1261666000,786533000,256228000,536097000,475133000,279869000,1045104000,725569000,72.59,None,205.0,65.55
2025-12-28,TER,2.74,2859571000.0,72.59,None,1.848,17.28,,None,416737000,416737000,,,,,,,,,21864000,226277000,None,650046000,650046000,66765000,None,None,125236000,None,None,91168000,,0.48,0.0024,,,,-0.157,0.06,-67303000,23865000,0.79,2009-12-31,37.59,None,1684943000.0,395058000,-80137000,-19730000,152192000,152192000,None,16229000,None,90836000,None,None,141100000,None,None,-46305000,None,None,None,0.189,,462361000,-84947000,82550000,109996000,None,None,None,,,,,1.676,11.44,11.06,,,,,,,,0.155,,246362000,2025-10-28,quarterly,0.85,USD,post-market,216373000,-421606000,0.0833,0.158,0.043,17.8,252807000,143257000,2157000,46933000,116.81,175.54,7.5949,1235337000,762292000,283357000,570758000,473045000,287401000,1045104000,664579000,72.59,None,205.0,65.55
2025-12-28,TER,2.74,2859571000.0,72.59,None,1.848,17.28,,None,406741000,406741000,,,,,,,,,21831000,180792000,None,650046000,650046000,70613000,None,None,139693000,None,None,91168000,,0.48,0.0024,,,,-0.157,0.06,-67303000,23865000,0.79,2009-09-30,37.59,None,1684943000.0,395058000,-80137000,-19730000,160592000,160592000,None,16229000,None,111970000,None,None,138970000,None,None,-46305000,None,None,None,0.189,,462361000,-84947000,77909000,102237000,None,None,None,,,,,1.676,11.44,11.06,,,,,,,,0.155,,250151000,2025-10-28,quarterly,0.85,USD,post-market,216373000,-442137000,0.0833,0.158,0.043,17.8,252807000,141207000,2237000,5735000,116.81,175.54,7.5949,1226493000,742048000,303080000,603183000,484445000,300103000,1045104000,623310000,72.59,None,205.0,65.55
2025-12-28,TER,2.74,2859571000.0,72.59,None,1.848,17.28,,None,334081000,334081000,,,,,,,,,21791000,173022000,None,650046000,650046000,47979000,None,None,73914000,None,None,91168000,,0.48,0.0024,,,,-0.157,0.06,-67303000,23865000,0.79,2009-06-30,37.59,None,1684943000.0,395058000,-80137000,-19730000,170545000,170545000,None,16229000,None,126689000,None,None,137087000,None,None,-46305000,None,None,None,0.189,,462361000,-84947000,69049000,97298000,None,None,None,,,,,1.676,11.44,11.06,,,,,,,,0.155,,270369000,2025-10-28,quarterly,0.85,USD,post-market,216373000,-448812000,0.0833,0.158,0.043,17.8,252807000,139156000,2069000,None,116.81,175.54,7.5949,1102380000,603733000,197076000,493764000,498647000,296688000,1045104000,608616000,72.59,None,205.0,65.55
2025-12-28,TER,2.74,2859571000.0,72.59,None,1.848,17.28,,None,279057000,279057000,,,,,,,,,21568000,172130000,None,650046000,650046000,35510000,None,None,110215000,None,None,91168000,,0.48,0.0024,,,,-0.157,0.06,-67303000,23865000,0.79,2009-03-31,37.59,None,1684943000.0,395058000,-80137000,-19730000,178759000,178759000,None,16229000,None,165349000,None,None,8056000,None,None,-46305000,None,None,None,0.189,,462361000,-84947000,78521000,168541000,None,None,None,,,,,1.676,11.44,11.06,,,,,,,,0.155,,282848000,2025-10-28,quarterly,0.85,USD,post-market,216373000,-382044000,0.0833,0.158,0.043,17.8,252807000,132570000,124514000,None,116.81,175.54,7.5949,1154391000,633142000,383254000,554072000,521249000,170818000,1045104000,600319000,72.59,None,205.0,65.55
2025-12-28,TER,2.74,2859571000.0,72.59,None,1.848,17.28,,None,322705000,322705000,,,,,,,,,21206000,172130000,None,650046000,650046000,61164000,None,None,109625000,None,None,91168000,,0.48,0.0024,,,,-0.157,0.06,-67303000,23865000,0.79,2008-12-31,37.59,None,1684943000.0,395058000,-80137000,-19730000,186998000,186998000,None,16229000,None,168451000,None,None,None,None,None,-46305000,None,None,None,0.189,,462361000,-84947000,84280000,92451000,None,None,None,,,,,1.676,11.44,11.06,,,,,,,,0.155,,298449000,2025-10-28,quarterly,0.85,USD,post-market,216373000,-291376000,0.0833,0.158,0.043,17.8,252807000,122500000,122500000,-110009000,116.81,175.54,7.5949,1235247000,678653000,366963000,529135000,556594000,162172000,1045104000,706112000,72.59,None,205.0,65.55
2025-12-28,TER,2.74,2859571000.0,72.59,None,1.848,17.28,,None,292573000,292573000,,,,,,,,,21133000,168769000,None,650046000,650046000,64206000,None,None,193870000,None,None,91168000,,0.48,0.0024,,,,-0.157,0.06,-67303000,23865000,0.79,2008-09-30,37.59,242521000,1684943000.0,395058000,-80137000,-19730000,91559000,91559000,None,16229000,None,120647000,None,None,None,None,None,-46305000,None,None,None,0.189,,462361000,-84947000,74902000,117464000,None,None,None,,,,,1.676,11.44,11.06,,,,,,,,0.155,,295168000,2025-10-28,quarterly,0.85,USD,post-market,216373000,97214000,0.0833,0.158,0.043,17.8,252807000,None,None,15502000,116.81,175.54,7.5949,1560599000,697494000,249702000,373067000,863105000,123365000,1045104000,1187532000,72.59,None,205.0,65.55
2025-12-28,TER,2.74,2859571000.0,72.59,None,1.848,17.28,,None,286094000,286094000,,,,,,,,,20977000,174096000,None,650046000,650046000,80456000,None,None,212458000,None,None,91168000,,0.48,0.0024,,,,-0.157,0.06,-67303000,23865000,0.79,2008-06-30,37.59,241730000,1684943000.0,395058000,-80137000,-19730000,96593000,96593000,None,16229000,None,118441000,None,None,None,None,None,-46305000,None,None,None,0.189,,462361000,-84947000,70584000,117321000,None,None,None,,,,,1.676,11.44,11.06,,,,,,,,0.155,,353105000,2025-10-28,quarterly,0.85,USD,post-market,216373000,119904000,0.0833,0.158,0.043,17.8,252807000,None,None,19780000,116.81,175.54,7.5949,1580907000,707357000,253924000,383000000,873550000,129076000,1045104000,1197907000,72.59,None,205.0,65.55
2025-12-28,TER,2.74,2859571000.0,72.59,None,1.848,17.28,,None,323080000,323080000,,,,,,,,,21506000,175722000,None,650046000,650046000,87716000,None,None,201906000,None,None,91168000,,0.48,0.0024,,,,-0.157,0.06,-67303000,23865000,0.79,2008-03-31,37.59,242698000,1684943000.0,395058000,-80137000,-19730000,128219000,128219000,None,16229000,None,103692000,None,None,None,None,None,-46305000,None,None,None,0.189,,462361000,-84947000,73906000,113456000,None,None,None,,,,,1.676,11.44,11.06,,,,,,,,0.155,,371518000,2025-10-28,quarterly,0.85,USD,post-market,216373000,135747000,0.0833,0.158,0.043,17.8,252807000,None,None,31510000,116.81,175.54,7.5949,1610528000,734094000,249063000,374847000,876434000,125784000,1045104000,1235681000,72.59,None,205.0,65.55
2025-12-28,TER,2.74,2859571000.0,72.59,None,1.848,17.28,,None,562371000,562371000,,,,,,,,,21636000,175722000,None,650046000,650046000,57426000,None,None,189487000,None,None,91168000,,0.48,0.0024,,,,-0.157,0.06,-67303000,23865000,0.79,2007-12-31,37.59,69147000,1684943000.0,395058000,-80137000,-19730000,37127000,37127000,None,16229000,None,80313000,None,None,None,None,None,-46305000,None,None,None,0.189,,462361000,-84947000,37169000,118693000,None,None,None,,,,,1.676,11.44,11.06,,,,,,,,0.155,,352707000,2025-10-28,quarterly,0.85,USD,post-market,216373000,148125000,0.0833,0.158,0.043,17.8,252807000,None,None,75593000,116.81,175.54,7.5949,1555288000,944933000,223234000,326114000,610355000,102880000,1045104000,1229174000,72.59,None,205.0,65.55
2025-12-28,TER,2.74,2859571000.0,72.59,None,1.848,17.28,,None,429078000,429078000,,,,,,,,,22227000,185298000,None,650046000,650046000,64516000,None,None,231561000,None,None,91168000,,0.48,0.0024,,,,-0.157,0.06,-67303000,23865000,0.79,2007-09-30,37.59,69147000,1684943000.0,395058000,-80137000,-19730000,36622000,36622000,None,16229000,None,91852000,None,None,None,None,None,-46305000,None,None,None,0.189,,462361000,-84947000,31345000,118825000,None,None,None,,,,,1.676,11.44,11.06,,,,,,,,0.155,,351712000,2025-10-28,quarterly,0.85,USD,post-market,216373000,167533000,0.0833,0.158,0.043,17.8,252807000,None,113563000,187176000,116.81,175.54,7.5949,1596302000,971012000,222052000,326859000,625290000,104807000,1045104000,1269443000,72.59,None,205.0,65.55
2025-12-28,TER,2.74,2859571000.0,72.59,None,1.848,17.28,,None,393215000,393215000,,,,,,,,,23573000,191405000,None,650046000,650046000,55822000,None,None,211461000,None,None,91168000,,0.48,0.0024,,,,-0.157,0.06,-67303000,23865000,0.79,2007-06-30,37.59,69147000,1684943000.0,395058000,-80137000,-19730000,34610000,34610000,None,16229000,None,88043000,None,None,None,None,None,-46305000,None,None,None,0.189,,462361000,-84947000,29801000,112452000,None,None,None,,,,,1.676,11.44,11.06,,,,,,,,0.155,,357595000,2025-10-28,quarterly,0.85,USD,post-market,216373000,228055000,0.0833,0.158,0.043,17.8,252807000,None,109743000,187134000,116.81,175.54,7.5949,1707674000,909654000,220336000,319873000,798020000,99537000,1045104000,1387801000,72.59,None,205.0,65.55
2025-12-28,TER,2.74,2859571000.0,72.59,None,1.848,17.28,,None,405589000,405589000,,,,,,,,,23709000,189625000,None,650046000,650046000,40327000,None,None,169410000,None,None,91168000,,0.48,0.0024,,,,-0.157,0.06,-67303000,23865000,0.79,2007-03-31,37.59,69147000,1684943000.0,395058000,-80137000,-19730000,37337000,37337000,None,16229000,None,81803000,None,None,None,None,None,-46305000,None,None,None,0.189,,462361000,-84947000,21309000,100400000,None,None,None,,,,,1.676,11.44,11.06,,,,,,,,0.155,,362099000,2025-10-28,quarterly,0.85,USD,post-market,216373000,215165000,0.0833,0.158,0.043,17.8,252807000,None,None,76654000,116.81,175.54,7.5949,1656699000,754765000,188801000,287459000,901934000,98658000,1045104000,1369240000,72.59,None,205.0,65.55
2025-12-28,TER,2.74,2859571000.0,72.59,None,1.848,17.28,,None,568025000,568025000,,,,,,,,,23619000,189625000,None,650046000,650046000,39918000,None,None,155770000,None,None,91168000,,0.48,0.0024,,,,-0.157,0.06,-67303000,23865000,0.79,2006-12-31,37.59,69147000,1684943000.0,395058000,-80137000,-19730000,35819000,35819000,None,16229000,None,93070000,None,None,None,None,None,-46305000,None,None,None,0.189,,462361000,-84947000,25036000,139693000,None,None,None,,,,,1.676,11.44,11.06,,,,,,,,0.155,,366349000,2025-10-28,quarterly,0.85,USD,post-market,216373000,224862000,0.0833,0.158,0.043,17.8,252807000,None,None,47766000,116.81,175.54,7.5949,1721055000,889410000,259716000,359868000,831645000,100152000,1045104000,1361187000,72.59,None,205.0,65.55
2025-12-28,TER,2.74,2859571000.0,72.59,None,1.848,17.28,,None,755033000,755033000,,,,,,,,,23804000,204551000,None,650046000,650046000,63462000,None,None,231779000,None,None,91168000,,0.48,0.0024,,,,-0.157,0.06,-67303000,23865000,0.79,2006-09-30,37.59,69147000,1684943000.0,395058000,-80137000,-19730000,9900000,9900000,None,16229000,None,96276000,None,None,None,None,None,-46305000,None,None,None,0.189,,462361000,-84947000,23574000,130162000,None,None,None,,,,,1.676,11.44,11.06,,,,,,,,0.155,,370565000,2025-10-28,quarterly,0.85,USD,post-market,216373000,228940000,0.0833,0.158,0.043,17.8,252807000,261000000,261000000,65051000,116.81,175.54,7.5949,1976362000,1171713000,521766000,610996000,804649000,89230000,1045104000,1365366000,72.59,None,205.0,65.55
2025-12-28,TER,2.74,2859571000.0,72.59,None,1.848,17.28,,None,336522000,336522000,,,,,,,,,24787000,210356000,None,650046000,650046000,82908000,None,None,276962000,None,None,91168000,,0.48,0.0024,,,,-0.157,0.06,-67303000,23865000,0.79,2006-06-30,37.59,69147000,1684943000.0,395058000,-80137000,-19730000,10800000,10800000,None,16229000,None,111503000,None,None,None,None,None,-46305000,None,None,None,0.189,,462361000,-84947000,32258000,128967000,None,None,None,,,,,1.676,11.44,11.06,,,,,,,,0.155,,390444000,2025-10-28,quarterly,0.85,USD,post-market,216373000,223819000,0.0833,0.158,0.043,17.8,252807000,285000000,285000000,280659000,116.81,175.54,7.5949,2035610000,1037904000,554144000,641067000,997706000,86923000,1045104000,1394543000,72.59,None,205.0,65.55
2025-12-28,TER,2.74,2859571000.0,72.59,None,1.848,17.28,,None,322781000,322781000,,,,,,,,,24770000,199555000,None,650046000,650046000,68845000,None,None,259201000,None,None,91168000,,0.48,0.0024,,,,-0.157,0.06,-67303000,23865000,0.79,2006-03-31,37.59,69147000,1684943000.0,395058000,-80137000,-19730000,41000000,41000000,None,16229000,None,115658000,None,None,None,None,None,-46305000,None,None,None,0.189,,462361000,-84947000,31802000,112481000,None,None,None,,,,,1.676,11.44,11.06,,,,,,,,0.155,,413732000,2025-10-28,quarterly,0.85,USD,post-market,216373000,141415000,0.0833,0.158,0.043,17.8,252807000,285000000,285000000,321227000,116.81,175.54,7.5949,1896446000,1050669000,513973000,591661000,845777000,77688000,1045104000,1304785000,72.59,None,205.0,65.55
2025-12-28,TER,2.74,2859571000.0,72.59,None,1.848,17.28,,None,340699000,340699000,,,,,,,,,24626000,199555000,None,650046000,650046000,48012000,None,None,232462000,None,None,91168000,,0.48,0.0024,,,,-0.157,0.06,-67303000,23865000,0.79,2005-12-31,37.59,69147000,1684943000.0,395058000,-80137000,-19730000,110552000,110552000,None,16229000,None,142706000,None,None,1819000,None,None,-46305000,None,None,None,0.189,,462361000,-84947000,25033000,129943000,None,None,None,,,,,1.676,11.44,11.06,,,,,,,,0.155,,421286000,2025-10-28,quarterly,0.85,USD,post-market,216373000,96502000,0.0833,0.158,0.043,17.8,252807000,304648000,302829000,354042000,116.81,175.54,7.5949,1859732000,1094942000,515495000,617066000,764790000,101571000,1045104000,1242666000,72.59,None,205.0,65.55
2025-12-28,TER,2.74,2859571000.0,72.59,None,1.848,17.28,,None,230345000,230345000,,,,,,,,,24608000,196835000,None,650046000,650046000,89746000,None,None,269283000,None,None,91168000,,0.48,0.0024,,,,-0.157,0.06,-67303000,23865000,0.79,2005-09-30,37.59,116176000,1684943000.0,395058000,-80137000,-19730000,116176000,116176000,None,16229000,None,222190000,None,None,378512000,None,None,-46305000,None,None,None,0.189,,462361000,-84947000,32675000,135663000,None,None,None,,,,,1.676,11.44,11.06,,,,,,,,0.155,,513949000,2025-10-28,quarterly,0.85,USD,post-market,216373000,268305000,0.0833,0.158,0.043,17.8,252807000,381463000,2951000,91291000,116.81,175.54,7.5949,1760556000,845784000,265283000,731077000,914772000,465794000,1045104000,1029479000,72.59,None,205.0,65.55
2025-12-28,TER,2.74,2859571000.0,72.59,None,1.848,17.28,,76621000,553354000,553354000,,,,,,,,,20215000,163314000,None,650046000,650046000,134792000,None,None,471426000,None,None,91168000,,0.48,0.0024,,,,-0.157,0.06,-67303000,23865000,0.79,2024-12-31,37.59,395367000,1684943000.0,395058000,-80137000,-19730000,15927000,15927000,None,16229000,None,664367000,None,None,None,None,618615000,-46305000,None,None,None,0.189,,462361000,-84947000,80938000,363378000,None,None,None,,,,,1.676,11.44,11.06,,,,,,,,0.155,,None,2025-10-28,annual,0.85,USD,post-market,216373000,970761000,0.0833,0.158,0.043,17.8,252807000,76621000,18699000,46312000,116.81,175.54,7.5949,3708714000,1816397000,624579000,889420000,1892317000,264841000,1045104000,2819294000,72.59,None,205.0,65.55
2025-12-28,TER,2.74,2859571000.0,72.59,None,1.848,17.28,,82614000,757571000,757571000,,,,,,,,,19087000,164304000,None,650046000,650046000,180131000,None,None,422124000,None,None,91168000,,0.48,0.0024,,,,-0.157,0.06,-67303000,23865000,0.79,2023-12-31,37.59,415652000,1684943000.0,395058000,-80137000,-19730000,35404000,35404000,None,16229000,None,309974000,None,None,None,None,117434000,-46305000,None,None,None,0.189,,462361000,-84947000,37992000,7379000,None,None,None,,,,,1.676,11.44,11.06,,,,,,,,0.155,,None,2025-10-28,annual,0.85,USD,post-market,216373000,706514000,0.0833,0.158,0.043,17.8,252807000,82614000,17522000,62154000,116.81,175.54,7.5949,3486824000,2162035000,659951000,960927000,1324789000,300976000,1045104000,2525897000,72.59,None,205.0,65.55
2025-12-28,TER,2.74,2859571000.0,72.59,None,1.848,17.28,,82770000,854773000,854773000,,,,,,,,,19470000,169734000,None,650046000,650046000,139722000,None,50115000,491145000,None,None,91168000,,0.48,0.0024,,,,-0.157,0.06,-67303000,23865000,0.79,2022-12-31,37.59,403195000,1684943000.0,395058000,-80137000,-19730000,53478000,53478000,None,16229000,None,816124000,None,None,None,None,110777000,-46305000,None,None,None,0.189,,462361000,-84947000,56261000,324537000,None,None,None,,,,,1.676,11.44,11.06,,,,,,,,0.155,,418683000,2025-10-28,annual,0.85,USD,post-market,216373000,725729000,0.0833,0.158,0.043,17.8,252807000,132885000,68709000,39612000,116.81,175.54,7.5949,3501252000,2257915000,746263000,1049958000,1243337000,303695000,1045104000,2451294000,72.59,None,205.0,65.55
2025-12-28,TER,2.74,2859571000.0,72.59,None,1.848,17.28,,76155000,1122199000,1122199000,,,,,,,,,21793000,183625000,None,650046000,650046000,153133000,None,19182000,550749000,None,None,91168000,,0.48,0.0024,,,,-0.157,0.06,-67303000,23865000,0.79,2021-12-31,37.59,426024000,1684943000.0,395058000,-80137000,-19730000,75635000,75635000,None,16229000,None,607808000,None,None,89244000,None,133858000,-46305000,None,None,None,0.189,,462361000,-84947000,51240000,377854000,None,None,None,,,,,1.676,11.44,11.06,,,,,,,,0.155,,456047000,2025-10-28,annual,0.85,USD,post-market,216373000,736566000,0.0833,0.158,0.043,17.8,252807000,184581000,39159000,244231000,116.81,175.54,7.5949,3809425000,2576227000,805120000,1245469000,1233198000,440349000,1045104000,2563956000,72.59,None,205.0,65.55
2025-12-28,TER,2.74,2859571000.0,72.59,None,1.848,17.28,,62646000,914121000,914121000,,,,,,,,,24552000,183042000,None,650046000,650046000,133663000,None,33343000,497506000,None,None,91168000,,0.48,0.0024,,,,-0.157,0.06,-67303000,23865000,0.79,2020-12-31,37.59,453859000,1684943000.0,395058000,-80137000,-19730000,100939000,100939000,None,16229000,None,434475000,None,None,376768000,None,117980000,-46305000,None,None,None,0.189,,462361000,-84947000,47052000,297902000,None,7227000,None,,,,,1.676,11.44,11.06,,,,,,,,0.155,,394800000,2025-10-28,annual,0.85,USD,post-market,216373000,387414000,0.0833,0.158,0.043,17.8,252807000,472757000,53916000,522280000,116.81,175.54,7.5949,3652346000,2415434000,700871000,1441541000,1236911999,740670000,1045104000,2210805000,72.59,None,205.0,65.55
2025-12-28,TER,2.74,2859571000.0,72.59,None,1.848,17.28,,65325000,773924000,773924000,,,,,,,,,20801000,179459000,None,650046000,650046000,126617000,None,None,362368000,None,None,91168000,,0.48,0.0024,,,,-0.157,0.06,-67303000,23865000,0.79,2019-12-31,37.59,416431000,1684943000.0,395058000,-80137000,-19730000,125480000,125480000,None,16229000,None,340083000,None,None,394687000,None,104490000,-46305000,None,None,None,0.189,,462361000,-84947000,45206000,243860000,None,313096000,None,,,,,1.676,11.44,11.06,,,,,,,,0.155,,320216000,2025-10-28,annual,0.85,USD,post-market,216373000,-241918000,0.0833,0.158,0.043,17.8,252807000,460012000,19476000,137303000,116.81,175.54,7.5949,2787014000,1658884000,539029000,1306856000,1128130000,767827000,1045104000,1480158000,72.59,None,205.0,65.55
2025-12-28,TER,2.74,2859571000.0,72.59,None,1.848,17.28,,None,926752000,926752000,,,,,,,,,21940000,192605000,None,650046000,650046000,100688000,None,None,291267000,None,None,91168000,,0.48,0.0024,,,,-0.157,0.06,-67303000,23865000,0.79,2018-12-31,37.59,381850000,1684943000.0,395058000,-80137000,-19730000,125482000,125482000,None,16229000,None,153541000,None,None,379981000,None,87731000,-46305000,None,None,None,0.189,,462361000,-84947000,170817000,261703000,None,35678000,None,,,,,1.676,11.44,11.06,,,,,,,,0.155,,279821000,2025-10-28,annual,0.85,USD,post-market,216373000,-158191000,0.0833,0.158,0.043,17.8,252807000,416166000,36185000,190096000,116.81,175.54,7.5949,2706606000,1732473000,477003000,1184252000,974133000,707249000,1045104000,1522354000,72.59,None,205.0,65.55
2025-12-28,TER,2.74,2859571000.0,72.59,None,1.848,17.28,,None,429843000,429843000,,,,,,,,,24444000,201641000,None,650046000,650046000,86393000,None,365987000,272783000,None,None,91168000,,0.48,0.0024,,,,-0.157,0.06,-67303000,23865000,0.79,2017-12-31,37.59,252011000,1684943000.0,395058000,-80137000,-19730000,79088000,79088000,None,16229000,None,107525000,None,None,365987000,None,125926000,-46305000,None,None,None,0.189,,462361000,-84947000,112151000,24497000,None,20605000,None,,,,,1.676,11.44,11.06,,,,,,,,0.155,,268447000,2025-10-28,annual,0.85,USD,post-market,216373000,272013000,0.0833,0.158,0.043,17.8,252807000,625819000,259832000,1347979000,116.81,175.54,7.5949,3109545000,2270281000,454336000,1155899000,839264000,701563000,1045104000,1953646000,72.59,0,205.0,65.55
2025-12-28,TER,2.74,2859571000.0,72.59,None,1.848,17.28,,None,307884000,307884000,,,,,,,,,24897000,202578000,None,650046000,650046000,95362000,None,352669000,192444000,None,None,91168000,,0.48,0.0024,,,,-0.157,0.06,-67303000,23865000,0.79,2016-12-31,37.59,223343000,1684943000.0,395058000,-80137000,-19730000,100401000,100401000,None,16229000,None,135958000,None,None,352669000,None,433843000,-46305000,None,None,None,0.189,,462361000,-84947000,116493000,1050000,None,37282000,None,,,,,1.676,11.44,11.06,,,,,,,,0.155,,253821000,2025-10-28,annual,0.85,USD,post-market,216373000,230292000,0.0833,0.158,0.043,17.8,252807000,540144000,187475000,871024000,116.81,175.54,7.5949,2762493000,1623803000,372696000,933834000,1138690000,561138000,1045104000,1828659000,72.59,0,205.0,65.55
2025-12-28,TER,2.74,2859571000.0,72.59,None,1.848,17.28,,None,264705000,264705000,,,,,,,,,25455000,213321000,None,650046000,650046000,92358000,None,None,211293000,None,None,91168000,,0.48,0.0024,,,,-0.157,0.06,-67303000,23865000,0.79,2015-12-31,37.59,488413000,1684943000.0,395058000,-80137000,-19730000,239831000,239831000,None,16229000,None,153588000,None,None,0,None,265928000,-46305000,None,None,None,0.189,,462361000,-84947000,152686000,173221000,None,157623000,None,,,,,1.676,11.44,11.06,,,,,,,,0.155,,273414000,2025-10-28,annual,0.85,USD,post-market,216373000,467828000,0.0833,0.158,0.043,17.8,252807000,None,179472000,477696000,116.81,175.54,7.5949,2548674000,1259968000,372857000,582888000,1288706000,210031000,1045104000,1965786000,72.59,0,205.0,65.55
2025-12-28,TER,2.74,2859571000.0,72.59,None,1.848,17.28,,None,294256000,294256000,,,,,,,,,27077000,222550000,None,650046000,650046000,47763000,None,None,151034000,None,None,91168000,,0.48,0.0024,,,,-0.157,0.06,-67303000,23865000,0.79,2014-12-31,37.59,273438000,1684943000.0,395058000,-80137000,-19730000,190600000,190600000,None,16229000,None,171101000,None,None,0,None,470789000,-46305000,None,None,None,0.189,,462361000,-84947000,93668000,224594000,None,123890000,None,,,,,1.676,11.44,11.06,,,,,,,,0.155,,329038000,2025-10-28,annual,0.85,USD,post-market,216373000,610079000,0.0833,0.158,0.043,17.8,252807000,None,20049000,533787000,116.81,175.54,7.5949,2538520000,1243846000,292406000,459540000,1294674000,167134000,1045104000,2078980000,72.59,0,205.0,65.55
2025-12-28,TER,2.74,2859571000.0,72.59,None,1.848,17.28,,None,341638000,341638000,,,,,,,,,23966000,235599000,None,650046000,650046000,62874000,None,None,157642000,None,None,91168000,,0.48,0.0024,,,,-0.157,0.06,-67303000,23865000,0.79,2013-12-31,37.59,361792000,1684943000.0,395058000,-80137000,-19730000,252291000,252291000,None,16229000,None,137939000,None,None,0,None,271078000,-46305000,None,None,None,0.189,,462361000,-84947000,216176000,214762000,None,115106000,None,,,,,1.676,11.44,11.06,,,,,,,,0.155,,275236000,2025-10-28,annual,0.85,USD,post-market,216373000,566232000,0.0833,0.158,0.043,17.8,252807000,186663000,186663000,586882000,116.81,175.54,7.5949,2629824000,1440277000,475632000,644730000,1189547000,169098000,1045104000,1985094000,72.59,0,205.0,65.55
2025-12-28,TER,2.74,2859571000.0,72.59,None,1.848,17.28,,None,338920000,338920000,,,,,,,,,23488000,230246000,None,650046000,650046000,58324000,None,None,153423000,None,None,91168000,,0.48,0.0024,,,,-0.157,0.06,-67303000,23865000,0.79,2012-12-31,37.59,349272000,1684943000.0,395058000,-80137000,-19730000,318867000,318867000,None,16229000,None,139410000,None,None,171059000,None,235872000,-46305000,None,None,None,0.189,,462361000,-84947000,172792000,224870000,None,115675000,None,,,,,1.676,11.44,11.06,,,,,,,,0.155,,265782000,2025-10-28,annual,0.85,USD,post-market,216373000,401285000,0.0833,0.158,0.043,17.8,252807000,173387000,2328000,431516000,116.81,175.54,7.5949,2429345000,1236061000,297828000,650990000,1193283999,353162000,1045104000,1778355000,72.59,0,205.0,65.55
2025-12-28,TER,2.74,2859571000.0,72.59,-565987000,1.848,17.28,,None,573736000,573736000,,,,,,,,,22948000,226820000,None,650046000,650046000,69842000,None,None,129330000,None,None,91168000,,0.48,0.0024,,,,-0.157,0.06,-67303000,23865000,0.79,2011-12-31,37.59,352778000,1684943000.0,395058000,-80137000,-19730000,392975000,392975000,None,16229000,None,160063000,None,None,159956000,None,84407000,-46305000,None,None,None,0.189,,462361000,-84947000,140256000,300409000,None,100349000,None,,,,,1.676,11.44,11.06,,,,,,,,0.155,,232207000,2025-10-28,annual,0.85,USD,post-market,216373000,318857000,0.0833,0.158,0.043,17.8,252807000,162529000,2573000,96502000,116.81,175.54,7.5949,2188639000,1099887000,373684000,683579000,1088752000,309894999,1045104000,1505060000,72.59,0,205.0,65.55
2025-12-28,TER,2.74,2859571000.0,72.59,-548496000,1.848,17.28,,None,397737000,397737000,,,,,,,,,22755000,226807000,None,650046000,650046000,81979000,None,None,176483000,None,None,91168000,,0.48,0.0024,,,,-0.157,0.06,-67303000,23865000,0.79,2010-12-31,37.59,0,1684943000.0,395058000,-80137000,-19730000,122941000,122941000,None,16229000,None,117642000,None,None,150182000,None,248696000,-46305000,None,None,None,0.189,,462361000,-84947000,75695000,270810000,None,92874000,None,,,,,1.676,11.44,11.06,,,,,,,,0.155,,231577000,2025-10-28,annual,0.85,USD,post-market,216373000,-41876000,0.0833,0.158,0.043,17.8,252807000,152632000,2450000,409061000,116.81,175.54,7.5949,1810355000,1176618000,363704000,688167000,633737000,324463000,1045104000,1122188000,72.59,0,205.0,65.55
2025-12-28,TER,2.74,2859571000.0,72.59,None,1.848,17.28,,None,416737000,416737000,,,,,,,,,21864000,173604000,None,650046000,650046000,66765000,None,None,125236000,None,None,91168000,,0.48,0.0024,,,,-0.157,0.06,-67303000,23865000,0.79,2009-12-31,37.59,None,1684943000.0,395058000,-80137000,-19730000,152192000,152192000,None,16229000,None,90836000,None,None,141100000,None,None,-46305000,None,None,None,0.189,,462361000,-84947000,82550000,185738000,None,None,None,,,,,1.676,11.44,11.06,,,,,,,,0.155,,246362000,2025-10-28,annual,0.85,USD,post-market,216373000,-421606000,0.0833,0.158,0.043,17.8,252807000,143257000,2157000,46933000,116.81,175.54,7.5949,1235337000,762292000,283357000,570758000,473044999,287401000,1045104000,664579000,72.59,None,205.0,65.55
2025-12-28,TER,2.74,2859571000.0,72.59,None,1.848,17.28,,None,322705000,322705000,,,,,,,,,21206000,170593000,None,650046000,650046000,61164000,None,None,109625000,None,None,91168000,,0.48,0.0024,,,,-0.157,0.06,-67303000,23865000,0.79,2008-12-31,37.59,None,1684943000.0,395058000,-80137000,-19730000,186998000,186998000,None,16229000,None,168451000,None,None,None,None,None,-46305000,None,None,None,0.189,,462361000,-84947000,77872000,150481000,None,None,None,,,,,1.676,11.44,11.06,,,,,,,,0.155,,298449000,2025-10-28,annual,0.85,USD,post-market,216373000,-291376000,0.0833,0.158,0.043,17.8,252807000,122500000,122500000,-110009000,116.81,175.54,7.5949,1235247000,678653000,366963000,529135000,556594000,162171999,1045104000,706112000,72.59,None,205.0,65.55
2025-12-28,TER,2.74,2859571000.0,72.59,None,1.848,17.28,,None,562371000,562371000,,,,,,,,,21636000,185374000,None,650046000,650046000,57426000,None,None,189487000,None,None,91168000,,0.48,0.0024,,,,-0.157,0.06,-67303000,23865000,0.79,2007-12-31,37.59,69147000,1684943000.0,395058000,-80137000,-19730000,5991999,5991999,None,16229000,None,80313000,None,None,None,None,None,-46305000,None,None,None,0.189,,462361000,-84947000,37169000,160621000,None,None,None,,,,,1.676,11.44,11.06,,,,,,,,0.155,,352707000,2025-10-28,annual,0.85,USD,post-market,216373000,148125000,0.0833,0.158,0.043,17.8,252807000,None,None,75593000,116.81,175.54,7.5949,1555288000,944933000,223234000,326114000,610355000,102879999,1045104000,1229174000,72.59,None,205.0,65.55
2025-12-28,TER,2.74,2859571000.0,72.59,None,1.848,17.28,,None,568025000,568025000,,,,,,,,,23619000,204414000,None,650046000,650046000,40082000,None,None,155770000,None,None,91168000,,0.48,0.0024,,,,-0.157,0.06,-67303000,23865000,0.79,2006-12-31,37.59,69147000,1684943000.0,395058000,-80137000,-19730000,8958999,8958999,None,16229000,None,93070000,None,None,None,None,None,-46305000,None,None,None,0.189,,462361000,-84947000,21610000,183582000,None,None,None,,,,,1.676,11.44,11.06,,,,,,,,0.155,,366349000,2025-10-28,annual,0.85,USD,post-market,216373000,224862000,0.0833,0.158,0.043,17.8,252807000,None,None,47766000,116.81,175.54,7.5949,1721055000,889410000,259716000,359868000,831645000,100151999,1045104000,1361187000,72.59,None,205.0,65.55
2025-12-28,TER,2.74,2859571000.0,72.59,None,1.848,17.28,,None,340699000,340699000,,,,,,,,,24626000,196283000,None,650046000,650046000,48012000,None,None,232462000,None,None,91168000,,0.48,0.0024,,,,-0.157,0.06,-67303000,23865000,0.79,2005-12-31,37.59,69147000,1684943000.0,395058000,-80137000,-19730000,12603000,12603000,None,16229000,None,142706000,None,None,1819000,None,None,-46305000,None,None,None,0.189,,462361000,-84947000,25033000,161420000,None,None,None,,,,,1.676,11.44,11.06,,,,,,,,0.155,,421286000,2025-10-28,annual,0.85,USD,post-market,216373000,96502000,0.0833,0.158,0.043,17.8,252807000,304648000,302829000,354042000,116.81,175.54,7.5949,1859732000,1094942000,515495000,617066000,764790000,101571000,1045104000,1242666000,72.59,None,205.0,65.55
2025-12-28,TER,2.74,2859571000.0,72.59,None,1.848,17.28,46692000,None,340699000,340699000,-47791000,-67455000,None,None,-10911000,None,None,None,24626000,196283000,None,650046000,650046000,48012000,None,None,232462000,None,None,91168000,79422859000,0.48,0.0024,18990000,18990000,None,-0.157,0.06,-67303000,23865000,0.79,2025-09-30,37.59,69147000,1684943000.0,395058000,-80137000,-19730000,12603000,12603000,None,16229000,None,142706000,None,None,1819000,None,None,296649732000,None,None,None,0.189,49050000,462361000,-84947000,25033000,161420000,None,None,None,None,None,None,None,1.676,11.44,11.06,None,None,None,None,None,-243785000,None,0.155,None,421286000,2025-10-28,quarterly,0.85,USD,post-market,216373000,96502000,0.0833,0.158,0.043,17.8,252807000,304648000,302829000,354042000,116.81,175.54,7.5949,1859732000,1094942000,515495000,617066000,764790000,101571000,1045104000,1242666000,72.59,None,205.0,65.55
2025-12-28,TER,2.74,2859571000.0,72.59,None,1.848,17.28,50407999,None,340699000,340699000,-136804000,-178464000,None,None,7342000,None,None,None,24626000,196283000,None,650046000,650046000,48012000,None,None,232462000,None,None,91168000,31045000,0.48,0.0024,19178000,19178000,None,-0.157,0.06,-67303000,23865000,0.79,2025-06-30,37.59,69147000,1684943000.0,395058000,-80137000,-19730000,12603000,12603000,None,16229000,None,142706000,None,None,1819000,None,None,78372000,None,None,None,0.189,182089000,462361000,-84947000,25033000,161420000,None,None,None,None,None,None,None,1.676,11.44,11.06,None,None,None,None,None,-117398000,None,0.155,None,421286000,2025-10-28,quarterly,0.85,USD,post-market,216373000,96502000,0.0833,0.158,0.043,17.8,252807000,304648000,302829000,354042000,116.81,175.54,7.5949,1859732000,1094942000,515495000,617066000,764790000,101571000,1045104000,1242666000,72.59,None,205.0,65.55
2025-12-28,TER,2.74,2859571000.0,72.59,None,1.848,17.28,64021000,None,340699000,340699000,-176815000,-61773000,None,None,-31049000,None,None,None,24626000,196283000,None,650046000,650046000,48012000,None,None,232462000,None,None,91168000,30096000,0.48,0.0024,19406000,19406000,None,-0.157,0.06,-67303000,23865000,0.79,2025-03-31,37.59,69147000,1684943000.0,395058000,-80137000,-19730000,12603000,12603000,None,16229000,None,142706000,None,None,1819000,None,None,98896000,None,None,None,0.189,161637000,462361000,-84947000,25033000,161420000,None,None,None,None,None,None,None,1.676,11.44,11.06,None,None,None,None,None,-157475000,None,0.155,None,421286000,2025-10-28,quarterly,0.85,USD,post-market,216373000,96502000,0.0833,0.158,0.043,17.8,252807000,304648000,302829000,354042000,116.81,175.54,7.5949,1859732000,1094942000,515495000,617066000,764790000,101571000,1045104000,1242666000,72.59,None,205.0,65.55
2025-12-28,TER,2.74,2859571000.0,72.59,None,1.848,17.28,57385000,None,340699000,340699000,-163210000,-67459000,None,None,-2420000,None,None,None,24626000,196283000,None,650046000,650046000,48012000,None,None,232462000,None,None,91168000,31153000,0.48,0.0024,19487000,19487000,None,-0.157,0.06,-67303000,23865000,0.79,2024-12-31,37.59,69147000,1684943000.0,395058000,-80137000,-19730000,12603000,12603000,None,16229000,None,142706000,None,None,1819000,None,None,146253000,None,None,None,0.189,282557000,462361000,-84947000,25033000,161420000,None,None,None,None,None,None,None,1.676,11.44,11.06,None,None,None,None,None,-143521000,None,0.155,None,421286000,2025-10-28,quarterly,0.85,USD,post-market,216373000,96502000,0.0833,0.158,0.043,17.8,252807000,304648000,302829000,354042000,116.81,175.54,7.5949,1859732000,1094942000,515495000,617066000,764790000,101571000,1045104000,1242666000,72.59,None,205.0,65.55
2025-12-28,TER,2.74,2859571000.0,72.59,None,1.848,17.28,51841000,None,340699000,340699000,-29283000,-49796000,None,None,-5975000,None,None,None,24626000,196283000,None,650046000,650046000,48012000,None,None,232462000,None,None,91168000,30301000,0.48,0.0024,19566000,19566000,None,-0.157,0.06,-67303000,23865000,0.79,2024-09-30,37.59,69147000,1684943000.0,395058000,-80137000,-19730000,12603000,12603000,None,16229000,None,142706000,None,None,1819000,None,None,145649000,None,None,None,0.189,166271000,462361000,-84947000,25033000,161420000,None,None,None,None,None,None,None,1.676,11.44,11.06,None,None,None,None,None,-24747000,None,0.155,None,421286000,2025-10-28,quarterly,0.85,USD,post-market,216373000,96502000,0.0833,0.158,0.043,17.8,252807000,304648000,302829000,354042000,116.81,175.54,7.5949,1859732000,1094942000,515495000,617066000,764790000,101571000,1045104000,1242666000,72.59,None,205.0,65.55
2025-12-28,TER,2.74,2859571000.0,72.59,None,1.848,17.28,44846000,None,340699000,340699000,-22606000,-481067000,None,None,24034000,None,None,None,24626000,196283000,None,650046000,650046000,48012000,None,None,232462000,None,None,91168000,30237000,0.48,0.0024,19000000,19000000,None,-0.157,0.06,-67303000,23865000,0.79,2024-06-30,37.59,69147000,1684943000.0,395058000,-80137000,-19730000,12603000,12603000,None,16229000,None,142706000,None,None,1819000,None,None,186273000,None,None,None,0.189,216069000,462361000,-84947000,25033000,161420000,None,None,None,None,None,None,None,1.676,11.44,11.06,None,None,None,None,None,-8189000,None,0.155,None,421286000,2025-10-28,quarterly,0.85,USD,post-market,216373000,96502000,0.0833,0.158,0.043,17.8,252807000,304648000,302829000,354042000,116.81,175.54,7.5949,1859732000,1094942000,515495000,617066000,764790000,101571000,1045104000,1242666000,72.59,None,205.0,65.55
2025-12-28,TER,2.74,2859571000.0,72.59,None,1.848,17.28,44023000,None,340699000,340699000,-36668000,-24020000,None,None,-6932000,None,None,None,24626000,196283000,None,650046000,650046000,48012000,None,None,232462000,None,None,91168000,28051000,0.48,0.0024,18370000,18370000,None,-0.157,0.06,-67303000,23865000,0.79,2024-03-31,37.59,69147000,1684943000.0,395058000,-80137000,-19730000,12603000,12603000,None,16229000,None,142706000,None,None,1819000,None,None,64197000,None,None,None,0.189,7279000,462361000,-84947000,25033000,161420000,None,None,None,None,None,None,None,1.676,11.44,11.06,None,None,None,None,None,-22117000,None,0.155,None,421286000,2025-10-28,quarterly,0.85,USD,post-market,216373000,96502000,0.0833,0.158,0.043,17.8,252807000,304648000,302829000,354042000,116.81,175.54,7.5949,1859732000,1094942000,515495000,617066000,764790000,101571000,1045104000,1242666000,72.59,None,205.0,65.55
2025-12-28,TER,2.74,2859571000.0,72.59,None,1.848,17.28,44336000,None,340699000,340699000,-91102000,-30423000,None,None,-1068000,None,None,None,24626000,196283000,None,650046000,650046000,48012000,None,None,232462000,None,None,91168000,27911000,0.48,0.0024,16797000,16797000,None,-0.157,0.06,-67303000,23865000,0.79,2023-12-31,37.59,69147000,1684943000.0,395058000,-80137000,-19730000,12603000,12603000,None,16229000,None,142706000,None,None,1819000,None,None,117054000,None,None,None,0.189,248780000,462361000,-84947000,25033000,161420000,None,None,None,None,None,None,None,1.676,11.44,11.06,None,None,None,None,None,-50749000,None,0.155,None,421286000,2025-10-28,quarterly,0.85,USD,post-market,216373000,96502000,0.0833,0.158,0.043,17.8,252807000,304648000,302829000,354042000,116.81,175.54,7.5949,1859732000,1094942000,515495000,617066000,764790000,101571000,1045104000,1242666000,72.59,None,205.0,65.55
2025-12-28,TER,2.74,2859571000.0,72.59,None,1.848,17.28,34604000,None,340699000,340699000,-127614000,-27536000,None,None,20240000,None,None,None,24626000,196283000,None,650046000,650046000,48012000,None,None,232462000,None,None,91168000,28130000,0.48,0.0024,16897000,16897000,None,-0.157,0.06,-67303000,23865000,0.79,2023-09-30,37.59,69147000,1684943000.0,395058000,-80137000,-19730000,12603000,12603000,None,16229000,None,142706000,None,None,1819000,None,None,128116000,None,None,None,0.189,174347000,462361000,-84947000,25033000,161420000,None,None,None,None,None,None,None,1.676,11.44,11.06,None,None,None,None,None,-118647000,None,0.155,None,421286000,2025-10-28,quarterly,0.85,USD,post-market,216373000,96502000,0.0833,0.158,0.043,17.8,252807000,304648000,302829000,354042000,116.81,175.54,7.5949,1859732000,1094942000,515495000,617066000,764790000,101571000,1045104000,1242666000,72.59,None,205.0,65.55
2025-12-28,TER,2.74,2859571000.0,72.59,None,1.848,17.28,39258000,None,340699000,340699000,-153695000,-26823000,None,None,9852000,None,None,None,24626000,196283000,None,650046000,650046000,48012000,None,None,232462000,None,None,91168000,22551000,0.48,0.0024,17019000,17019000,None,-0.157,0.06,-67303000,23865000,0.79,2023-06-30,37.59,69147000,1684943000.0,395058000,-80137000,-19730000,12603000,12603000,None,16229000,None,142706000,None,None,1819000,None,None,120050000,None,None,None,0.189,142767000,462361000,-84947000,25033000,161420000,None,None,None,None,None,None,None,1.676,11.44,11.06,None,None,None,None,None,-134537000,None,0.155,None,421286000,2025-10-28,quarterly,0.85,USD,post-market,216373000,96502000,0.0833,0.158,0.043,17.8,252807000,304648000,302829000,354042000,116.81,175.54,7.5949,1859732000,1094942000,515495000,617066000,764790000,101571000,1045104000,1242666000,72.59,None,205.0,65.55
2025-12-28,TER,2.74,2859571000.0,72.59,None,1.848,17.28,41444000,None,340699000,340699000,-129501000,-94863000,-205028000,None,-23697000,None,None,37204000,24626000,196283000,None,650046000,650046000,48012000,None,None,232462000,None,None,91168000,27606000,0.48,0.0024,17165000,17165000,None,-0.157,0.06,-67303000,23865000,0.79,2023-03-31,37.59,69147000,1684943000.0,395058000,-80137000,-19730000,12603000,12603000,None,16229000,None,142706000,None,None,1819000,None,None,83531000,None,None,None,0.189,19336000,462361000,-84947000,25033000,161420000,None,None,None,None,None,None,None,1.676,11.44,11.06,None,None,None,None,None,-93308000,None,0.155,None,421286000,2025-10-28,quarterly,0.85,USD,post-market,216373000,96502000,0.0833,0.158,0.043,17.8,252807000,304648000,302829000,354042000,116.81,175.54,7.5949,1859732000,1094942000,515495000,617066000,764790000,101571000,1045104000,1242666000,72.59,None,205.0,65.55
2025-12-28,TER,2.74,2859571000.0,72.59,None,1.848,17.28,34577000,None,340699000,340699000,-34152000,-1694000,147556000,None,-11992000,None,None,46380000,24626000,196283000,None,650046000,650046000,48012000,None,None,232462000,None,None,91168000,27761000,0.48,0.0024,17133000,17133000,None,-0.157,0.06,-67303000,23865000,0.79,2022-12-31,37.59,69147000,1684943000.0,395058000,-80137000,-19730000,12603000,12603000,None,16229000,None,142706000,None,None,1819000,None,None,172301000,None,None,None,0.189,183402000,462361000,-84947000,25033000,161420000,None,None,None,None,None,None,None,1.676,11.44,11.06,None,None,None,None,None,-2082000,None,0.155,None,421286000,2025-10-28,quarterly,0.85,USD,post-market,216373000,96502000,0.0833,0.158,0.043,17.8,252807000,304648000,302829000,354042000,116.81,175.54,7.5949,1859732000,1094942000,515495000,617066000,764790000,101571000,1045104000,1242666000,72.59,None,205.0,65.55
2025-12-28,TER,2.74,2859571000.0,72.59,None,1.848,17.28,38929000,None,340699000,340699000,-232060000,99775000,139319000,None,-22135000,None,None,150632000,24626000,196283000,None,650046000,650046000,48012000,None,None,232462000,None,None,91168000,28171000,0.48,0.0024,17136000,17136000,None,-0.157,0.06,-67303000,23865000,0.79,2022-09-30,37.59,69147000,1684943000.0,395058000,-80137000,-19730000,12603000,12603000,None,16229000,None,142706000,None,None,1819000,None,None,183485000,None,None,None,0.189,271604000,462361000,-84947000,25033000,161420000,None,None,None,None,None,None,None,1.676,11.44,11.06,None,None,None,None,None,-217201000,None,0.155,None,421286000,2025-10-28,quarterly,0.85,USD,post-market,216373000,96502000,0.0833,0.158,0.043,17.8,252807000,304648000,302829000,354042000,116.81,175.54,7.5949,1859732000,1094942000,515495000,617066000,764790000,101571000,1045104000,1242666000,72.59,None,205.0,65.55
2025-12-28,TER,2.74,2859571000.0,72.59,None,1.848,17.28,45744000,None,340699000,340699000,-372150000,28383000,-230594000,None,-37202000,None,None,-146592000,24626000,196283000,None,650046000,650046000,48012000,None,None,232462000,None,None,91168000,26828000,0.48,0.0024,17547000,17547000,None,-0.157,0.06,-67303000,23865000,0.79,2022-06-30,37.59,69147000,1684943000.0,395058000,-80137000,-19730000,12603000,12603000,None,16229000,None,142706000,None,None,1819000,None,None,197787000,None,None,None,0.189,115455000,462361000,-84947000,25033000,161420000,None,None,None,None,None,None,None,1.676,11.44,11.06,None,None,None,None,None,-331334000,None,0.155,None,421286000,2025-10-28,quarterly,0.85,USD,post-market,216373000,96502000,0.0833,0.158,0.043,17.8,252807000,304648000,302829000,354042000,116.81,175.54,7.5949,1859732000,1094942000,515495000,617066000,764790000,101571000,1045104000,1242666000,72.59,None,205.0,65.55
2025-12-28,TER,2.74,2859571000.0,72.59,None,1.848,17.28,43999000,None,340699000,340699000,-254627000,-82713000,-327596000,2282000,-9480000,None,None,208000,24626000,196283000,None,650046000,650046000,48012000,None,None,232462000,None,None,91168000,27566000,0.48,0.0024,17895000,17895000,None,-0.157,0.06,-67303000,23865000,0.79,2022-03-31,37.59,69147000,1684943000.0,395058000,-80137000,-19730000,12603000,12603000,None,16229000,None,142706000,None,None,1819000,None,None,161928000,None,None,None,0.189,7462000,462361000,-84947000,25033000,161420000,None,None,None,None,None,None,None,1.676,11.44,11.06,None,None,None,None,None,-201465000,None,0.155,None,421286000,2025-10-28,quarterly,0.85,USD,post-market,216373000,96502000,0.0833,0.158,0.043,17.8,252807000,304648000,302829000,354042000,116.81,175.54,7.5949,1859732000,1094942000,515495000,617066000,764790000,101571000,1045104000,1242666000,72.59,None,205.0,65.55
2025-12-28,TER,2.74,2859571000.0,72.59,None,1.848,17.28,29310000,None,340699000,340699000,-251241000,-35721000,42745000,-1576000,-15448000,None,None,45521000,24626000,196283000,None,650046000,650046000,48012000,None,None,232462000,None,None,91168000,28370000,0.48,0.0024,16265999,16265999,None,-0.157,0.06,-67303000,23865000,0.79,2021-12-31,37.59,69147000,1684943000.0,395058000,-80137000,-19730000,12603000,12603000,None,16229000,None,142706000,None,None,1819000,None,None,230284000,None,None,None,0.189,331283000,462361000,-84947000,25033000,161420000,None,None,None,None,None,None,None,1.676,11.44,11.06,None,None,None,None,None,-193820000,None,0.155,None,421286000,2025-10-28,quarterly,0.85,USD,post-market,216373000,96502000,0.0833,0.158,0.043,17.8,252807000,304648000,302829000,354042000,116.81,175.54,7.5949,1859732000,1094942000,515495000,617066000,764790000,101571000,1045104000,1242666000,72.59,None,205.0,65.55
2025-12-28,TER,2.74,2859571000.0,72.59,None,1.848,17.28,29204999,None,340699000,340699000,-461447000,63800000,125013000,None,2035000,None,None,269399000,24626000,196283000,None,650046000,650046000,48012000,None,None,232462000,None,None,91168000,27373000,0.48,0.0024,16440000,16440000,None,-0.157,0.06,-67303000,23865000,0.79,2021-09-30,37.59,69147000,1684943000.0,395058000,-80137000,-19730000,12603000,12603000,None,16229000,None,142706000,None,None,1819000,None,None,256718000,None,None,None,0.189,522659999,462361000,-84947000,25033000,161420000,None,None,None,None,None,None,None,1.676,11.44,11.06,None,None,None,None,None,-209596000,None,0.155,None,421286000,2025-10-28,quarterly,0.85,USD,post-market,216373000,96502000,0.0833,0.158,0.043,17.8,252807000,304648000,302829000,354042000,116.81,175.54,7.5949,1859732000,1094942000,515495000,617066000,764790000,101571000,1045104000,1242666000,72.59,None,205.0,65.55
2025-12-28,TER,2.74,2859571000.0,72.59,None,1.848,17.28,34707000,None,340699000,340699000,-169235000,87615000,123292000,-1372000,55778000,None,None,-285186000,24626000,196283000,None,650046000,650046000,48012000,None,None,232462000,None,None,91168000,27340000,0.48,0.0024,16604000,16604000,None,-0.157,0.06,-67303000,23865000,0.79,2021-06-30,37.59,69147000,1684943000.0,395058000,-80137000,-19730000,12603000,12603000,None,16229000,None,142706000,None,None,1819000,None,None,328319000,None,None,None,0.189,206284000,462361000,-84947000,25033000,161420000,None,None,None,None,None,None,None,1.676,11.44,11.06,None,None,None,None,None,-151396000,None,0.155,None,421286000,2025-10-28,quarterly,0.85,USD,post-market,216373000,96502000,0.0833,0.158,0.043,17.8,252807000,304648000,302829000,354042000,116.81,175.54,7.5949,1859732000,1094942000,515495000,617066000,764790000,101571000,1045104000,1242666000,72.59,None,205.0,65.55
2025-12-28,TER,2.74,2859571000.0,72.59,None,1.848,17.28,39250000,None,340699000,340699000,-126661000,4667000,-82972000,883000,-35870000,None,None,-87512000,24626000,196283000,None,650046000,650046000,48012000,None,None,232462000,None,None,91168000,29446000,0.48,0.0024,16667000,16667000,None,-0.157,0.06,-67303000,23865000,0.79,2021-03-31,37.59,69147000,1684943000.0,395058000,-80137000,-19730000,12603000,12603000,None,16229000,None,142706000,None,None,1819000,None,None,205512000,None,None,None,0.189,38139000,462361000,-84947000,25033000,161420000,None,None,None,None,None,None,None,1.676,11.44,11.06,None,None,None,None,None,-45188000,None,0.155,None,421286000,2025-10-28,quarterly,0.85,USD,post-market,216373000,96502000,0.0833,0.158,0.043,17.8,252807000,304648000,302829000,354042000,116.81,175.54,7.5949,1859732000,1094942000,515495000,617066000,764790000,101571000,1045104000,1242666000,72.59,None,205.0,65.55
2025-12-28,TER,2.74,2859571000.0,72.59,None,1.848,17.28,38104999,None,340699000,340699000,-14892000,-277207000,-31059000,616000,-25436000,None,None,92564000,24626000,196283000,None,650046000,650046000,48012000,None,None,232462000,None,None,91168000,27760000,0.48,0.0024,16611999,16611999,None,-0.157,0.06,-67303000,23865000,0.79,2020-12-31,37.59,69147000,1684943000.0,395058000,-80137000,-19730000,12603000,12603000,None,16229000,None,142706000,None,None,1819000,None,None,196330000,None,None,None,0.189,260423999,462361000,-84947000,25033000,161420000,None,None,None,None,None,None,None,1.676,11.44,11.06,None,None,None,None,None,116992000,None,0.155,None,421286000,2025-10-28,quarterly,0.85,USD,post-market,216373000,96502000,0.0833,0.158,0.043,17.8,252807000,304648000,302829000,354042000,116.81,175.54,7.5949,1859732000,1094942000,515495000,617066000,764790000,101571000,1045104000,1242666000,72.59,None,205.0,65.55
2025-12-28,TER,2.74,2859571000.0,72.59,None,1.848,17.28,62858000,None,340699000,340699000,-3049000,-119365000,219749000,-349000,20726000,None,None,109025000,24626000,196283000,None,650046000,650046000,48012000,None,None,232462000,None,None,91168000,26025000,0.48,0.0024,16604000,16604000,None,-0.157,0.06,-67303000,23865000,0.79,2020-09-30,37.59,69147000,1684943000.0,395058000,-80137000,-19730000,12603000,12603000,None,16229000,None,142706000,None,None,1819000,None,None,222718000,None,None,None,0.189,342512000,462361000,-84947000,25033000,161420000,None,None,None,None,None,None,None,1.676,11.44,11.06,None,None,None,None,None,-216000,None,0.155,None,421286000,2025-10-28,quarterly,0.85,USD,post-market,216373000,96502000,0.0833,0.158,0.043,17.8,252807000,304648000,302829000,354042000,116.81,175.54,7.5949,1859732000,1094942000,515495000,617066000,764790000,101571000,1045104000,1242666000,72.59,None,205.0,65.55
2025-12-28,TER,2.74,2859571000.0,72.59,None,1.848,17.28,47314000,None,340699000,340699000,-26450000,-63014000,131937000,-1496000,-19546000,None,None,-204261000,24626000,196283000,None,650046000,650046000,48012000,None,None,232462000,None,None,91168000,28757000,0.48,0.0024,16579999,16579999,None,-0.157,0.06,-67303000,23865000,0.79,2020-06-30,37.59,69147000,1684943000.0,395058000,-80137000,-19730000,12603000,12603000,None,16229000,None,142706000,None,None,1819000,None,None,188908000,None,None,None,0.189,222897000,462361000,-84947000,25033000,161420000,None,None,None,None,None,None,None,1.676,11.44,11.06,None,None,None,None,None,-9426000,None,0.155,None,421286000,2025-10-28,quarterly,0.85,USD,post-market,216373000,96502000,0.0833,0.158,0.043,17.8,252807000,304648000,302829000,354042000,116.81,175.54,7.5949,1859732000,1094942000,515495000,617066000,764790000,101571000,1045104000,1242666000,72.59,None,205.0,65.55
2025-12-28,TER,2.74,2859571000.0,72.59,None,1.848,17.28,36700000,None,340699000,340699000,-113895000,-110208000,-180430000,571000,15818000,None,None,-126779000,24626000,196283000,None,650046000,650046000,48012000,None,None,232462000,None,None,91168000,31880000,0.48,0.0024,16686000,16686000,None,-0.157,0.06,-67303000,23865000,0.79,2020-03-31,37.59,69147000,1684943000.0,395058000,-80137000,-19730000,12603000,12603000,None,16229000,None,142706000,None,None,1819000,None,None,176191000,None,None,None,0.189,43102000,462361000,-84947000,25033000,161420000,None,None,None,None,None,None,None,1.676,11.44,11.06,None,None,None,None,None,-79039000,None,0.155,None,421286000,2025-10-28,quarterly,0.85,USD,post-market,216373000,96502000,0.0833,0.158,0.043,17.8,252807000,304648000,302829000,354042000,116.81,175.54,7.5949,1859732000,1094942000,515495000,617066000,764790000,101571000,1045104000,1242666000,72.59,None,205.0,65.55
2025-12-28,TER,2.74,2859571000.0,72.59,None,1.848,17.28,38594000,None,340699000,340699000,-146413000,110239000,179985000,-169000,-13265000,None,None,-3651000,24626000,196283000,None,650046000,650046000,48012000,None,None,232462000,None,None,91168000,32298000,0.48,0.0024,15036000,15036000,None,-0.157,0.06,-67303000,23865000,0.79,2019-12-31,37.59,69147000,1684943000.0,395058000,-80137000,-19730000,12603000,12603000,None,16229000,None,142706000,None,None,1819000,None,None,136783000,None,None,None,0.189,216328000,462361000,-84947000,25033000,161420000,None,None,None,None,None,None,None,1.676,11.44,11.06,None,None,None,None,None,-131217999,None,0.155,None,421286000,2025-10-28,quarterly,0.85,USD,post-market,216373000,96502000,0.0833,0.158,0.043,17.8,252807000,304648000,302829000,354042000,116.81,175.54,7.5949,1859732000,1094942000,515495000,617066000,764790000,101571000,1045104000,1242666000,72.59,None,205.0,65.55
2025-12-28,TER,2.74,2859571000.0,72.59,None,1.848,17.28,37092000,None,340699000,340699000,-122723000,22288000,98832000,119000,-11696000,None,None,12689000,24626000,196283000,None,650046000,650046000,48012000,None,None,232462000,None,None,91168000,29499000,0.48,0.0024,15250000,15250000,None,-0.157,0.06,-67303000,23865000,0.79,2019-09-30,37.59,69147000,1684943000.0,395058000,-80137000,-19730000,12603000,12603000,None,16229000,None,142706000,None,None,1819000,None,None,135860000,None,None,None,0.189,199148000,462361000,-84947000,25033000,161420000,None,None,None,None,None,None,None,1.676,11.44,11.06,None,None,None,None,None,-121560000,None,0.155,None,421286000,2025-10-28,quarterly,0.85,USD,post-market,216373000,96502000,0.0833,0.158,0.043,17.8,252807000,304648000,302829000,354042000,116.81,175.54,7.5949,1859732000,1094942000,515495000,617066000,764790000,101571000,1045104000,1242666000,72.59,None,205.0,65.55
2025-12-28,TER,2.74,2859571000.0,72.59,None,1.848,17.28,33245000,None,340699000,340699000,-105453000,-28236000,11379000,-190000,470000,None,None,-37772000,24626000,196283000,None,650046000,650046000,48012000,None,None,232462000,None,None,91168000,29265000,0.48,0.0024,15392000,15392000,None,-0.157,0.06,-67303000,23865000,0.79,2019-06-30,37.59,69147000,1684943000.0,395058000,-80137000,-19730000,12603000,12603000,None,16229000,None,142706000,None,None,1819000,None,None,97397000,None,None,None,0.189,145258000,462361000,-84947000,25033000,161420000,None,None,None,None,None,None,None,1.676,11.44,11.06,None,None,None,None,None,-90754000,None,0.155,None,421286000,2025-10-28,quarterly,0.85,USD,post-market,216373000,96502000,0.0833,0.158,0.043,17.8,252807000,304648000,302829000,354042000,116.81,175.54,7.5949,1859732000,1094942000,515495000,617066000,764790000,101571000,1045104000,1242666000,72.59,None,205.0,65.55
2025-12-28,TER,2.74,2859571000.0,72.59,None,1.848,17.28,25711000,None,340699000,340699000,-199760000,-260951000,-443024000,-329000,-2917000,None,None,-41706000,24626000,196283000,None,650046000,650046000,48012000,None,None,232462000,None,None,91168000,29593000,0.48,0.0024,15627000,15627000,None,-0.157,0.06,-67303000,23865000,0.79,2019-03-31,37.59,69147000,1684943000.0,395058000,-80137000,-19730000,12603000,12603000,None,16229000,None,142706000,None,None,1819000,None,None,109138000,None,None,None,0.189,18016000,462361000,-84947000,25033000,161420000,None,None,None,None,None,None,None,1.676,11.44,11.06,None,None,None,None,None,-156468000,None,0.155,None,421286000,2025-10-28,quarterly,0.85,USD,post-market,216373000,96502000,0.0833,0.158,0.043,17.8,252807000,304648000,302829000,354042000,116.81,175.54,7.5949,1859732000,1094942000,515495000,617066000,764790000,101571000,1045104000,1242666000,72.59,None,205.0,65.55
2025-12-28,TER,2.74,2859571000.0,72.59,None,1.848,17.28,26110000,None,340699000,340699000,-277385000,203964000,112733000,-222000,4619000,None,None,59869000,24626000,196283000,None,650046000,650046000,48012000,None,None,232462000,None,None,91168000,30385000,0.48,0.0024,16001999,16001999,None,-0.157,0.06,-67303000,23865000,0.79,2018-12-31,37.59,69147000,1684943000.0,395058000,-80137000,-19730000,12603000,12603000,None,16229000,None,142706000,None,None,1819000,None,None,143791000,None,None,None,0.189,186376000,462361000,-84947000,25033000,161420000,None,None,None,None,None,None,None,1.676,11.44,11.06,None,None,None,None,None,-261214999,None,0.155,None,421286000,2025-10-28,quarterly,0.85,USD,post-market,216373000,96502000,0.0833,0.158,0.043,17.8,252807000,304648000,302829000,354042000,116.81,175.54,7.5949,1859732000,1094942000,515495000,617066000,764790000,101571000,1045104000,1242666000,72.59,None,205.0,65.55
2025-12-28,TER,2.74,2859571000.0,72.59,None,1.848,17.28,25606000,None,340699000,340699000,-207918000,300497000,333635000,472000,-12834000,None,None,101596000,24626000,196283000,None,650046000,650046000,48012000,None,None,232462000,None,None,91168000,29506000,0.48,0.0024,16638000,16638000,None,-0.157,0.06,-67303000,23865000,0.79,2018-09-30,37.59,69147000,1684943000.0,395058000,-80137000,-19730000,12603000,12603000,None,16229000,None,142706000,None,None,1819000,None,None,119981000,None,None,None,0.189,240584000,462361000,-84947000,25033000,161420000,None,None,None,None,None,None,None,1.676,11.44,11.06,None,None,None,None,None,-201468000,None,0.155,None,421286000,2025-10-28,quarterly,0.85,USD,post-market,216373000,96502000,0.0833,0.158,0.043,17.8,252807000,304648000,302829000,354042000,116.81,175.54,7.5949,1859732000,1094942000,515495000,617066000,764790000,101571000,1045104000,1242666000,72.59,None,205.0,65.55
2025-12-28,TER,2.74,2859571000.0,72.59,None,1.848,17.28,27866000,None,340699000,340699000,-243708000,-44343000,-157489000,-1289000,-266000,None,None,-38656000,24626000,196283000,None,650046000,650046000,48012000,None,None,232462000,None,None,91168000,27793000,0.48,0.0024,17094000,17094000,None,-0.157,0.06,-67303000,23865000,0.79,2018-06-30,37.59,69147000,1684943000.0,395058000,-80137000,-19730000,12603000,12603000,None,16229000,None,142706000,None,None,1819000,None,None,101037000,None,None,None,0.189,131851000,462361000,-84947000,25033000,161420000,None,None,None,None,None,None,None,1.676,11.44,11.06,None,None,None,None,None,-226519000,None,0.155,None,421286000,2025-10-28,quarterly,0.85,USD,post-market,216373000,96502000,0.0833,0.158,0.043,17.8,252807000,304648000,302829000,354042000,116.81,175.54,7.5949,1859732000,1094942000,515495000,617066000,764790000,101571000,1045104000,1242666000,72.59,None,205.0,65.55
2025-12-28,TER,2.74,2859571000.0,72.59,None,1.848,17.28,34797000,None,340699000,340699000,-174410000,462892000,208030000,1478000,-21017000,None,None,-140747000,24626000,196283000,None,650046000,650046000,48012000,None,None,232462000,None,None,91168000,25540000,0.48,0.0024,17588000,17588000,None,-0.157,0.06,-67303000,23865000,0.79,2018-03-31,37.59,69147000,1684943000.0,395058000,-80137000,-19730000,12603000,12603000,None,16229000,None,142706000,None,None,1819000,None,None,86974000,None,None,None,0.189,-81930000,462361000,-84947000,25033000,161420000,None,None,None,None,None,None,None,1.676,11.44,11.06,None,None,None,None,None,-134276000,None,0.155,None,421286000,2025-10-28,quarterly,0.85,USD,post-market,216373000,96502000,0.0833,0.158,0.043,17.8,252807000,304648000,302829000,354042000,116.81,175.54,7.5949,1859732000,1094942000,515495000,617066000,764790000,101571000,1045104000,1242666000,72.59,None,205.0,65.55
2025-12-28,TER,2.74,2859571000.0,72.59,None,1.848,17.28,32128000,None,340699000,340699000,-62466000,-74519000,11166000,678000,21190000,None,None,-4961000,24626000,196283000,None,650046000,650046000,48012000,None,None,232462000,None,None,91168000,26519000,0.48,0.0024,13717000,13717000,None,-0.157,0.06,-67303000,23865000,0.79,2017-12-31,37.59,69147000,1684943000.0,395058000,-80137000,-19730000,12603000,12603000,None,16229000,None,142706000,None,None,1819000,None,None,-105923000,None,None,None,0.189,147473000,462361000,-84947000,25033000,161420000,None,None,None,None,None,None,None,1.676,11.44,11.06,None,None,None,None,None,-48483000,None,0.155,None,421286000,2025-10-28,quarterly,0.85,USD,post-market,216373000,96502000,0.0833,0.158,0.043,17.8,252807000,304648000,302829000,354042000,116.81,175.54,7.5949,1859732000,1094942000,515495000,617066000,764790000,101571000,1045104000,1242666000,72.59,None,205.0,65.55
2025-12-28,TER,2.74,2859571000.0,72.59,None,1.848,17.28,27280000,None,340699000,340699000,-62197000,-428357000,-179672000,1052000,31919000,None,None,138566000,24626000,196283000,None,650046000,650046000,48012000,None,None,232462000,None,None,91168000,26670000,0.48,0.0024,13805000,13805000,None,-0.157,0.06,-67303000,23865000,0.79,2017-09-30,37.59,69147000,1684943000.0,395058000,-80137000,-19730000,12603000,12603000,None,16229000,None,142706000,None,None,1819000,None,None,103420000,None,None,None,0.189,309830000,462361000,-84947000,25033000,161420000,None,None,None,None,None,None,None,1.676,11.44,11.06,None,None,None,None,None,-57493000,None,0.155,None,421286000,2025-10-28,quarterly,0.85,USD,post-market,216373000,96502000,0.0833,0.158,0.043,17.8,252807000,304648000,302829000,354042000,116.81,175.54,7.5949,1859732000,1094942000,515495000,617066000,764790000,101571000,1045104000,1242666000,72.59,None,205.0,65.55
2025-12-28,TER,2.74,2859571000.0,72.59,None,1.848,17.28,23901000,None,340699000,340699000,-70520000,113681000,273603000,129000,54003000,None,None,-90397000,24626000,196283000,None,650046000,650046000,48012000,None,None,232462000,None,None,91168000,27673000,0.48,0.0024,13904000,13904000,None,-0.157,0.06,-67303000,23865000,0.79,2017-06-30,37.59,69147000,1684943000.0,395058000,-80137000,-19730000,12603000,12603000,None,16229000,None,142706000,None,None,1819000,None,None,174976000,None,None,None,0.189,230313000,462361000,-84947000,25033000,161420000,None,None,None,None,None,None,None,1.676,11.44,11.06,None,None,None,None,None,-56598000,None,0.155,None,421286000,2025-10-28,quarterly,0.85,USD,post-market,216373000,96502000,0.0833,0.158,0.043,17.8,252807000,304648000,302829000,354042000,116.81,175.54,7.5949,1859732000,1094942000,515495000,617066000,764790000,101571000,1045104000,1242666000,72.59,None,205.0,65.55
2025-12-28,TER,2.74,2859571000.0,72.59,None,1.848,17.28,22066000,None,340699000,340699000,-50006000,126394000,16862000,1595000,-62152000,None,None,-123792000,24626000,196283000,None,650046000,650046000,48012000,None,None,232462000,None,None,91168000,27213000,0.48,0.0024,14021000,14021000,None,-0.157,0.06,-67303000,23865000,0.79,2017-03-31,37.59,69147000,1684943000.0,395058000,-80137000,-19730000,12603000,12603000,None,16229000,None,142706000,None,None,1819000,None,None,85221000,None,None,None,0.189,-61121000,462361000,-84947000,25033000,161420000,None,None,None,None,None,None,None,1.676,11.44,11.06,None,None,None,None,None,-37730000,None,0.155,None,421286000,2025-10-28,quarterly,0.85,USD,post-market,216373000,96502000,0.0833,0.158,0.043,17.8,252807000,304648000,302829000,354042000,116.81,175.54,7.5949,1859732000,1094942000,515495000,617066000,764790000,101571000,1045104000,1242666000,72.59,None,205.0,65.55
2025-12-28,TER,2.74,2859571000.0,72.59,None,1.848,17.28,19020000,None,340699000,340699000,347695000,-372330000,9947000,None,-14338000,None,None,-27335000,24626000,196283000,None,650046000,650046000,48012000,None,None,232462000,None,None,91168000,25297000,0.48,0.0024,12071000,12071000,None,-0.157,0.06,-67303000,23865000,0.79,2016-12-31,37.59,69147000,1684943000.0,395058000,-80137000,-19730000,12603000,12603000,None,16229000,None,142706000,None,None,1819000,None,None,66345000,None,None,None,0.189,37063000,462361000,-84947000,25033000,161420000,None,None,None,None,None,None,None,1.676,11.44,11.06,None,None,None,None,None,-61239000,None,0.155,None,421286000,2025-10-28,quarterly,0.85,USD,post-market,216373000,96502000,0.0833,0.158,0.043,17.8,252807000,304648000,302829000,354042000,116.81,175.54,7.5949,1859732000,1094942000,515495000,617066000,764790000,101571000,1045104000,1242666000,72.59,None,205.0,65.55
2025-12-28,TER,2.74,2859571000.0,72.59,None,1.848,17.28,19659000,None,340699000,340699000,-34844000,-252101000,-83158000,2481000,18379000,None,None,183890000,24626000,196283000,None,650046000,650046000,48012000,None,None,232462000,None,None,91168000,25364000,0.48,0.0024,12123000,12123000,None,-0.157,0.06,-67303000,23865000,0.79,2016-09-30,37.59,69147000,1684943000.0,395058000,-80137000,-19730000,12603000,12603000,None,16229000,None,142706000,None,None,1819000,None,None,63794000,None,None,None,0.189,201306000,462361000,-84947000,25033000,161420000,None,None,None,None,None,None,None,1.676,11.44,11.06,None,None,None,None,None,-28309000,None,0.155,None,421286000,2025-10-28,quarterly,0.85,USD,post-market,216373000,96502000,0.0833,0.158,0.043,17.8,252807000,304648000,302829000,354042000,116.81,175.54,7.5949,1859732000,1094942000,515495000,617066000,764790000,101571000,1045104000,1242666000,72.59,None,205.0,65.55
2025-12-28,TER,2.74,2859571000.0,72.59,None,1.848,17.28,26259000,None,340699000,340699000,-32198000,-86747000,61737000,None,30924000,None,None,-95678000,24626000,196283000,None,650046000,650046000,48012000,None,None,232462000,None,None,91168000,32686000,0.48,0.0024,12172000,12172000,None,-0.157,0.06,-67303000,23865000,0.79,2016-06-30,37.59,69147000,1684943000.0,395058000,-80137000,-19730000,12603000,12603000,None,16229000,None,142706000,None,None,1819000,None,None,-223546000,None,None,None,0.189,180682000,462361000,-84947000,25033000,161420000,None,None,None,None,None,None,None,1.676,11.44,11.06,None,None,None,None,None,-28782000,None,0.155,None,421286000,2025-10-28,quarterly,0.85,USD,post-market,216373000,96502000,0.0833,0.158,0.043,17.8,252807000,304648000,302829000,354042000,116.81,175.54,7.5949,1859732000,1094942000,515495000,617066000,764790000,101571000,1045104000,1242666000,72.59,None,205.0,65.55
2025-12-28,TER,2.74,2859571000.0,72.59,None,1.848,17.28,20334000,None,340699000,340699000,-42811000,70716000,54653000,None,-702000,None,None,-42552000,24626000,196283000,None,650046000,650046000,48012000,None,None,232462000,None,None,91168000,36662000,0.48,0.0024,12253000,12253000,None,-0.157,0.06,-67303000,23865000,0.79,2016-03-31,37.59,69147000,1684943000.0,395058000,-80137000,-19730000,12603000,12603000,None,16229000,None,142706000,None,None,1819000,None,None,49986000,None,None,None,0.189,26748000,462361000,-84947000,25033000,161420000,None,None,None,None,None,None,None,1.676,11.44,11.06,None,None,None,None,None,-28001000,None,0.155,None,421286000,2025-10-28,quarterly,0.85,USD,post-market,216373000,96502000,0.0833,0.158,0.043,17.8,252807000,304648000,302829000,354042000,116.81,175.54,7.5949,1859732000,1094942000,515495000,617066000,764790000,101571000,1045104000,1242666000,72.59,None,205.0,65.55
2025-12-28,TER,2.74,2859571000.0,72.59,None,1.848,17.28,23151000,None,340699000,340699000,-82991000,12751000,-29512000,None,-22517000,None,None,33850000,24626000,196283000,None,650046000,650046000,48012000,None,None,232462000,None,None,91168000,36082000,0.48,0.0024,12279000,12279000,None,-0.157,0.06,-67303000,23865000,0.79,2015-12-31,37.59,69147000,1684943000.0,395058000,-80137000,-19730000,12603000,12603000,None,16229000,None,142706000,None,None,1819000,None,None,-641000,None,None,None,0.189,40728000,462361000,-84947000,25033000,161420000,None,None,None,None,None,None,None,1.676,11.44,11.06,None,None,None,None,None,-73106000,None,0.155,None,421286000,2025-10-28,quarterly,0.85,USD,post-market,216373000,96502000,0.0833,0.158,0.043,17.8,252807000,304648000,302829000,354042000,116.81,175.54,7.5949,1859732000,1094942000,515495000,617066000,764790000,101571000,1045104000,1242666000,72.59,None,205.0,65.55
2025-12-28,TER,2.74,2859571000.0,72.59,None,1.848,17.28,20617000,None,340699000,340699000,-108516000,-77101000,-6468000,None,9923000,None,None,51376000,24626000,196283000,None,650046000,650046000,48012000,None,None,232462000,None,None,91168000,37065000,0.48,0.0024,12577000,12577000,None,-0.157,0.06,-67303000,23865000,0.79,2015-09-30,37.59,69147000,1684943000.0,395058000,-80137000,-19730000,12603000,12603000,None,16229000,None,142706000,None,None,1819000,None,None,71453000,None,None,None,0.189,179149000,462361000,-84947000,25033000,161420000,None,None,None,None,None,None,None,1.676,11.44,11.06,None,None,None,None,None,-98527000,None,0.155,None,421286000,2025-10-28,quarterly,0.85,USD,post-market,216373000,96502000,0.0833,0.158,0.043,17.8,252807000,304648000,302829000,354042000,116.81,175.54,7.5949,1859732000,1094942000,515495000,617066000,764790000,101571000,1045104000,1242666000,72.59,None,205.0,65.55
2025-12-28,TER,2.74,2859571000.0,72.59,None,1.848,17.28,24961000,None,340699000,340699000,-86856000,12671000,81740000,None,17540000,None,None,-117744000,24626000,196283000,None,650046000,650046000,48012000,None,None,232462000,None,None,91168000,33141000,0.48,0.0024,12808000,12808000,None,-0.157,0.06,-67303000,23865000,0.79,2015-06-30,37.59,69147000,1684943000.0,395058000,-80137000,-19730000,12603000,12603000,None,16229000,None,142706000,None,None,1819000,None,None,102879000,None,None,None,0.189,155925000,462361000,-84947000,25033000,161420000,None,None,None,None,None,None,None,1.676,11.44,11.06,None,None,None,None,None,-81666000,None,0.155,None,421286000,2025-10-28,quarterly,0.85,USD,post-market,216373000,96502000,0.0833,0.158,0.043,17.8,252807000,304648000,302829000,354042000,116.81,175.54,7.5949,1859732000,1094942000,515495000,617066000,764790000,101571000,1045104000,1242666000,72.59,None,205.0,65.55
2025-12-28,TER,2.74,2859571000.0,72.59,None,1.848,17.28,21149000,None,340699000,340699000,-50800000,-62043000,-75311000,None,5960000,None,None,-24749000,24626000,196283000,None,650046000,650046000,48012000,None,None,232462000,None,None,91168000,34484000,0.48,0.0024,13049000,13049000,None,-0.157,0.06,-67303000,23865000,0.79,2015-03-31,37.59,69147000,1684943000.0,395058000,-80137000,-19730000,12603000,12603000,None,16229000,None,142706000,None,None,1819000,None,None,32787000,None,None,None,0.189,37532000,462361000,-84947000,25033000,161420000,None,None,None,None,None,None,None,1.676,11.44,11.06,None,None,None,None,None,-46650000,None,0.155,None,421286000,2025-10-28,quarterly,0.85,USD,post-market,216373000,96502000,0.0833,0.158,0.043,17.8,252807000,304648000,302829000,354042000,116.81,175.54,7.5949,1859732000,1094942000,515495000,617066000,764790000,101571000,1045104000,1242666000,72.59,None,205.0,65.55
2025-12-28,TER,2.74,2859571000.0,72.59,None,1.848,17.28,23965000,None,340699000,340699000,-13924000,-79816000,82552000,None,12905000,None,None,171730000,24626000,196283000,None,650046000,650046000,48012000,None,None,232462000,None,None,91168000,37590000,0.48,0.0024,12997000,12997000,None,-0.157,0.06,-67303000,23865000,0.79,2014-12-31,37.59,69147000,1684943000.0,395058000,-80137000,-19730000,12603000,12603000,None,16229000,None,142706000,None,None,1819000,None,None,-103811000,None,None,None,0.189,179435000,462361000,-84947000,25033000,161420000,None,None,None,None,None,None,None,1.676,11.44,11.06,None,None,None,None,None,21291000,None,0.155,None,421286000,2025-10-28,quarterly,0.85,USD,post-market,216373000,96502000,0.0833,0.158,0.043,17.8,252807000,304648000,302829000,354042000,116.81,175.54,7.5949,1859732000,1094942000,515495000,617066000,764790000,101571000,1045104000,1242666000,72.59,None,205.0,65.55
2025-12-28,TER,2.74,2859571000.0,72.59,None,1.848,17.28,54963000,None,340699000,340699000,-2330000,-173580000,-42921000,None,19798000,None,None,-20545000,24626000,196283000,None,650046000,650046000,48012000,None,None,232462000,None,None,91168000,38179000,0.48,0.0024,12772000,12772000,None,-0.157,0.06,-67303000,23865000,0.79,2014-09-30,37.59,69147000,1684943000.0,395058000,-80137000,-19730000,12603000,12603000,None,16229000,None,142706000,None,None,1819000,None,None,82949000,None,None,None,0.189,132989000,462361000,-84947000,25033000,161420000,None,None,None,None,None,None,None,1.676,11.44,11.06,None,None,None,None,None,10400000,None,0.155,None,421286000,2025-10-28,quarterly,0.85,USD,post-market,216373000,96502000,0.0833,0.158,0.043,17.8,252807000,304648000,302829000,354042000,116.81,175.54,7.5949,1859732000,1094942000,515495000,617066000,764790000,101571000,1045104000,1242666000,72.59,None,205.0,65.55
2025-12-28,TER,2.74,2859571000.0,72.59,None,1.848,17.28,60192000,None,340699000,340699000,-9507000,-177669000,21999000,None,15834000,None,None,-84243000,24626000,196283000,None,650046000,650046000,48012000,None,None,232462000,None,None,91168000,37591000,0.48,0.0024,11656000,11656000,None,-0.157,0.06,-67303000,23865000,0.79,2014-06-30,37.59,69147000,1684943000.0,395058000,-80137000,-19730000,12603000,12603000,None,16229000,None,142706000,None,None,1819000,None,None,101205000,None,None,None,0.189,209175000,462361000,-84947000,25033000,161420000,None,None,None,None,None,None,None,1.676,11.44,11.06,None,None,None,None,None,400000,None,0.155,None,421286000,2025-10-28,quarterly,0.85,USD,post-market,216373000,96502000,0.0833,0.158,0.043,17.8,252807000,304648000,302829000,354042000,116.81,175.54,7.5949,1859732000,1094942000,515495000,617066000,764790000,101571000,1045104000,1242666000,72.59,None,205.0,65.55
2025-12-28,TER,2.74,2859571000.0,72.59,None,1.848,17.28,31197000,None,340699000,340699000,-180810000,97619000,-109012000,None,2635000,None,None,-58882000,24626000,196283000,None,650046000,650046000,48012000,None,None,232462000,None,None,91168000,39184000,0.48,0.0024,180810000,180810000,None,-0.157,0.06,-67303000,23865000,0.79,2014-03-31,37.59,69147000,1684943000.0,395058000,-80137000,-19730000,12603000,12603000,None,16229000,None,142706000,None,None,1819000,None,None,929000,None,None,None,0.189,-25821000,462361000,-84947000,25033000,161420000,None,None,None,None,None,None,None,1.676,11.44,11.06,None,None,None,None,None,10165000,None,0.155,None,421286000,2025-10-28,quarterly,0.85,USD,post-market,216373000,96502000,0.0833,0.158,0.043,17.8,252807000,304648000,302829000,354042000,116.81,175.54,7.5949,1859732000,1094942000,515495000,617066000,764790000,101571000,1045104000,1242666000,72.59,None,205.0,65.55
2025-12-28,TER,2.74,2859571000.0,72.59,None,1.848,17.28,23646000,None,340699000,340699000,1136000,-276033000,-231230000,None,-13024000,None,None,52307000,24626000,196283000,None,650046000,650046000,48012000,None,None,232462000,None,None,91168000,39319000,0.48,0.0024,17596000,17596000,None,-0.157,0.06,-67303000,23865000,0.79,2013-12-31,37.59,69147000,1684943000.0,395058000,-80137000,-19730000,12603000,12603000,None,16229000,None,142706000,None,None,1819000,None,None,22343000,None,None,None,0.189,43667000,462361000,-84947000,25033000,161420000,None,None,None,None,None,None,None,1.676,11.44,11.06,None,None,None,None,None,17596000,None,0.155,None,421286000,2025-10-28,quarterly,0.85,USD,post-market,216373000,96502000,0.0833,0.158,0.043,17.8,252807000,304648000,302829000,354042000,116.81,175.54,7.5949,1859732000,1094942000,515495000,617066000,764790000,101571000,1045104000,1242666000,72.59,None,205.0,65.55
2025-12-28,TER,2.74,2859571000.0,72.59,None,1.848,17.28,32127000,None,340699000,340699000,6363000,184452000,345267000,None,7821000,None,None,18822000,24626000,196283000,None,650046000,650046000,48012000,None,None,232462000,None,None,91168000,36496000,0.48,0.0024,0,0,None,-0.157,0.06,-67303000,23865000,0.79,2013-09-30,37.59,69147000,1684943000.0,395058000,-80137000,-19730000,12603000,12603000,None,16229000,None,142706000,None,None,1819000,None,None,69459000,None,None,None,0.189,154452000,462361000,-84947000,25033000,161420000,None,None,None,None,None,None,None,1.676,11.44,11.06,None,None,None,None,None,7200000,None,0.155,None,421286000,2025-10-28,quarterly,0.85,USD,post-market,216373000,96502000,0.0833,0.158,0.043,17.8,252807000,304648000,302829000,354042000,116.81,175.54,7.5949,1859732000,1094942000,515495000,617066000,764790000,101571000,1045104000,1242666000,72.59,None,205.0,65.55
2025-12-28,TER,2.74,2859571000.0,72.59,None,1.848,17.28,28251000,None,340699000,340699000,1163000,-184252000,-77618000,None,30413000,None,None,-61594000,24626000,196283000,None,650046000,650046000,48012000,None,None,232462000,None,None,91168000,35478000,0.48,0.0024,0,0,None,-0.157,0.06,-67303000,23865000,0.79,2013-06-30,37.59,69147000,1684943000.0,395058000,-80137000,-19730000,12603000,12603000,None,16229000,None,142706000,None,None,1819000,None,None,66556000,None,None,None,0.189,105471000,462361000,-84947000,25033000,161420000,None,None,None,None,None,None,None,1.676,11.44,11.06,None,None,None,None,None,717000,None,0.155,None,421286000,2025-10-28,quarterly,0.85,USD,post-market,216373000,96502000,0.0833,0.158,0.043,17.8,252807000,304648000,302829000,354042000,116.81,175.54,7.5949,1859732000,1094942000,515495000,617066000,764790000,101571000,1045104000,1242666000,72.59,None,205.0,65.55
2025-12-28,TER,2.74,2859571000.0,72.59,None,1.848,17.28,22547000,None,340699000,340699000,8608000,-5815000,-33701000,None,-4040000,None,None,-13191000,24626000,196283000,None,650046000,650046000,48012000,None,None,232462000,None,None,91168000,35999000,0.48,0.0024,0,0,None,-0.157,0.06,-67303000,23865000,0.79,2013-03-31,37.59,69147000,1684943000.0,395058000,-80137000,-19730000,12603000,12603000,None,16229000,None,142706000,None,None,1819000,None,None,6589000,None,None,None,0.189,-36494000,462361000,-84947000,25033000,161420000,None,None,None,None,None,None,None,1.676,11.44,11.06,None,None,None,None,None,8921000,None,0.155,None,421286000,2025-10-28,quarterly,0.85,USD,post-market,216373000,96502000,0.0833,0.158,0.043,17.8,252807000,304648000,302829000,354042000,116.81,175.54,7.5949,1859732000,1094942000,515495000,617066000,764790000,101571000,1045104000,1242666000,72.59,None,205.0,65.55
2025-12-28,TER,2.74,2859571000.0,72.59,None,1.848,17.28,27948000,None,340699000,340699000,-15748000,-173323000,-146772000,None,-4937000,None,None,52041000,24626000,196283000,None,650046000,650046000,48012000,None,None,232462000,None,None,91168000,37197000,0.48,0.0024,18476000,18476000,None,-0.157,0.06,-67303000,23865000,0.79,2012-12-31,37.59,69147000,1684943000.0,395058000,-80137000,-19730000,12603000,12603000,None,16229000,None,142706000,None,None,1819000,None,None,-16543000,None,None,None,0.189,42299000,462361000,-84947000,25033000,161420000,None,None,None,None,None,None,None,1.676,11.44,11.06,None,None,None,None,None,18476000,None,0.155,None,421286000,2025-10-28,quarterly,0.85,USD,post-market,216373000,96502000,0.0833,0.158,0.043,17.8,252807000,304648000,302829000,354042000,116.81,175.54,7.5949,1859732000,1094942000,515495000,617066000,764790000,101571000,1045104000,1242666000,72.59,None,205.0,65.55
2025-12-28,TER,2.74,2859571000.0,72.59,None,1.848,17.28,33328000,None,340699000,340699000,-37174000,-315162000,-103364000,None,3624000,None,None,140660000,24626000,196283000,None,650046000,650046000,48012000,None,None,232462000,None,None,91168000,36280000,0.48,0.0024,0,0,None,-0.157,0.06,-67303000,23865000,0.79,2012-09-30,37.59,69147000,1684943000.0,395058000,-80137000,-19730000,12603000,12603000,None,16229000,None,142706000,None,None,1819000,None,None,88641000,None,None,None,0.189,248972000,462361000,-84947000,25033000,161420000,None,None,None,None,None,None,None,1.676,11.44,11.06,None,None,None,None,None,975000,None,0.155,None,421286000,2025-10-28,quarterly,0.85,USD,post-market,216373000,96502000,0.0833,0.158,0.043,17.8,252807000,304648000,302829000,354042000,116.81,175.54,7.5949,1859732000,1094942000,515495000,617066000,764790000,101571000,1045104000,1242666000,72.59,None,205.0,65.55
2025-12-28,TER,2.74,2859571000.0,72.59,None,1.848,17.28,30730000,None,340699000,340699000,14659000,-61091000,55660000,None,-2190000,None,None,-124577000,24626000,196283000,None,650046000,650046000,48012000,None,None,232462000,None,None,91168000,35219000,0.48,0.0024,0,0,None,-0.157,0.06,-67303000,23865000,0.79,2012-06-30,37.59,69147000,1684943000.0,395058000,-80137000,-19730000,12603000,12603000,None,16229000,None,142706000,None,None,1819000,None,None,111387000,None,None,None,0.189,102092000,462361000,-84947000,25033000,161420000,None,None,None,None,None,None,None,1.676,11.44,11.06,None,None,None,None,None,7100000,None,0.155,None,421286000,2025-10-28,quarterly,0.85,USD,post-market,216373000,96502000,0.0833,0.158,0.043,17.8,252807000,304648000,302829000,354042000,116.81,175.54,7.5949,1859732000,1094942000,515495000,617066000,764790000,101571000,1045104000,1242666000,72.59,None,205.0,65.55
2025-12-28,TER,2.74,2859571000.0,72.59,None,1.848,17.28,27074000,None,340699000,340699000,2855000,-54364000,-40340000,None,23636000,None,None,-92217000,24626000,196283000,None,650046000,650046000,48012000,None,None,232462000,None,None,91168000,34103000,0.48,0.0024,9925000,9925000,None,-0.157,0.06,-67303000,23865000,0.79,2012-03-31,37.59,69147000,1684943000.0,395058000,-80137000,-19730000,12603000,12603000,None,16229000,None,142706000,None,None,1819000,None,None,33564000,None,None,None,0.189,11169000,462361000,-84947000,25033000,161420000,None,None,None,None,None,None,None,1.676,11.44,11.06,None,None,None,None,None,9925000,None,0.155,None,421286000,2025-10-28,quarterly,0.85,USD,post-market,216373000,96502000,0.0833,0.158,0.043,17.8,252807000,304648000,302829000,354042000,116.81,175.54,7.5949,1859732000,1094942000,515495000,617066000,764790000,101571000,1045104000,1242666000,72.59,None,205.0,65.55
2025-12-28,TER,2.74,2859571000.0,72.59,None,1.848,17.28,19474000,None,340699000,340699000,-7143000,-573490000,-521427000,None,419000,None,None,41134000,24626000,196283000,None,650046000,650046000,48012000,None,None,232462000,None,None,91168000,37351000,0.48,0.0024,7312000,7312000,None,-0.157,0.06,-67303000,23865000,0.79,2011-12-31,37.59,69147000,1684943000.0,395058000,-80137000,-19730000,12603000,12603000,None,16229000,None,142706000,None,None,1819000,None,None,125077000,None,None,None,0.189,59206000,462361000,-84947000,25033000,161420000,None,None,None,None,None,None,None,1.676,11.44,11.06,None,None,None,None,None,-7312000,None,0.155,None,421286000,2025-10-28,quarterly,0.85,USD,post-market,216373000,96502000,0.0833,0.158,0.043,17.8,252807000,304648000,302829000,354042000,116.81,175.54,7.5949,1859732000,1094942000,515495000,617066000,764790000,101571000,1045104000,1242666000,72.59,None,205.0,65.55
2025-12-28,TER,2.74,2859571000.0,72.59,None,1.848,17.28,22156000,None,340699000,340699000,-28712000,575502000,639765000,None,13972000,None,None,64300000,24626000,196283000,None,650046000,650046000,48012000,None,None,232462000,None,None,91168000,25037000,0.48,0.0024,0,0,None,-0.157,0.06,-67303000,23865000,0.79,2011-09-30,37.59,69147000,1684943000.0,395058000,-80137000,-19730000,12603000,12603000,None,16229000,None,142706000,None,None,1819000,None,None,54745000,None,None,None,0.189,92975000,462361000,-84947000,25033000,161420000,None,None,None,None,None,None,None,1.676,11.44,11.06,None,None,None,None,None,-23700000,None,0.155,None,421286000,2025-10-28,quarterly,0.85,USD,post-market,216373000,96502000,0.0833,0.158,0.043,17.8,252807000,304648000,302829000,354042000,116.81,175.54,7.5949,1859732000,1094942000,515495000,617066000,764790000,101571000,1045104000,1242666000,72.59,None,205.0,65.55
2025-12-28,TER,2.74,2859571000.0,72.59,None,1.848,17.28,22336000,None,340699000,340699000,10693000,-77527000,35131000,None,-4297000,None,None,-21569000,24626000,196283000,None,650046000,650046000,48012000,None,None,232462000,None,None,91168000,25437000,0.48,0.0024,0,0,None,-0.157,0.06,-67303000,23865000,0.79,2011-06-30,37.59,69147000,1684943000.0,395058000,-80137000,-19730000,12603000,12603000,None,16229000,None,142706000,None,None,1819000,None,None,89890000,None,None,None,0.189,101965000,462361000,-84947000,25033000,161420000,None,None,None,None,None,None,None,1.676,11.44,11.06,None,None,None,None,None,7000000,None,0.155,None,421286000,2025-10-28,quarterly,0.85,USD,post-market,216373000,96502000,0.0833,0.158,0.043,17.8,252807000,304648000,302829000,354042000,116.81,175.54,7.5949,1859732000,1094942000,515495000,617066000,764790000,101571000,1045104000,1242666000,72.59,None,205.0,65.55
2025-12-28,TER,2.74,2859571000.0,72.59,None,1.848,17.28,22131000,None,340699000,340699000,8854000,-5942000,22530000,None,-10709000,None,None,-17498000,24626000,196283000,None,650046000,650046000,48012000,None,None,232462000,None,None,91168000,25499000,0.48,0.0024,8854000,8854000,None,-0.157,0.06,-67303000,23865000,0.79,2011-03-31,37.59,69147000,1684943000.0,395058000,-80137000,-19730000,12603000,12603000,None,16229000,None,142706000,None,None,1819000,None,None,68124000,None,None,None,0.189,19618000,462361000,-84947000,25033000,161420000,None,None,None,None,None,None,None,1.676,11.44,11.06,None,None,None,None,None,10076000,None,0.155,None,421286000,2025-10-28,quarterly,0.85,USD,post-market,216373000,96502000,0.0833,0.158,0.043,17.8,252807000,304648000,302829000,354042000,116.81,175.54,7.5949,1859732000,1094942000,515495000,617066000,764790000,101571000,1045104000,1242666000,72.59,None,205.0,65.55
2025-12-28,TER,2.74,2859571000.0,72.59,None,1.848,17.28,22085000,None,340699000,340699000,2454000,-215128000,None,None,-6170000,None,None,None,24626000,196283000,None,650046000,650046000,48012000,None,None,232462000,None,None,91168000,25092000,0.48,0.0024,44679000,44679000,None,-0.157,0.06,-67303000,23865000,0.79,2010-12-31,37.59,69147000,1684943000.0,395058000,-80137000,-19730000,12603000,12603000,None,16229000,None,142706000,None,None,1819000,None,None,60141000,None,None,None,0.189,176782000,462361000,-84947000,25033000,161420000,None,None,None,None,None,None,None,1.676,11.44,11.06,None,None,None,None,None,44679000,None,0.155,None,421286000,2025-10-28,quarterly,0.85,USD,post-market,216373000,96502000,0.0833,0.158,0.043,17.8,252807000,304648000,302829000,354042000,116.81,175.54,7.5949,1859732000,1094942000,515495000,617066000,764790000,101571000,1045104000,1242666000,72.59,None,205.0,65.55
2025-12-28,TER,2.74,2859571000.0,72.59,None,1.848,17.28,18253000,None,340699000,340699000,-830000,-225063000,None,None,-14285000,None,None,None,24626000,196283000,None,650046000,650046000,48012000,None,None,232462000,None,None,91168000,24664000,0.48,0.0024,0,0,None,-0.157,0.06,-67303000,23865000,0.79,2010-09-30,37.59,69147000,1684943000.0,395058000,-80137000,-19730000,12603000,12603000,None,16229000,None,142706000,None,None,1819000,None,None,147340000,None,None,None,0.189,255192000,462361000,-84947000,25033000,161420000,None,None,None,None,None,None,None,1.676,11.44,11.06,None,None,None,None,None,300000,None,0.155,None,421286000,2025-10-28,quarterly,0.85,USD,post-market,216373000,96502000,0.0833,0.158,0.043,17.8,252807000,304648000,302829000,354042000,116.81,175.54,7.5949,1859732000,1094942000,515495000,617066000,764790000,101571000,1045104000,1242666000,72.59,None,205.0,65.55
2025-12-28,TER,2.74,2859571000.0,72.59,None,1.848,17.28,18119000,None,340699000,340699000,35794000,-81701000,None,None,9557000,None,None,None,24626000,196283000,None,650046000,650046000,48012000,None,None,232462000,None,None,91168000,24731000,0.48,0.0024,0,0,None,-0.157,0.06,-67303000,23865000,0.79,2010-06-30,37.59,69147000,1684943000.0,395058000,-80137000,-19730000,12603000,12603000,None,16229000,None,142706000,None,None,1819000,None,None,122149000,None,None,None,0.189,108137000,462361000,-84947000,25033000,161420000,None,None,None,None,None,None,None,1.676,11.44,11.06,None,None,None,None,None,35800000,None,0.155,None,421286000,2025-10-28,quarterly,0.85,USD,post-market,216373000,96502000,0.0833,0.158,0.043,17.8,252807000,304648000,302829000,354042000,116.81,175.54,7.5949,1859732000,1094942000,515495000,617066000,764790000,101571000,1045104000,1242666000,72.59,None,205.0,65.55
2025-12-28,TER,2.74,2859571000.0,72.59,None,1.848,17.28,17587000,None,340699000,340699000,4956000,-105767000,None,None,15522000,None,None,None,24626000,196283000,None,650046000,650046000,48012000,None,None,232462000,None,None,91168000,25400000,0.48,0.0024,4956000,4956000,None,-0.157,0.06,-67303000,23865000,0.79,2010-03-31,37.59,69147000,1684943000.0,395058000,-80137000,-19730000,12603000,12603000,None,16229000,None,142706000,None,None,1819000,None,None,50100000,None,None,None,0.189,26687000,462361000,-84947000,25033000,161420000,None,None,None,None,None,None,None,1.676,11.44,11.06,None,None,None,None,None,6079000,None,0.155,None,421286000,2025-10-28,quarterly,0.85,USD,post-market,216373000,96502000,0.0833,0.158,0.043,17.8,252807000,304648000,302829000,354042000,116.81,175.54,7.5949,1859732000,1094942000,515495000,617066000,764790000,101571000,1045104000,1242666000,72.59,None,205.0,65.55
2025-12-28,TER,2.74,2859571000.0,72.59,None,1.848,17.28,15349000,None,340699000,340699000,1496000,-56297000,None,None,17466000,None,None,None,24626000,196283000,None,650046000,650046000,48012000,None,None,232462000,None,None,91168000,27115000,0.48,0.0024,15703000,15703000,None,-0.157,0.06,-67303000,23865000,0.79,2009-12-31,37.59,69147000,1684943000.0,395058000,-80137000,-19730000,12603000,12603000,None,16229000,None,142706000,None,None,1819000,None,None,16924000,None,None,None,0.189,65157000,462361000,-84947000,25033000,161420000,None,None,None,None,None,None,None,1.676,11.44,11.06,None,None,None,None,None,15703000,None,0.155,None,421286000,2025-10-28,quarterly,0.85,USD,post-market,216373000,96502000,0.0833,0.158,0.043,17.8,252807000,304648000,302829000,354042000,116.81,175.54,7.5949,1859732000,1094942000,515495000,617066000,764790000,101571000,1045104000,1242666000,72.59,None,205.0,65.55
2025-12-28,TER,2.74,2859571000.0,72.59,None,1.848,17.28,9155000,None,340699000,340699000,-85000,-29486000,None,None,16452000,None,None,None,24626000,196283000,None,650046000,650046000,48012000,None,None,232462000,None,None,91168000,27372000,0.48,0.0024,None,None,None,-0.157,0.06,-67303000,23865000,0.79,2009-09-30,37.59,69147000,1684943000.0,395058000,-80137000,-19730000,12603000,12603000,None,16229000,None,142706000,None,None,1819000,None,None,6675000,None,None,None,0.189,102917000,462361000,-84947000,25033000,161420000,None,None,None,None,None,None,None,1.676,11.44,11.06,None,None,None,None,None,1000000,None,0.155,None,421286000,2025-10-28,quarterly,0.85,USD,post-market,216373000,96502000,0.0833,0.158,0.043,17.8,252807000,304648000,302829000,354042000,116.81,175.54,7.5949,1859732000,1094942000,515495000,617066000,764790000,101571000,1045104000,1242666000,72.59,None,205.0,65.55
2025-12-28,TER,2.74,2859571000.0,72.59,None,1.848,17.28,11341000,None,340699000,340699000,47163000,-12181000,None,None,33599000,None,None,None,24626000,196283000,None,650046000,650046000,48012000,None,None,232462000,None,None,91168000,26101000,0.48,0.0024,None,None,None,-0.157,0.06,-67303000,23865000,0.79,2009-06-30,37.59,69147000,1684943000.0,395058000,-80137000,-19730000,12603000,12603000,None,16229000,None,142706000,None,None,1819000,None,None,-66768000,None,None,None,0.189,18448000,462361000,-84947000,25033000,161420000,None,None,None,None,None,None,None,1.676,11.44,11.06,None,None,None,None,None,6800000,None,0.155,None,421286000,2025-10-28,quarterly,0.85,USD,post-market,216373000,96502000,0.0833,0.158,0.043,17.8,252807000,304648000,302829000,354042000,116.81,175.54,7.5949,1859732000,1094942000,515495000,617066000,764790000,101571000,1045104000,1242666000,72.59,None,205.0,65.55
2025-12-28,TER,2.74,2859571000.0,72.59,None,1.848,17.28,6087000,None,340699000,340699000,17523000,4034000,None,None,-4140000,None,None,None,24626000,196283000,None,650046000,650046000,48012000,None,None,232462000,None,None,91168000,25493000,0.48,0.0024,None,None,None,-0.157,0.06,-67303000,23865000,0.79,2009-03-31,37.59,69147000,1684943000.0,395058000,-80137000,-19730000,12603000,12603000,None,16229000,None,142706000,None,None,1819000,None,None,-90668000,None,None,None,0.189,-65205000,462361000,-84947000,25033000,161420000,None,None,None,None,None,None,None,1.676,11.44,11.06,None,None,None,None,None,7453000,None,0.155,None,421286000,2025-10-28,quarterly,0.85,USD,post-market,216373000,96502000,0.0833,0.158,0.043,17.8,252807000,304648000,302829000,354042000,116.81,175.54,7.5949,1859732000,1094942000,515495000,617066000,764790000,101571000,1045104000,1242666000,72.59,None,205.0,65.55
2025-12-28,TER,2.74,2859571000.0,72.59,None,1.848,17.28,11674000,None,340699000,340699000,121196000,-134503000,None,None,1568000,None,None,None,24626000,196283000,None,650046000,650046000,48012000,None,None,232462000,None,None,91168000,22786000,0.48,0.0024,None,None,None,-0.157,0.06,-67303000,23865000,0.79,2008-12-31,37.59,69147000,1684943000.0,395058000,-80137000,-19730000,12603000,12603000,None,16229000,None,142706000,None,None,1819000,None,None,-389359000,None,None,None,0.189,43439000,462361000,-84947000,25033000,161420000,None,None,None,None,None,None,None,1.676,11.44,11.06,None,None,None,None,None,-1000,None,0.155,None,421286000,2025-10-28,quarterly,0.85,USD,post-market,216373000,96502000,0.0833,0.158,0.043,17.8,252807000,304648000,302829000,354042000,116.81,175.54,7.5949,1859732000,1094942000,515495000,617066000,764790000,101571000,1045104000,1242666000,72.59,None,205.0,65.55
2025-12-28,TER,2.74,2859571000.0,72.59,None,1.848,17.28,18826000,None,340699000,340699000,7212000,-39481000,None,None,-3419000,None,None,None,24626000,196283000,None,650046000,650046000,48012000,None,None,232462000,None,None,91168000,23177000,0.48,0.0024,None,None,None,-0.157,0.06,-67303000,23865000,0.79,2008-09-30,37.59,69147000,1684943000.0,395058000,-80137000,-19730000,12603000,12603000,None,16229000,None,142706000,None,None,1819000,None,None,-22689000,None,None,None,0.189,38748000,462361000,-84947000,25033000,161420000,None,None,None,None,None,None,None,1.676,11.44,11.06,None,None,None,None,None,7200000,None,0.155,None,421286000,2025-10-28,quarterly,0.85,USD,post-market,216373000,96502000,0.0833,0.158,0.043,17.8,252807000,304648000,302829000,354042000,116.81,175.54,7.5949,1859732000,1094942000,515495000,617066000,764790000,101571000,1045104000,1242666000,72.59,None,205.0,65.55
2025-12-28,TER,2.74,2859571000.0,72.59,None,1.848,17.28,27718000,None,340699000,340699000,-57314000,-26197000,None,None,-1301000,None,None,None,24626000,196283000,None,650046000,650046000,48012000,None,None,232462000,None,None,91168000,25367000,0.48,0.0024,None,None,None,-0.157,0.06,-67303000,23865000,0.79,2008-06-30,37.59,69147000,1684943000.0,395058000,-80137000,-19730000,12603000,12603000,None,16229000,None,142706000,None,None,1819000,None,None,11079000,None,None,None,0.189,46525000,462361000,-84947000,25033000,161420000,None,None,None,None,None,None,None,1.676,11.44,11.06,None,None,None,None,None,-58214000,None,0.155,None,421286000,2025-10-28,quarterly,0.85,USD,post-market,216373000,96502000,0.0833,0.158,0.043,17.8,252807000,304648000,302829000,354042000,116.81,175.54,7.5949,1859732000,1094942000,515495000,617066000,764790000,101571000,1045104000,1242666000,72.59,None,205.0,65.55
2025-12-28,TER,2.74,2859571000.0,72.59,None,1.848,17.28,28984000,None,340699000,340699000,-24795000,-248917000,None,None,78000,None,None,None,24626000,196283000,None,650046000,650046000,48012000,None,None,232462000,None,None,91168000,23430000,0.48,0.0024,None,None,None,-0.157,0.06,-67303000,23865000,0.79,2008-03-31,37.59,69147000,1684943000.0,395058000,-80137000,-19730000,12603000,12603000,None,16229000,None,142706000,None,None,1819000,None,None,2367000,None,None,None,0.189,34421000,462361000,-84947000,25033000,161420000,None,None,None,None,None,None,None,1.676,11.44,11.06,None,None,None,None,None,-32977000,None,0.155,None,421286000,2025-10-28,quarterly,0.85,USD,post-market,216373000,96502000,0.0833,0.158,0.043,17.8,252807000,304648000,302829000,354042000,116.81,175.54,7.5949,1859732000,1094942000,515495000,617066000,764790000,101571000,1045104000,1242666000,72.59,None,205.0,65.55
2025-12-28,TER,2.74,2859571000.0,72.59,None,1.848,17.28,22300000,None,340699000,340699000,-69842000,115211000,None,None,17918000,None,None,None,24626000,196283000,None,650046000,650046000,48012000,None,None,232462000,None,None,91168000,16242000,0.48,0.0024,None,None,None,-0.157,0.06,-67303000,23865000,0.79,2007-12-31,37.59,69147000,1684943000.0,395058000,-80137000,-19730000,12603000,12603000,None,16229000,None,142706000,None,None,1819000,None,None,16704000,None,None,None,0.189,87924000,462361000,-84947000,25033000,161420000,None,None,None,None,None,None,None,1.676,11.44,11.06,None,None,None,None,None,-70103000,None,0.155,None,421286000,2025-10-28,quarterly,0.85,USD,post-market,216373000,96502000,0.0833,0.158,0.043,17.8,252807000,304648000,302829000,354042000,116.81,175.54,7.5949,1859732000,1094942000,515495000,617066000,764790000,101571000,1045104000,1242666000,72.59,None,205.0,65.55
2025-12-28,TER,2.74,2859571000.0,72.59,None,1.848,17.28,19177000,None,340699000,340699000,-167321000,174044000,None,None,2397000,None,None,None,24626000,196283000,None,650046000,650046000,48012000,None,None,232462000,None,None,91168000,16384000,0.48,0.0024,None,None,None,-0.157,0.06,-67303000,23865000,0.79,2007-09-30,37.59,69147000,1684943000.0,395058000,-80137000,-19730000,12603000,12603000,None,16229000,None,142706000,None,None,1819000,None,None,40989000,None,None,None,0.189,29140000,462361000,-84947000,25033000,161420000,None,None,None,None,None,None,None,1.676,11.44,11.06,None,None,None,None,None,-175952000,None,0.155,None,421286000,2025-10-28,quarterly,0.85,USD,post-market,216373000,96502000,0.0833,0.158,0.043,17.8,252807000,304648000,302829000,354042000,116.81,175.54,7.5949,1859732000,1094942000,515495000,617066000,764790000,101571000,1045104000,1242666000,72.59,None,205.0,65.55
2025-12-28,TER,2.74,2859571000.0,72.59,None,1.848,17.28,22676000,None,340699000,340699000,-19575000,-34279000,None,None,4262000,None,None,None,24626000,196283000,None,650046000,650046000,48012000,None,None,232462000,None,None,91168000,16496000,0.48,0.0024,None,None,None,-0.157,0.06,-67303000,23865000,0.79,2007-06-30,37.59,69147000,1684943000.0,395058000,-80137000,-19730000,12603000,12603000,None,16229000,None,142706000,None,None,1819000,None,None,27654000,None,None,None,0.189,41480000,462361000,-84947000,25033000,161420000,None,None,None,None,None,None,None,1.676,11.44,11.06,None,None,None,None,None,-24041000,None,0.155,None,421286000,2025-10-28,quarterly,0.85,USD,post-market,216373000,96502000,0.0833,0.158,0.043,17.8,252807000,304648000,302829000,354042000,116.81,175.54,7.5949,1859732000,1094942000,515495000,617066000,764790000,101571000,1045104000,1242666000,72.59,None,205.0,65.55
2025-12-28,TER,2.74,2859571000.0,72.59,None,1.848,17.28,39535000,None,340699000,340699000,6244000,-138323000,None,None,20602000,None,None,None,24626000,196283000,None,650046000,650046000,48012000,None,None,232462000,None,None,91168000,18373000,0.48,0.0024,None,None,None,-0.157,0.06,-67303000,23865000,0.79,2007-03-31,37.59,69147000,1684943000.0,395058000,-80137000,-19730000,12603000,12603000,None,16229000,None,142706000,None,None,1819000,None,None,-7636000,None,None,None,0.189,-30357000,462361000,-84947000,25033000,161420000,None,None,None,None,None,None,None,1.676,11.44,11.06,None,None,None,None,None,-3569000,None,0.155,None,421286000,2025-10-28,quarterly,0.85,USD,post-market,216373000,96502000,0.0833,0.158,0.043,17.8,252807000,304648000,302829000,354042000,116.81,175.54,7.5949,1859732000,1094942000,515495000,617066000,764790000,101571000,1045104000,1242666000,72.59,None,205.0,65.55
2025-12-28,TER,2.74,2859571000.0,72.59,None,1.848,17.28,27747000,None,340699000,340699000,-287985000,-7206000,None,None,11707000,None,None,None,24626000,196283000,None,650046000,650046000,48012000,None,None,232462000,None,None,91168000,17489000,0.48,0.0024,None,None,None,-0.157,0.06,-67303000,23865000,0.79,2006-12-31,37.59,69147000,1684943000.0,395058000,-80137000,-19730000,12603000,12603000,None,16229000,None,142706000,None,None,1819000,None,None,10874000,None,None,None,0.189,108183000,462361000,-84947000,25033000,161420000,None,None,None,None,None,None,None,1.676,11.44,11.06,None,None,None,None,None,-28251000,None,0.155,None,421286000,2025-10-28,quarterly,0.85,USD,post-market,216373000,96502000,0.0833,0.158,0.043,17.8,252807000,304648000,302829000,354042000,116.81,175.54,7.5949,1859732000,1094942000,515495000,617066000,764790000,101571000,1045104000,1242666000,72.59,None,205.0,65.55
2025-12-28,TER,2.74,2859571000.0,72.59,None,1.848,17.28,30068000,None,340699000,340699000,-125496000,405318000,None,None,18242000,None,None,None,24626000,196283000,None,650046000,650046000,48012000,None,None,232462000,None,None,91168000,18415000,0.48,0.0024,None,None,None,-0.157,0.06,-67303000,23865000,0.79,2006-09-30,37.59,69147000,1684943000.0,395058000,-80137000,-19730000,12603000,12603000,None,16229000,None,142706000,None,None,1819000,None,None,60565000,None,None,None,0.189,138689000,462361000,-84947000,25033000,161420000,None,None,None,None,None,None,None,1.676,11.44,11.06,None,None,None,None,None,-101500000,None,0.155,None,421286000,2025-10-28,quarterly,0.85,USD,post-market,216373000,96502000,0.0833,0.158,0.043,17.8,252807000,304648000,302829000,354042000,116.81,175.54,7.5949,1859732000,1094942000,515495000,617066000,764790000,101571000,1045104000,1242666000,72.59,None,205.0,65.55
2025-12-28,TER,2.74,2859571000.0,72.59,None,1.848,17.28,27181000,None,340699000,340699000,1606000,-119192000,None,None,15085000,None,None,None,24626000,196283000,None,650046000,650046000,48012000,None,None,232462000,None,None,91168000,18092000,0.48,0.0024,None,None,None,-0.157,0.06,-67303000,23865000,0.79,2006-06-30,37.59,69147000,1684943000.0,395058000,-80137000,-19730000,12603000,12603000,None,16229000,None,142706000,None,None,1819000,None,None,82405000,None,None,None,0.189,131327000,462361000,-84947000,25033000,161420000,None,None,None,None,None,None,None,1.676,11.44,11.06,None,None,None,None,None,1600000,None,0.155,None,421286000,2025-10-28,quarterly,0.85,USD,post-market,216373000,96502000,0.0833,0.158,0.043,17.8,252807000,304648000,302829000,354042000,116.81,175.54,7.5949,1859732000,1094942000,515495000,617066000,764790000,101571000,1045104000,1242666000,72.59,None,205.0,65.55
2025-12-28,TER,2.74,2859571000.0,72.59,None,1.848,17.28,25421000,None,340699000,340699000,-7064000,-82741000,None,None,33433000,None,None,None,24626000,196283000,None,650046000,650046000,48012000,None,None,232462000,None,None,91168000,19544000,0.48,0.0024,None,None,None,-0.157,0.06,-67303000,23865000,0.79,2006-03-31,37.59,69147000,1684943000.0,395058000,-80137000,-19730000,12603000,12603000,None,16229000,None,142706000,None,None,1819000,None,None,44913000,None,None,None,0.189,71887000,462361000,-84947000,25033000,161420000,None,None,None,None,None,None,None,1.676,11.44,11.06,None,None,None,None,None,12584000,None,0.155,None,421286000,2025-10-28,quarterly,0.85,USD,post-market,216373000,96502000,0.0833,0.158,0.043,17.8,252807000,304648000,302829000,354042000,116.81,175.54,7.5949,1859732000,1094942000,515495000,617066000,764790000,101571000,1045104000,1242666000,72.59,None,205.0,65.55
2025-12-28,TER,2.74,2859571000.0,72.59,None,1.848,17.28,82728000,None,340699000,340699000,-74908000,127472000,None,None,35963000,None,None,None,24626000,196283000,None,650046000,650046000,48012000,None,None,232462000,None,None,91168000,192000,0.48,0.0024,None,None,None,-0.157,0.06,-67303000,23865000,0.79,2005-12-31,37.59,69147000,1684943000.0,395058000,-80137000,-19730000,12603000,12603000,None,16229000,None,142706000,None,None,1819000,None,None,72957000,None,None,None,0.189,57790000,462361000,-84947000,25033000,161420000,None,None,None,None,None,None,None,1.676,11.44,11.06,None,None,None,None,None,None,None,0.155,None,421286000,2025-10-28,quarterly,0.85,USD,post-market,216373000,96502000,0.0833,0.158,0.043,17.8,252807000,304648000,302829000,354042000,116.81,175.54,7.5949,1859732000,1094942000,515495000,617066000,764790000,101571000,1045104000,1242666000,72.59,None,205.0,65.55
2025-12-28,TER,2.74,2859571000.0,72.59,None,1.848,17.28,49558000,None,340699000,340699000,3055000,-9322000,None,None,1513000,None,None,None,24626000,196283000,None,650046000,650046000,48012000,None,None,232462000,None,None,91168000,31043000,0.48,0.0024,None,None,None,-0.157,0.06,-67303000,23865000,0.79,2005-09-30,37.59,69147000,1684943000.0,395058000,-80137000,-19730000,12603000,12603000,None,16229000,None,142706000,None,None,1819000,None,None,-35378000,None,None,None,0.189,37552000,462361000,-84947000,25033000,161420000,None,None,None,None,None,None,None,1.676,11.44,11.06,None,None,None,None,None,3000000,None,0.155,None,421286000,2025-10-28,quarterly,0.85,USD,post-market,216373000,96502000,0.0833,0.158,0.043,17.8,252807000,304648000,302829000,354042000,116.81,175.54,7.5949,1859732000,1094942000,515495000,617066000,764790000,101571000,1045104000,1242666000,72.59,None,205.0,65.55
2025-12-28,TER,2.74,2859571000.0,72.59,None,1.848,17.28,198095000,None,340699000,340699000,-251767000,-622342000,None,None,8707000,None,None,None,24626000,196283000,None,650046000,650046000,48012000,None,None,232462000,None,None,91168000,119741000,0.48,0.0024,76423000,76423000,None,-0.157,0.06,-67303000,23865000,0.79,2024-12-31,37.59,69147000,1684943000.0,395058000,-80137000,-19730000,12603000,12603000,None,16229000,None,142706000,None,None,1819000,None,None,542372000,None,None,None,0.189,672176000,462361000,-84947000,25033000,161420000,None,None,None,None,None,None,None,1.676,11.44,11.06,None,None,None,None,None,-198574000,None,0.155,None,421286000,2025-10-28,annual,0.85,USD,post-market,216373000,96502000,0.0833,0.158,0.043,17.8,252807000,304648000,302829000,354042000,116.81,175.54,7.5949,1859732000,1094942000,515495000,617066000,764790000,101571000,1045104000,1242666000,72.59,None,205.0,65.55
2025-12-28,TER,2.74,2859571000.0,72.59,None,1.848,17.28,159642000,None,340699000,340699000,-501912000,-179645000,None,None,5327000,None,None,None,24626000,196283000,None,650046000,650046000,48012000,None,None,232462000,None,None,91168000,111117000,0.48,0.0024,67878000,67878000,None,-0.157,0.06,-67303000,23865000,0.79,2023-12-31,37.59,69147000,1684943000.0,395058000,-80137000,-19730000,12603000,12603000,None,16229000,None,142706000,None,None,1819000,None,None,448752000,None,None,None,0.189,585231000,462361000,-84947000,25033000,161420000,None,None,None,None,None,None,None,1.676,11.44,11.06,None,None,None,None,None,-397241000,None,0.155,None,421286000,2025-10-28,annual,0.85,USD,post-market,216373000,96502000,0.0833,0.158,0.043,17.8,252807000,304648000,302829000,354042000,116.81,175.54,7.5949,1859732000,1094942000,515495000,617066000,764790000,101571000,1045104000,1242666000,72.59,None,205.0,65.55
2025-12-28,TER,2.74,2859571000.0,72.59,None,1.848,17.28,163249000,None,340699000,340699000,-892989000,43751000,-271315000,None,-80809000,None,None,50628000,24626000,196283000,None,650046000,650046000,48012000,None,None,232462000,None,None,91168000,110675000,0.48,0.0024,69711000,69711000,None,-0.157,0.06,-67303000,23865000,0.79,2022-12-31,37.59,69147000,1684943000.0,395058000,-80137000,-19730000,12603000,12603000,None,16229000,None,142706000,None,None,1819000,None,None,715501000,None,None,None,0.189,577923000,462361000,-84947000,25033000,161420000,None,None,None,None,None,None,None,1.676,11.44,11.06,None,None,None,None,None,-752082000,None,0.155,None,421286000,2025-10-28,annual,0.85,USD,post-market,216373000,96502000,0.0833,0.158,0.043,17.8,252807000,304648000,302829000,354042000,116.81,175.54,7.5949,1859732000,1094942000,515495000,617066000,764790000,101571000,1045104000,1242666000,72.59,None,205.0,65.55
2025-12-28,TER,2.74,2859571000.0,72.59,None,1.848,17.28,132472000,None,340699000,340699000,-1008584000,120361000,208078000,-2065000,6495000,None,None,-57778000,24626000,196283000,None,650046000,650046000,48012000,None,None,232462000,None,None,91168000,125485000,0.48,0.0024,65977000,65977000,None,-0.157,0.06,-67303000,23865000,0.79,2021-12-31,37.59,69147000,1684943000.0,395058000,-80137000,-19730000,12603000,12603000,None,16229000,None,142706000,None,None,1819000,None,None,1020833000,None,None,None,0.189,1098366000,462361000,-84947000,25033000,161420000,None,None,None,None,None,None,None,1.676,11.44,11.06,None,None,None,None,None,-600000000,None,0.155,None,421286000,2025-10-28,annual,0.85,USD,post-market,216373000,96502000,0.0833,0.158,0.043,17.8,252807000,304648000,302829000,354042000,116.81,175.54,7.5949,1859732000,1094942000,515495000,617066000,764790000,101571000,1045104000,1242666000,72.59,None,205.0,65.55
2025-12-28,TER,2.74,2859571000.0,72.59,None,1.848,17.28,184977000,None,340699000,340699000,-158286000,-569794000,140197000,-658000,-8438000,None,None,-129451000,24626000,196283000,None,650046000,650046000,48012000,None,None,232462000,None,None,91168000,126743000,0.48,0.0024,66482000,66482000,None,-0.157,0.06,-67303000,23865000,0.79,2020-12-31,37.59,69147000,1684943000.0,395058000,-80137000,-19730000,12603000,12603000,None,16229000,None,142706000,None,None,1819000,None,None,784147000,None,None,None,0.189,868935000,462361000,-84947000,25033000,161420000,None,None,None,None,None,None,None,1.676,11.44,11.06,None,None,None,None,None,-88465000,None,0.155,None,421286000,2025-10-28,annual,0.85,USD,post-market,216373000,96502000,0.0833,0.158,0.043,17.8,252807000,304648000,302829000,354042000,116.81,175.54,7.5949,1859732000,1094942000,515495000,617066000,764790000,101571000,1045104000,1242666000,72.59,None,205.0,65.55
2025-12-28,TER,2.74,2859571000.0,72.59,None,1.848,17.28,134642000,None,340699000,340699000,-574349000,-156660000,-152828000,-569000,-27408000,None,None,-70440000,24626000,196283000,None,650046000,650046000,48012000,None,None,232462000,None,None,91168000,120655000,0.48,0.0024,61305000,61305000,None,-0.157,0.06,-67303000,23865000,0.79,2019-12-31,37.59,69147000,1684943000.0,395058000,-80137000,-19730000,12603000,12603000,None,16229000,None,142706000,None,None,1819000,None,None,479175000,None,None,None,0.189,578750000,462361000,-84947000,25033000,161420000,None,None,None,None,None,None,None,1.676,11.44,11.06,None,None,None,None,None,-500000000,None,0.155,None,421286000,2025-10-28,annual,0.85,USD,post-market,216373000,96502000,0.0833,0.158,0.043,17.8,252807000,304648000,302829000,354042000,116.81,175.54,7.5949,1859732000,1094942000,515495000,617066000,764790000,101571000,1045104000,1242666000,72.59,None,205.0,65.55
2025-12-28,TER,2.74,2859571000.0,72.59,None,1.848,17.28,114379000,None,340699000,340699000,-903421000,923010000,496909000,439000,-29498000,None,None,-17938000,24626000,196283000,None,650046000,650046000,48012000,None,None,232462000,None,None,91168000,113224000,0.48,0.0024,67322000,67322000,None,-0.157,0.06,-67303000,23865000,0.79,2018-12-31,37.59,69147000,1684943000.0,395058000,-80137000,-19730000,12603000,12603000,None,16229000,None,142706000,None,None,1819000,None,None,451779000,None,None,None,0.189,476881000,462361000,-84947000,25033000,161420000,None,None,None,None,None,None,None,1.676,11.44,11.06,None,None,None,None,None,-823478000,None,0.155,None,421286000,2025-10-28,annual,0.85,USD,post-market,216373000,96502000,0.0833,0.158,0.043,17.8,252807000,304648000,302829000,354042000,116.81,175.54,7.5949,1859732000,1094942000,515495000,617066000,764790000,101571000,1045104000,1242666000,72.59,None,205.0,65.55
2025-12-28,TER,2.74,2859571000.0,72.59,None,1.848,17.28,105375000,None,340699000,340699000,-245189000,-262801000,121959000,3454000,44960000,None,None,-80584000,24626000,196283000,None,650046000,650046000,48012000,None,None,232462000,None,None,91168000,108075000,0.48,0.0024,55447000,55447000,None,-0.157,0.06,-67303000,23865000,0.79,2017-12-31,37.59,69147000,1684943000.0,395058000,-80137000,-19730000,12603000,12603000,None,16229000,None,142706000,None,None,1819000,None,None,257692000,None,None,None,0.189,626495000,462361000,-84947000,25033000,161420000,None,None,None,None,None,None,None,1.676,11.44,11.06,None,None,None,None,None,-200304000,None,0.155,None,421286000,2025-10-28,annual,0.85,USD,post-market,216373000,96502000,0.0833,0.158,0.043,17.8,252807000,304648000,302829000,354042000,116.81,175.54,7.5949,1859732000,1094942000,515495000,617066000,764790000,101571000,1045104000,1242666000,72.59,None,205.0,65.55
2025-12-28,TER,2.74,2859571000.0,72.59,None,1.848,17.28,85272000,None,340699000,340699000,237842000,-640462000,43179000,None,34263000,None,None,18325000,24626000,196283000,None,650046000,650046000,48012000,None,None,232462000,None,None,91168000,120009000,0.48,0.0024,48619000,48619000,None,-0.157,0.06,-67303000,23865000,0.79,2016-12-31,37.59,69147000,1684943000.0,395058000,-80137000,-19730000,12603000,12603000,None,16229000,None,142706000,None,None,1819000,None,None,-43421000,None,None,None,0.189,445799000,462361000,-84947000,25033000,161420000,None,None,None,None,None,None,None,1.676,11.44,11.06,None,None,None,None,None,-146331000,None,0.155,None,421286000,2025-10-28,annual,0.85,USD,post-market,216373000,96502000,0.0833,0.158,0.043,17.8,252807000,304648000,302829000,354042000,116.81,175.54,7.5949,1859732000,1094942000,515495000,617066000,764790000,101571000,1045104000,1242666000,72.59,None,205.0,65.55
2025-12-28,TER,2.74,2859571000.0,72.59,None,1.848,17.28,89878000,None,340699000,340699000,-326417000,-113722000,-29551000,None,15559000,None,None,-57267000,24626000,196283000,None,650046000,650046000,48012000,None,None,232462000,None,None,91168000,140773000,0.48,0.0024,50713000,50713000,None,-0.157,0.06,-67303000,23865000,0.79,2015-12-31,37.59,69147000,1684943000.0,395058000,-80137000,-19730000,12603000,12603000,None,16229000,None,142706000,None,None,1819000,None,None,206477000,None,None,None,0.189,410588000,462361000,-84947000,25033000,161420000,None,None,None,None,None,None,None,1.676,11.44,11.06,None,None,None,None,None,-299949000,None,0.155,None,421286000,2025-10-28,annual,0.85,USD,post-market,216373000,96502000,0.0833,0.158,0.043,17.8,252807000,304648000,302829000,354042000,116.81,175.54,7.5949,1859732000,1094942000,515495000,617066000,764790000,101571000,1045104000,1242666000,72.59,None,205.0,65.55
2025-12-28,TER,2.74,2859571000.0,72.59,None,1.848,17.28,168982000,None,340699000,340699000,-206571000,-334208000,-47382000,None,51172000,None,None,8060000,24626000,196283000,None,650046000,650046000,48012000,None,None,232462000,None,None,91168000,152544000,0.48,0.0024,37425000,37425000,None,-0.157,0.06,-67303000,23865000,0.79,2014-12-31,37.59,69147000,1684943000.0,395058000,-80137000,-19730000,12603000,12603000,None,16229000,None,142706000,None,None,1819000,None,None,81272000,None,None,None,0.189,492062000,462361000,-84947000,25033000,161420000,None,None,None,None,None,None,None,1.676,11.44,11.06,None,None,None,None,None,21291000,None,0.155,None,421286000,2025-10-28,annual,0.85,USD,post-market,216373000,96502000,0.0833,0.158,0.043,17.8,252807000,304648000,302829000,354042000,116.81,175.54,7.5949,1859732000,1094942000,515495000,617066000,764790000,101571000,1045104000,1242666000,72.59,None,205.0,65.55
2025-12-28,TER,2.74,2859571000.0,72.59,None,1.848,17.28,106730999,None,340699000,340699000,17270000,-281667000,2718000,None,21170000,None,None,-3656000,24626000,196283000,None,650046000,650046000,48012000,None,None,232462000,None,None,91168000,150687000,0.48,0.0024,17596000,17596000,None,-0.157,0.06,-67303000,23865000,0.79,2013-12-31,37.59,69147000,1684943000.0,395058000,-80137000,-19730000,12603000,12603000,None,16229000,None,142706000,None,None,1819000,None,None,164947000,None,None,None,0.189,267274999,462361000,-84947000,25033000,161420000,None,None,None,None,None,None,None,1.676,11.44,11.06,None,None,None,None,None,17596000,None,0.155,None,421286000,2025-10-28,annual,0.85,USD,post-market,216373000,96502000,0.0833,0.158,0.043,17.8,252807000,304648000,302829000,354042000,116.81,175.54,7.5949,1859732000,1094942000,515495000,617066000,764790000,101571000,1045104000,1242666000,72.59,None,205.0,65.55
2025-12-28,TER,2.74,2859571000.0,72.59,None,1.848,17.28,119080000,None,340699000,340699000,-35408000,-603940000,-234816000,None,17652000,None,None,-24093000,24626000,196283000,None,650046000,650046000,48012000,None,None,232462000,None,None,91168000,142799000,0.48,0.0024,18476000,18476000,None,-0.157,0.06,-67303000,23865000,0.79,2012-12-31,37.59,69147000,1684943000.0,395058000,-80137000,-19730000,12603000,12603000,None,16229000,None,142706000,None,None,1819000,None,None,217049000,None,None,None,0.189,404532000,462361000,-84947000,25033000,161420000,None,None,None,None,None,None,None,1.676,11.44,11.06,None,None,None,None,None,18476000,None,0.155,None,421286000,2025-10-28,annual,0.85,USD,post-market,216373000,96502000,0.0833,0.158,0.043,17.8,252807000,304648000,302829000,354042000,116.81,175.54,7.5949,1859732000,1094942000,515495000,617066000,764790000,101571000,1045104000,1242666000,72.59,None,205.0,65.55
2025-12-28,TER,2.74,2859571000.0,72.59,None,1.848,17.28,86097000,None,340699000,340699000,-16308000,-81457000,175999000,None,-615000,None,None,66367000,24626000,196283000,None,650046000,650046000,48012000,None,None,232462000,None,None,91168000,113324000,0.48,0.0024,33693000,33693000,None,-0.157,0.06,-67303000,23865000,0.79,2011-12-31,37.59,69147000,1684943000.0,395058000,-80137000,-19730000,12603000,12603000,None,16229000,None,142706000,None,None,1819000,None,None,347893000,None,None,None,0.189,273764000,462361000,-84947000,25033000,161420000,None,None,None,None,None,None,None,1.676,11.44,11.06,None,None,None,None,None,-31175000,None,0.155,None,421286000,2025-10-28,annual,0.85,USD,post-market,216373000,96502000,0.0833,0.158,0.043,17.8,252807000,304648000,302829000,354042000,116.81,175.54,7.5949,1859732000,1094942000,515495000,617066000,764790000,101571000,1045104000,1242666000,72.59,None,205.0,65.55
2025-12-28,TER,2.74,2859571000.0,72.59,None,1.848,17.28,76044000,None,340699000,340699000,42374000,-627660000,-19000000,-514000,4624000,None,None,-51247000,24626000,196283000,None,650046000,650046000,48012000,None,None,232462000,None,None,91168000,99887000,0.48,0.0024,188597000,188597000,None,-0.157,0.06,-67303000,23865000,0.79,2010-12-31,37.59,69147000,1684943000.0,395058000,-80137000,-19730000,12603000,12603000,None,16229000,None,142706000,None,None,1819000,None,None,379730000,None,None,None,0.189,566800000,462361000,-84947000,25033000,161420000,None,None,None,None,None,None,None,1.676,11.44,11.06,None,None,None,None,None,15703000,None,0.155,None,421286000,2025-10-28,annual,0.85,USD,post-market,216373000,96502000,0.0833,0.158,0.043,17.8,252807000,304648000,302829000,354042000,116.81,175.54,7.5949,1859732000,1094942000,515495000,617066000,764790000,101571000,1045104000,1242666000,72.59,None,205.0,65.55
2025-12-28,TER,2.74,2859571000.0,72.59,None,1.848,17.28,41932000,None,340699000,340699000,66096999,-93930000,None,None,63377000,None,None,None,24626000,196283000,None,650046000,650046000,48012000,None,None,232462000,None,None,91168000,106081000,0.48,0.0024,157211000,157211000,None,-0.157,0.06,-67303000,23865000,0.79,2009-12-31,37.59,69147000,1684943000.0,395058000,-80137000,-19730000,12603000,12603000,None,16229000,None,142706000,None,None,1819000,None,None,-133836999,None,None,None,0.189,121317000,462361000,-84947000,25033000,161420000,None,None,None,None,None,None,None,1.676,11.44,11.06,None,None,None,None,None,15703000,None,0.155,None,421286000,2025-10-28,annual,0.85,USD,post-market,216373000,96502000,0.0833,0.158,0.043,17.8,252807000,304648000,302829000,354042000,116.81,175.54,7.5949,1859732000,1094942000,515495000,617066000,764790000,101571000,1045104000,1242666000,72.59,None,205.0,65.55
2025-12-28,TER,2.74,2859571000.0,72.59,None,1.848,17.28,87202000,None,340699000,340699000,46299000,-449098000,None,None,-3074000,None,None,None,24626000,196283000,None,650046000,650046000,48012000,None,None,232462000,None,None,91168000,94760000,0.48,0.0024,None,None,None,-0.157,0.06,-67303000,23865000,0.79,2008-12-31,37.59,69147000,1684943000.0,395058000,-80137000,-19730000,12603000,12603000,None,16229000,None,142706000,None,None,1819000,None,None,-398602000,None,None,None,0.189,163133000,462361000,-84947000,25033000,161420000,None,None,None,None,None,None,None,1.676,11.44,11.06,None,None,None,None,None,-91192000,None,0.155,None,421286000,2025-10-28,annual,0.85,USD,post-market,216373000,96502000,0.0833,0.158,0.043,17.8,252807000,304648000,302829000,354042000,116.81,175.54,7.5949,1859732000,1094942000,515495000,617066000,764790000,101571000,1045104000,1242666000,72.59,None,205.0,65.55
2025-12-28,TER,2.74,2859571000.0,72.59,None,1.848,17.28,86088000,None,340699000,340699000,-250494000,116653000,None,None,45179000,None,None,None,24626000,196283000,None,650046000,650046000,48012000,None,None,232462000,None,None,91168000,67495000,0.48,0.0024,None,None,None,-0.157,0.06,-67303000,23865000,0.79,2007-12-31,37.59,69147000,1684943000.0,395058000,-80137000,-19730000,12603000,12603000,None,16229000,None,142706000,None,None,1819000,None,None,71883000,None,None,None,0.189,128187000,462361000,-84947000,25033000,161420000,None,None,None,None,None,None,None,1.676,11.44,11.06,None,None,None,None,None,-273665000,None,0.155,None,421286000,2025-10-28,annual,0.85,USD,post-market,216373000,96502000,0.0833,0.158,0.043,17.8,252807000,304648000,302829000,354042000,116.81,175.54,7.5949,1859732000,1094942000,515495000,617066000,764790000,101571000,1045104000,1242666000,72.59,None,205.0,65.55
2025-12-28,TER,2.74,2859571000.0,72.59,None,1.848,17.28,110417000,None,340699000,340699000,-418939000,196179000,None,None,78467000,None,None,None,24626000,196283000,None,650046000,650046000,48012000,None,None,232462000,None,None,91168000,73540000,0.48,0.0024,None,None,None,-0.157,0.06,-67303000,23865000,0.79,2006-12-31,37.59,69147000,1684943000.0,395058000,-80137000,-19730000,12603000,12603000,None,16229000,None,142706000,None,None,1819000,None,None,202643000,None,None,None,0.189,450086000,462361000,-84947000,25033000,161420000,None,None,None,None,None,None,None,1.676,11.44,11.06,None,None,None,None,None,-137563000,None,0.155,None,421286000,2025-10-28,annual,0.85,USD,post-market,216373000,96502000,0.0833,0.158,0.043,17.8,252807000,304648000,302829000,354042000,116.81,175.54,7.5949,1859732000,1094942000,515495000,617066000,764790000,101571000,1045104000,1242666000,72.59,None,205.0,65.55
2025-12-28,TER,2.74,2859571000.0,72.59,None,1.848,17.28,113474000,None,340699000,340699000,-63945000,181175000,None,None,70477000,None,None,None,24626000,196283000,None,650046000,650046000,48012000,None,None,232462000,None,None,91168000,91168000,0.48,0.0024,None,None,None,-0.157,0.06,-67303000,23865000,0.79,2005-12-31,37.59,69147000,1684943000.0,395058000,-80137000,-19730000,12603000,12603000,None,16229000,None,142706000,None,None,1819000,None,None,-60457000,None,None,None,0.189,14322000,462361000,-84947000,25033000,161420000,None,None,None,None,None,None,None,1.676,11.44,11.06,None,None,None,None,None,34727000,None,0.155,None,421286000,2025-10-28,annual,0.85,USD,post-market,216373000,96502000,0.0833,0.158,0.043,17.8,252807000,304648000,302829000,354042000,116.81,175.54,7.5949,1859732000,1094942000,515495000,617066000,764790000,101571000,1045104000,1242666000,72.59,None,205.0,65.55
