date,symbol,eps,revenue_ttm,pe_ratio,accumulateddepreciationamortizationppe,beta,book_value,capitalexpenditures,capitalleaseobligations,cashandcashequivalentsatcarryingvalue,cashandshortterminvestments,cashflowfromfinancing,cashflowfrominvestment,changeincashandcashequivalents,changeinexchangerate,changeininventory,changeinoperatingassets,changeinoperatingliabilities,changeinreceivables,commonstock,commonstocksharesoutstanding,comprehensiveincomenetoftax,costofgoodsandservicessold,costofrevenue,currentaccountspayable,currentdebt,currentlongtermdebt,currentnetreceivables,deferredrevenue,depreciation,depreciationandamortization,depreciationdepletionandamortization,dividendpayout,dividendpayoutcommonstock,dividendpayoutpreferredstock,earnings_growth_yoy,earnings_surprise,ebit,ebitda,estimated_eps,fiscaldateending,forward_pe,goodwill,gross_profit_ttm,grossprofit,incomebeforetax,incometaxexpense,intangibleassets,intangibleassetsexcludinggoodwill,interestanddebtexpense,interestexpense,interestincome,inventory,investmentincomenet,investments,longtermdebt,longtermdebtnoncurrent,longterminvestments,netincome,netincomefromcontinuingoperations,netinterestincome,noninterestincome,operating_margin_ttm,operatingcashflow,operatingexpenses,operatingincome,othercurrentassets,othercurrentliabilities,othernoncurrentassets,othernoncurrentliabilities,othernonoperatingincome,paymentsforoperatingactivities,paymentsforrepurchaseofcommonstock,paymentsforrepurchaseofequity,paymentsforrepurchaseofpreferredstock,peg_ratio,price_to_book,price_to_sales_ttm,proceedsfromissuanceofcommonstock,proceedsfromissuanceoflongtermdebtandcapitalsecuritiesnet,proceedsfromissuanceofpreferredstock,proceedsfromoperatingactivities,proceedsfromrepaymentsofshorttermdebt,proceedsfromrepurchaseofequity,proceedsfromsaleoftreasurystock,profit_margin,profitloss,propertyplantequipment,report_date,report_type,reported_eps,reportedcurrency,reporttime,researchanddevelopment,retainedearnings,return_on_assets_ttm,return_on_equity_ttm,revenue_growth_yoy,revenue_per_share_ttm,sellinggeneralandadministrative,shortlongtermdebttotal,shorttermdebt,shortterminvestments,sma_200,sma_50,surprise_pct,totalassets,totalcurrentassets,totalcurrentliabilities,totalliabilities,totalnoncurrentassets,totalnoncurrentliabilities,totalrevenue,totalshareholderequity,trailing_pe,treasurystock,week_52_high,week_52_low
1996-06-30,THC,,,,,,,,,,,,,,,,,,,,,,,,,,,,,,,,,,,,-0.01,,,0.89,,,,,,,,,,,,,,,,,,,,,,,,,,,,,,,,,,,,,,,,,,,,,,,,,1996-09-25,,0.88,,pre-market,,,,,,,,,,,,,-1.1236,,,,,,,,,,,,
1996-12-31,THC,,,,,,,,,,,,,,,,,,,,,,,,,,,,,,,,,,,,-0.01,,,0.94,,,,,,,,,,,,,,,,,,,,,,,,,,,,,,,,,,,,,,,,,,,,,,,,,1997-01-07,,0.93,,pre-market,,,,,,,,,,,,,-1.0638,,,,,,,,,,,,
1997-03-31,THC,,,,,,,,,,,,,,,,,,,,,,,,,,,,,,,,,,,,0.03,,,1.01,,,,,,,,,,,,,,,,,,,,,,,,,,,,,,,,,,,,,,,,,,,,,,,,,1997-04-10,,1.04,,pre-market,,,,,,,,,,,,,2.9703,,,,,,,,,,,,
1997-06-30,THC,,,,,,,,,,,,,,,,,,,,,,,,,,,,,,,,,,,,0.02,,,1.07,,,,,,,,,,,,,,,,,,,,,,,,,,,,,,,,,,,,,,,,,,,,,,,,,1997-07-31,,1.09,,pre-market,,,,,,,,,,,,,1.8692,,,,,,,,,,,,
1997-09-30,THC,,,,,,,,,,,,,,,,,,,,,,,,,,,,,,,,,,,,-0.01,,,1.02,,,,,,,,,,,,,,,,,,,,,,,,,,,,,,,,,,,,,,,,,,,,,,,,,1997-10-01,,1.01,,pre-market,,,,,,,,,,,,,-0.9804,,,,,,,,,,,,
1997-12-31,THC,,,,,,,,,,,,,,,,,,,,,,,,,,,,,,,,,,,,-0.01,,,1.1,,,,,,,,,,,,,,,,,,,,,,,,,,,,,,,,,,,,,,,,,,,,,,,,,1998-01-08,,1.09,,pre-market,,,,,,,,,,,,,-0.9091,,,,,,,,,,,,
1998-03-31,THC,,,,,,,,,,,,,,,,,,,,,,,,,,,,,,,,,,,,0.0,,,1.1,,,,,,,,,,,,,,,,,,,,,,,,,,,,,,,,,,,,,,,,,,,,,,,,,1998-05-31,,-1.2157,,pre-market,,,,,,,,,,,,,-0.9091,,,,,,,,,,,,
1998-06-30,THC,,,,,,,,,,,,,,,,,,,,,,,,,,,,,,,,,,,,-0.03,,,1.28,,,,,,,,,,,,,,,,,,,,,,,,,,,,,,,,,,,,,,,,,,,,,,,,,1998-07-28,,1.25,,pre-market,,,,,,,,,,,,,-2.3438,,,,,,,,,,,,
1998-09-30,THC,,,,,,,,,,,,,,,,,,,,,,,,,,,,,,,,,,,,0.01,,,1.16,,,,,,,,,,,,,,,,,,,,,,,,,,,,,,,,,,,,,,,,,,,,,,,,,1998-10-07,,1.17,,pre-market,,,,,,,,,,,,,0.8621,,,,,,,,,,,,
1998-12-31,THC,,,,,,,,,,,,,,,,,,,,,,,,,,,,,,,,,,,,-0.03,,,1.1,,,,,,,,,,,,,,,,,,,,,,,,,,,,,,,,,,,,,,,,,,,,,,,,,1999-01-07,,1.07,,pre-market,,,,,,,,,,,,,-2.7273,,,,,,,,,,,,
1999-03-31,THC,,,,,,,,,,,,,,,,,,,,,,,,,,,,,,,,,,,,-0.07,,,1.14,,,,,,,,,,,,,,,,,,,,,,,,,,,,,,,,,,,,,,,,,,,,,,,,,1999-04-08,,1.07,,pre-market,,,,,,,,,,,,,-6.1404,,,,,,,,,,,,
1999-06-30,THC,,,,,,,,,,,,,,,,,,,,,,,,,,,,,,,,,,,,-0.02,,,1.14,,,,,,,,,,,,,,,,,,,,,,,,,,,,,,,,,,,,,,,,,,,,,,,,,1999-07-28,,1.12,,pre-market,,,,,,,,,,,,,-1.7544,,,,,,,,,,,,
1999-09-30,THC,,,,,,,,,,,,,,,,,,,,,,,,,,,,,,,,,,,,0.03,,,1.01,,,,,,,,,,,,,,,,,,,,,,,,,,,,,,,,,,,,,,,,,,,,,,,,,1999-10-06,,1.04,,pre-market,,,,,,,,,,,,,2.9703,,,,,,,,,,,,
1999-12-31,THC,,,,,,,,,,,,,,,,,,,,,,,,,,,,,,,,,,,,0.23,,,1.24,,,,,,,,,,,,,,,,,,,,,,,,,,,,,,,,,,,,,,,,,,,,,,,,,2000-03-31,,1.47,,pre-market,,,,,,,,,,,,,18.5484,,,,,,,,,,,,
2000-03-31,THC,,,,,,,,,,,,,,,,,,,,,,,,,,,,,,,,,,,,0.0,,,1.24,,,,,,,,,,,,,,,,,,,,,,,,,,,,,,,,,,,,,,,,,,,,,,,,,2000-05-31,,0.1701,,pre-market,,,,,,,,,,,,,18.5484,,,,,,,,,,,,
2000-06-30,THC,,,,,,,,,,,,,,,,,,,,,,,,,,,,,,,,,,,,0.05,,,1.31,,,,,,,,,,,,,,,,,,,,,,,,,,,,,,,,,,,,,,,,,,,,,,,,,2000-07-26,,1.36,,pre-market,,,,,,,,,,,,,3.8168,,,,,,,,,,,,
2000-09-30,THC,,,,,,,,,,,,,,,,,,,,,,,,,,,,,,,,,,,,0.08,,,1.2,,,,,,,,,,,,,,,,,,,,,,,,,,,,,,,,,,,,,,,,,,,,,,,,,2000-10-03,,1.28,,pre-market,,,,,,,,,,,,,6.6667,,,,,,,,,,,,
2000-12-31,THC,,,,,,,,,,,,,,,,,,,,,,,,,,,,,,,,,,,,0.11,,,1.33,,,,,,,,,,,,,,,,,,,,,,,,,,,,,,,,,,,,,,,,,,,,,,,,,2001-01-04,,1.44,,pre-market,,,,,,,,,,,,,8.2707,,,,,,,,,,,,
2001-03-31,THC,,,,,,,,,,,,,,,,,,,,,,,,,,,,,,,,,,,,0.06,,,1.54,,,,,,,,,,,,,,,,,,,,,,,,,,,,,,,,,,,,,,,,,,,,,,,,,2001-04-04,,1.6,,pre-market,,,,,,,,,,,,,3.8961,,,,,,,,,,,,
2001-06-30,THC,,,,,,,,,,,,,,,,,,,,,,,,,,,,,,,,,,,,0.15,,,1.66,,,,,,,,,,,,,,,,,,,,,,,,,,,,,,,,,,,,,,,,,,,,,,,,,2001-07-11,,1.81,,pre-market,,,,,,,,,,,,,9.0361,,,,,,,,,,,,
2001-09-30,THC,,,,,,,,,,,,,,,,,,,,,,,,,,,,,,,,,,,,0.08,,,1.71,,,,,,,,,,,,,,,,,,,,,,,,,,,,,,,,,,,,,,,,,,,,,,,,,2001-10-03,,1.79,,pre-market,,,,,,,,,,,,,4.6784,,,,,,,,,,,,
2001-12-31,THC,,,,,,,,,,,,,,,,,,,,,,,,,,,,,,,,,,,,0.18,,,1.87,,,,,,,,,,,,,,,,,,,,,,,,,,,,,,,,,,,,,,,,,,,,,,,,,2002-01-04,,2.05,,pre-market,,,,,,,,,,,,,9.6257,,,,,,,,,,,,
2002-03-31,THC,,,,,,,,,,,,,,,,,,,,,,,,,,,,,,,,,,,,0.1,,,2.19,,,,,,,,,,,,,,,,,,,,,,,,,,,,,,,,,,,,,,,,,,,,,,,,,2002-04-02,,2.29,,pre-market,,,,,,,,,,,,,4.5662,,,,,,,,,,,,
2002-06-30,THC,,,,,,,,,,,,,,,,,,,,,,,,,,,,,,,,,,,,0.12,,,2.44,,,,,,,,,,,,,,,,,,,,,,,,,,,,,,,,,,,,,,,,,,,,,,,,,2002-07-11,,2.56,,pre-market,,,,,,,,,,,,,4.918,,,,,,,,,,,,
2002-09-30,THC,,,,,,,,,,,,,,,,,,,,,,,,,,,,,,,,,,,,0.07,,,2.65,,,,,,,,,,,,,,,,,,,,,,,,,,,,,,,,,,,,,,,,,,,,,,,,,2002-10-02,,2.72,,pre-market,,,,,,,,,,,,,2.6415,,,,,,,,,,,,
2002-12-31,THC,,,,,,,,,,,,,,,,,,,,,,,,,,,,,,,,,,,,0.14,,,2.74,,,,,,,,,,,,,,,,,,,,,,,,,,,,,,,,,,,,,,,,,,,,,,,,,2003-01-13,,2.88,,pre-market,,,,,,,,,,,,,5.1095,,,,,,,,,,,,
2003-03-31,THC,,,,,,,,,,,,,,,,,,,,,,,,,,,,,,,,,,,,0.07,,,1.29,,,,,,,,,,,,,,,,,,,,,,,,,,,,,,,,,,,,,,,,,,,,,,,,,2003-05-14,,1.36,,pre-market,,,,,,,,,,,,,5.4264,,,,,,,,,,,,
2003-06-30,THC,,,,,,,,,,,,,,,,,,,,,,,,,,,,,,,,,,,,0.26,,,0.82,,,,,,,,,,,,,,,,,,,,,,,,,,,,,,,,,,,,,,,,,,,,,,,,,2003-08-08,,1.08,,pre-market,,,,,,,,,,,,,31.7073,,,,,,,,,,,,
2003-09-30,THC,,,,,,,,,,,,,,,,,,,,,,,,,,,,,,,,,,,,0.22,,,0.18,,,,,,,,,,,,,,,,,,,,,,,,,,,,,,,,,,,,,,,,,,,,,,,,,2003-11-10,,0.4,,pre-market,,,,,,,,,,,,,122.2222,,,,,,,,,,,,
2003-12-31,THC,,,,,,,,,,,,,,,,,,,,,,,,,,,,,,,,,,,,0.24,,,0.04,,,,,,,,,,,,,,,,,,,,,,,,,,,,,,,,,,,,,,,,,,,,,,,,,2004-03-15,,0.28,,pre-market,,,,,,,,,,,,,600.0,,,,,,,,,,,,
2004-03-31,THC,,,,,,,,,,,,,,,,,,,,,,,,,,,,,,,,,,,,0.08,,,0.12,,,,,,,,,,,,,,,,,,,,,,,,,,,,,,,,,,,,,,,,,,,,,,,,,2004-05-04,,0.2,,pre-market,,,,,,,,,,,,,66.6667,,,,,,,,,,,,
2004-06-30,THC,,,,,,,,,,,,,,,,,,,,,,,,,,,,,,,,,,,,-0.22,,,-0.02,,,,,,,,,,,,,,,,,,,,,,,,,,,,,,,,,,,,,,,,,,,,,,,,,2004-08-03,,-0.24,,pre-market,,,,,,,,,,,,,-1100.0,,,,,,,,,,,,
2004-09-30,THC,,,,,,,,,,,,,,,,,,,,,,,,,,,,,,,,,,,,-0.13,,,-0.19,,,,,,,,,,,,,,,,,,,,,,,,,,,,,,,,,,,,,,,,,,,,,,,,,2004-11-02,,-0.32,,pre-market,,,,,,,,,,,,,-68.4211,,,,,,,,,,,,
2004-12-31,THC,,,,,,,,,,,,,,,,,,,,,,,,,,,,,,,,,,,,0.1,,,-0.34,,,,,,,,,,,,,,,,,,,,,,,,,,,,,,,,,,,,,,,,,,,,,,,,,2005-03-08,,-0.24,,pre-market,,,,,,,,,,,,,29.4118,,,,,,,,,,,,
2005-03-31,THC,,,,,,,,,,,,,,,,,,,,,,,,,,,,,,,,,,,,0.2,,,-0.16,,,,,,,,,,,,,,,,,,,,,,,,,,,,,,,,,,,,,,,,,,,,,,,,,2005-05-03,,0.04,,pre-market,,,,,,,,,,,,,125.0,,,,,,,,,,,,
2005-06-30,THC,,,,,,,,,,,,,,,,,,,,,,,,,,,,,,,,,,,,0.04,,,-0.12,,,,,,,,,,,,,,,,,,,,,,,,,,,,,,,,,,,,,,,,,,,,,,,,,2005-08-02,,-0.08,,pre-market,,,,,,,,,,,,,33.3333,,,,,,,,,,,,
2005-09-30,THC,,,,,,,,,,,,,,,,,,,,,,,,,,,,,,,,,,,,-0.44,,,-0.2,,,,,,,,,,,,,,,,,,,,,,,,,,,,,,,,,,,,,,,,,,,,,,,,,2005-11-01,,-0.64,,pre-market,,,,,,,,,,,,,-220.0,,,,,,,,,,,,
2005-12-31,THC,,,,,,,,,,,,,,,,,,,,,,,,,,,,,,,,,,,,-0.2,,,-0.28,,,,,,,,,,,,,,,,,,,,,,,,,,,,,,,,,,,,,,,,,,,,,,,,,2006-03-02,,-0.48,,pre-market,,,,,,,,,,,,,-71.4286,,,,,,,,,,,,
2006-03-31,THC,,,,,,,,,,,,,,,,,,,,,,,,,,,,,,,,,,,,0.19,,,-0.07,,,,,,,,,,,,,,,,,,,,,,,,,,,,,,,,,,,,,,,,,,,,,,,,,2006-05-09,,0.12,,pre-market,,,,,,,,,,,,,271.4286,,,,,,,,,,,,
2006-06-30,THC,,,,,,,,,,,,,,,,,,,,,,,,,,,,,,,,,,,,0.32,,,-0.12,,,,,,,,,,,,,,,,,,,,,,,,,,,,,,,,,,,,,,,,,,,,,,,,,2006-08-09,,0.2,,pre-market,,,,,,,,,,,,,266.6667,,,,,,,,,,,,
2006-09-30,THC,,,,,,,,,,,,,,,,,,,,,,,,,,,,,,,,,,,,0.06,,,-0.3,,,,,,,,,,,,,,,,,,,,,,,,,,,,,,,,,,,,,,,,,,,,,,,,,2006-11-07,,-0.24,,pre-market,,,,,,,,,,,,,20.0,,,,,,,,,,,,
2006-12-31,THC,,,,,,,,,,,,,,,,,,,,,,,,,,,,,,,,,,,,-0.27,,,-0.17,,,,,,,,,,,,,,,,,,,,,,,,,,,,,,,,,,,,,,,,,,,,,,,,,2007-02-27,,-0.44,,pre-market,,,,,,,,,,,,,-158.8235,,,,,,,,,,,,
2007-03-31,THC,,,,,,,,,,,,,,,,,,,,,,,,,,,,,,,,,,,,-0.06,,,-0.06,,,,,,,,,,,,,,,,,,,,,,,,,,,,,,,,,,,,,,,,,,,,,,,,,2007-05-08,,-0.12,,pre-market,,,,,,,,,,,,,-100.0,,,,,,,,,,,,
2007-06-30,THC,,,,,,,,,,,,,,,,,,,,,,,,,,,,,,,,,,,,-0.2,,,-0.04,,,,,,,,,,,,,,,,,,,,,,,,,,,,,,,,,,,,,,,,,,,,,,,,,2007-08-07,,-0.24,,pre-market,,,,,,,,,,,,,-500.0,,,,,,,,,,,,
2007-09-30,THC,,,,,,,,,,,,,,,,,,,,,,,,,,,,,,,,,,,,0.03,,,-0.27,,,,,,,,,,,,,,,,,,,,,,,,,,,,,,,,,,,,,,,,,,,,,,,,,2007-11-06,,-0.24,,pre-market,,,,,,,,,,,,,11.1111,,,,,,,,,,,,
2007-12-31,THC,,,,,,,,,,,,,,,,,,,,,,,,,,,,,,,,,,,,0.03,,,-0.11,,,,,,,,,,,,,,,,,,,,,,,,,,,,,,,,,,,,,,,,,,,,,,,,,2008-02-26,,-0.08,,pre-market,,,,,,,,,,,,,27.2727,,,,,,,,,,,,
2008-03-31,THC,,,,,,,,,,,,,,,,,,,,,,,,,,,,,,,,,,,,0.14,,,0.02,,,,,,,,,,,,,,,,,,,,,,,,,,,,,,,,,,,,,,,,,,,,,,,,,2008-05-06,,0.16,,pre-market,,,,,,,,,,,,,700.0,,,,,,,,,,,,
2008-06-30,THC,,,,,,,,,,,,,,,,,,,,,,,,,,,,,,,,,,,,-0.03,,,-0.05,,,,,,,,,,,,,,,,,,,,,,,,,,,,,,,,,,,,,,,,,,,,,,,,,2008-08-05,,-0.08,,pre-market,,,,,,,,,,,,,-60.0,,,,,,,,,,,,
2008-09-30,THC,,,,,,,,,,,,,,,,,,,,,,,,,,,,,,,,,,,,-0.17,,,-0.11,,,,,,,,,,,,,,,,,,,,,,,,,,,,,,,,,,,,,,,,,,,,,,,,,2008-11-04,,-0.28,,pre-market,,,,,,,,,,,,,-154.5455,,,,,,,,,,,,
2008-12-31,THC,,,,,,,,,,,,,,,,,,,,,,,,,,,,,,,,,,,,0.05,,,-0.09,,,,,,,,,,,,,,,,,,,,,,,,,,,,,,,,,,,,,,,,,,,,,,,,,2009-02-24,,-0.04,,pre-market,,,,,,,,,,,,,55.5556,,,,,,,,,,,,
2009-03-31,THC,,,,,,,,,,,,,,,,,,,,,,,,,,,,,,,,,,,,0.19,,,0.13,,,,,,,,,,,,,,,,,,,,,,,,,,,,,,,,,,,,,,,,,,,,,,,,,2009-05-05,,0.32,,pre-market,,,,,,,,,,,,,146.1538,,,,,,,,,,,,
2009-06-30,THC,,,,,,,,,,,,,,,,,,,,,,,,,,,,,,,,,,,,0.16,,,-0.04,,,,,,,,,,,,,,,,,,,,,,,,,,,,,,,,,,,,,,,,,,,,,,,,,2009-08-04,,0.12,,pre-market,,,,,,,,,,,,,400.0,,,,,,,,,,,,
2009-09-30,THC,,,,,,,,,,,,,,,,,,,,,,,,,,,,,,,,,,,,0.19,,,-0.07,,,,,,,,,,,,,,,,,,,,,,,,,,,,,,,,,,,,,,,,,,,,,,,,,2009-11-03,,0.12,,pre-market,,,,,,,,,,,,,271.4286,,,,,,,,,,,,
2009-12-31,THC,,,,,,,,,,,,,,,,,,,,,,,,,,,,,,,,,,,,0.1829,,,0.03,,,,,,,,,,,,,,,,,,,,,,,,,,,,,,,,,,,,,,,,,,,,,,,,,2010-02-23,,0.2129,,pre-market,,,,,,,,,,,,,609.6667,,,,,,,,,,,,
2010-03-31,THC,,,,,,,,,,,,,,,,,,,,,,,,,,,,,,,,,,,,0.34,,,0.3,,,,,,,,,,,,,,,,,,,,,,,,,,,,,,,,,,,,,,,,,,,,,,,,,2010-05-04,,0.64,,pre-market,,,,,,,,,,,,,113.3333,,,,,,,,,,,,
2010-06-30,THC,,,,,,,,,,,,,,,,,,,,,,,,,,,,,,,,,,,,0.04,,,0.24,,,,,,,,,,,,,,,,,,,,,,,,,,,,,,,,,,,,,,,,,,,,,,,,,2010-08-03,,0.28,,pre-market,,,,,,,,,,,,,16.6667,,,,,,,,,,,,
2010-09-30,THC,,,,,,,,,,,,,,,,,,,,,,,,,,,,,,,,,,,,-0.2,,,0.16,,,,,,,,,,,,,,,,,,,,,,,,,,,,,,,,,,,,,,,,,,,,,,,,,2010-11-02,,-0.04,,pre-market,,,,,,,,,,,,,-125.0,,,,,,,,,,,,
2010-12-31,THC,,,,,,,,,,,,,,,,,,,,,,,,,,,,,,,,,,,,0.09,,,0.31,,,,,,,,,,,,,,,,,,,,,,,,,,,,,,,,,,,,,,,,,,,,,,,,,2011-02-25,,0.4,,pre-market,,,,,,,,,,,,,29.0323,,,,,,,,,,,,
2011-03-31,THC,,,,,,,,,,,,,,,,,,,,,,,,,,,,,,,,,,,,0.1,,,0.54,,,,,,,,,,,,,,,,,,,,,,,,,,,,,,,,,,,,,,,,,,,,,,,,,2011-05-03,,0.64,,pre-market,,,,,,,,,,,,,18.5185,,,,,,,,,,,,
2011-06-30,THC,,,,,,,,,,,,,,,,,,,,,,,,,,,,,,,,,,,,-0.02,,,0.34,,,,,,,,,,,,,,,,,,,,,,,,,,,,,,,,,,,,,,,,,,,,,,,,,2011-08-02,,0.32,,pre-market,,,,,,,,,,,,,-5.8824,,,,,,,,,,,,
2011-09-30,THC,,,,,,,,,,,,,,,,,,,,,,,,,,,,,,,,,,,,0.0,,,0.34,,,,,,,,,,,,,,,,,,,,,,,,,,,,,,,,,,,,,,,,,,,,,,,,,2011-11-01,,0.08,,pre-market,,,,,,,,,,,,,-5.8824,,,,,,,,,,,,
2011-12-31,THC,,,,,,,,,,,,,,,,,,,,,,,,,,,,,,,,,,,,-0.09,,,0.57,,,,,,,,,,,,,,,,,,,,,,,,,,,,,,,,,,,,,,,,,,,,,,,,,2012-02-28,,0.48,,pre-market,,,,,,,,,,,,,-15.7895,,,,,,,,,,,,
2012-03-31,THC,,,,,,,,,,,,,,,,,,,,,,,,,,,,,,,,,,,,0.16,,,0.36,,,,,,,,,,,,,,,,,,,,,,,,,,,,,,,,,,,,,,,,,,,,,,,,,2012-05-08,,0.52,,pre-market,,,,,,,,,,,,,44.4444,,,,,,,,,,,,
2012-06-30,THC,,,,,,,,,,,,,,,,,,,,,,,,,,,,,,,,,,,,0.22,,,0.18,,,,,,,,,,,,,,,,,,,,,,,,,,,,,,,,,,,,,,,,,,,,,,,,,2012-08-07,,0.4,,pre-market,,,,,,,,,,,,,122.2222,,,,,,,,,,,,
2012-09-30,THC,,,,,,,,,,,,,,,,,,,,,,,,,,,,,,,,,,,,-0.06,,,0.34,,,,,,,,,,,,,,,,,,,,,,,,,,,,,,,,,,,,,,,,,,,,,,,,,2012-11-07,,0.28,,pre-market,,,,,,,,,,,,,-17.6471,,,,,,,,,,,,
2012-12-31,THC,,,,,,,,,,,,,,,,,,,,,,,,,,,,,,,,,,,,-0.13,,,0.68,,,,,,,,,,,,,,,,,,,,,,,,,,,,,,,,,,,,,,,,,,,,,,,,,2013-02-26,,0.55,,pre-market,,,,,,,,,,,,,-19.1176,,,,,,,,,,,,
2013-03-31,THC,,,,,,,,,,,,,,,,,,,,,,,,,,,,,,,,,,,,0.03,,,0.3,,,,,,,,,,,,,,,,,,,,,,,,,,,,,,,,,,,,,,,,,,,,,,,,,2013-04-30,,0.33,,pre-market,,,,,,,,,,,,,10.0,,,,,,,,,,,,
2013-06-30,THC,,,,,,,,,,,,,,,,,,,,,,,,,,,,,,,,,,,,-0.03,,,0.69,,,,,,,,,,,,,,,,,,,,,,,,,,,,,,,,,,,,,,,,,,,,,,,,,2013-08-06,,0.66,,pre-market,,,,,,,,,,,,,-4.3478,,,,,,,,,,,,
2013-09-30,THC,,,,,,,,,,,,,,,,,,,,,,,,,,,,,,,,,,,,0.0,,,0.45,,,,,,,,,,,,,,,,,,,,,,,,,,,,,,,,,,,,,,,,,,,,,,,,,2013-11-04,,0.45,,pre-market,,,,,,,,,,,,,0.0,,,,,,,,,,,,
2013-12-31,THC,,,,,,,,,,,,,,,,,,,,,,,,,,,,,,,,,,,,0.09,,,0.34,,,,,,,,,,,,,,,,,,,,,,,,,,,,,,,,,,,,,,,,,,,,,,,,,2014-02-24,,0.43,,pre-market,,,,,,,,,,,,,26.4706,,,,,,,,,,,,
2014-03-31,THC,,,,,,,,,,,,,,,,,,,,,,,,,,,,,,,,,,,,0.02,,,-0.14,,,,,,,,,,,,,,,,,,,,,,,,,,,,,,,,,,,,,,,,,,,,,,,,,2014-05-05,,-0.12,,pre-market,,,,,,,,,,,,,14.2857,,,,,,,,,,,,
2014-06-30,THC,,,,,,,,,,,,,,,,,,,,,,,,,,,,,,,,,,,,0.16,,,0.01,,,,,,,,,,,,,,,,,,,,,,,,,,,,,,,,,,,,,,,,,,,,,,,,,2014-08-04,,0.17,,pre-market,,,,,,,,,,,,,1600.0,,,,,,,,,,,,
2014-09-30,THC,,,,,,,,,,,,,,,,,,,,,,,,,,,,,,,,,,,,0.26,,,0.1,,,,,,,,,,,,,,,,,,,,,,,,,,,,,,,,,,,,,,,,,,,,,,,,,2014-11-03,,0.36,,post-market,,,,,,,,,,,,,260.0,,,,,,,,,,,,
2014-12-31,THC,,,,,,,,,,,,,,,,,,,,,,,,,,,,,,,,,,,,-0.15,,,1.18,,,,,,,,,,,,,,,,,,,,,,,,,,,,,,,,,,,,,,,,,,,,,,,,,2015-02-23,,1.03,,post-market,,,,,,,,,,,,,-12.7119,,,,,,,,,,,,
2015-03-31,THC,,,,,,,,,,,,,,,,,,,,,,,,,,,,,,,,,,,,0.36,,,0.31,,,,,,,,,,,,,,,,,,,,,,,,,,,,,,,,,,,,,,,,,,,,,,,,,2015-05-04,,0.67,,post-market,,,,,,,,,,,,,116.129,,,,,,,,,,,,
2015-06-30,THC,,,,,,,,,,,,,,,,,,,,,,,,,,,,,,,,,,,,0.31,,,0.44,,,,,,,,,,,,,,,,,,,,,,,,,,,,,,,,,,,,,,,,,,,,,,,,,2015-08-03,,0.75,,post-market,,,,,,,,,,,,,70.4545,,,,,,,,,,,,
2015-09-30,THC,,,,,,,,,,,,,,,,,,,,,,,,,,,,,,,,,,,,0.02,,,0.27,,,,,,,,,,,,,,,,,,,,,,,,,,,,,,,,,,,,,,,,,,,,,,,,,2015-11-02,,0.29,,post-market,,,,,,,,,,,,,7.4074,,,,,,,,,,,,
2015-12-31,THC,,,,,,,,,,,,,,,,,,,,,,,,,,,,,,,,,,,,0.01,,,0.34,,,,,,,,,,,,,,,,,,,,,,,,,,,,,,,,,,,,,,,,,,,,,,,,,2016-02-22,,0.35,,post-market,,,,,,,,,,,,,2.9412,,,,,,,,,,,,
2016-03-31,THC,,,,,,,,,,,,,,,,,,,,,,,,,,,,,,,,,,,,0.11,,,0.34,,,,,,,,,,,,,,,,,,,,,,,,,,,,,,,,,,,,,,,,,,,,,,,,,2016-05-02,,0.45,,post-market,,,,,,,,,,,,,32.3529,,,,,,,,,,,,
2016-06-30,THC,,,,,,,,,,,,,,,,,,,,,,,,,,,,,,,,,,,,-0.14,,,0.52,,,,,,,,,,,,,,,,,,,,,,,,,,,,,,,,,,,,,,,,,,,,,,,,,2016-08-01,,0.38,,post-market,,,,,,,,,,,,,-26.9231,,,,,,,,,,,,
2016-09-30,THC,,,,,,,,,,,,,,,,,,,,,,,,,,,,,,,,,,,,-0.03,,,0.19,,,,,,,,,,,,,,,,,,,,,,,,,,,,,,,,,,,,,,,,,,,,,,,,,2016-10-31,,0.16,,post-market,,,,,,,,,,,,,-15.7895,,,,,,,,,,,,
2016-12-31,THC,,,,,,,,,,,,,,,,,,,,,,,,,,,,,,,,,,,,-0.16,,,0.22,,,,,,,,,,,,,,,,,,,,,,,,,,,,,,,,,,,,,,,,,,,,,,,,,2017-02-27,,0.06,,post-market,,,,,,,,,,,,,-72.7273,,,,,,,,,,,,
2017-03-31,THC,,,,,,,,,,,,,,,,,,,,,,,,,,,,,,,,,,,,0.24,,,-0.51,,,,,,,,,,,,,,,,,,,,,,,,,,,,,,,,,,,,,,,,,,,,,,,,,2017-05-01,,-0.27,,post-market,,,,,,,,,,,,,47.0588,,,,,,,,,,,,
2017-06-30,THC,,,,,,,,,,,,,,,,,,,,,,,,,,,,,,,,,,,,-0.01,,,-0.16,,,,,,,,,,,,,,,,,,,,,,,,,,,,,,,,,,,,,,,,,,,,,,,,,2017-08-07,,-0.17,,post-market,,,,,,,,,,,,,-6.25,,,,,,,,,,,,
2017-09-30,THC,,,,,,,,,,,,,,,,,,,,,,,,,,,,,,,,,,,,0.21,,,-0.38,,,,,,,,,,,,,,,,,,,,,,,,,,,,,,,,,,,,,,,,,,,,,,,,,2017-11-06,,-0.17,,post-market,,,,,,,,,,,,,55.2632,,,,,,,,,,,,
2017-12-31,THC,,,,,,,,,,,,,,,,,,,,,,,,,,,,,,,,,,,,0.16,,,1.24,,,,,,,,,,,,,,,,,,,,,,,,,,,,,,,,,,,,,,,,,,,,,,,,,2018-02-26,,1.4,,post-market,,,,,,,,,,,,,12.9032,,,,,,,,,,,,
2018-03-31,THC,,,,,,,,,,,,,,,,,,,,,,,,,,,,,,,,,,,,0.6,,,-0.03,,,,,,,,,,,,,,,,,,,,,,,,,,,,,,,,,,,,,,,,,,,,,,,,,2018-04-30,,0.57,,post-market,,,,,,,,,,,,,2000.0,,,,,,,,,,,,
2018-06-30,THC,,,,,,,,,,,,,,,,,,,,,,,,,,,,,,,,,,,,0.24,,,0.25,,,,,,,,,,,,,,,,,,,,,,,,,,,,,,,,,,,,,,,,,,,,,,,,,2018-08-06,,0.49,,post-market,,,,,,,,,,,,,96.0,,,,,,,,,,,,
2018-09-30,THC,,,,,,,,,,,,,,,,,,,,,,,,,,,,,,,,,,,,0.16,,,0.13,,,,,,,,,,,,,,,,,,,,,,,,,,,,,,,,,,,,,,,,,,,,,,,,,2018-11-05,,0.29,,post-market,,,,,,,,,,,,,123.0769,,,,,,,,,,,,
2018-12-31,THC,,,,,,,,,,,,,,,,,,,,,,,,,,,,,,,,,,,,0.23,,,0.28,,,,,,,,,,,,,,,,,,,,,,,,,,,,,,,,,,,,,,,,,,,,,,,,,2019-02-25,,0.51,,post-market,,,,,,,,,,,,,82.1429,,,,,,,,,,,,
2019-03-31,THC,,,,,,,,,,,,,,,,,,,,,,,,,,,,,,,,,,,,0.25,,,0.29,,,,,,,,,,,,,,,,,,,,,,,,,,,,,,,,,,,,,,,,,,,,,,,,,2019-04-29,,0.54,,post-market,,,,,,,,,,,,,86.2069,,,,,,,,,,,,
2019-06-30,THC,,,,,,,,,,,,,,,,,,,,,,,,,,,,,,,,,,,,0.12,,,0.44,,,,,,,,,,,,,,,,,,,,,,,,,,,,,,,,,,,,,,,,,,,,,,,,,2019-08-05,,0.56,,post-market,,,,,,,,,,,,,27.2727,,,,,,,,,,,,
2019-09-30,THC,,,,,,,,,,,,,,,,,,,,,,,,,,,,,,,,,,,,0.27,,,0.31,,,,,,,,,,,,,,,,,,,,,,,,,,,,,,,,,,,,,,,,,,,,,,,,,2019-11-04,,0.58,,post-market,,,,,,,,,,,,,87.0968,,,,,,,,,,,,
2019-12-31,THC,,,,,,,,,,,,,,,,,,,,,,,,,,,,,,,,,,,,0.01,,,0.98,,,,,,,,,,,,,,,,,,,,,,,,,,,,,,,,,,,,,,,,,,,,,,,,,2020-02-24,,0.99,,post-market,,,,,,,,,,,,,1.0204,,,,,,,,,,,,
2020-03-31,THC,,,,,,,,,,,,,,,,,,,,,,,,,,,,,,,,,,,,0.96,,,0.32,,,,,,,,,,,,,,,,,,,,,,,,,,,,,,,,,,,,,,,,,,,,,,,,,2020-05-04,,1.28,,post-market,,,,,,,,,,,,,300.0,,,,,,,,,,,,
2020-06-30,THC,,,,,,,,,,,,,,,,,,,,,,,,,,,,,,,,,,,,1.97,,,-0.71,,,,,,,,,,,,,,,,,,,,,,,,,,,,,,,,,,,,,,,,,,,,,,,,,2020-08-03,,1.26,,post-market,,,,,,,,,,,,,277.4648,,,,,,,,,,,,
2020-09-30,THC,,,,,,,,,,,,,,,,,,,,,,,,,,,,,,,,,,,,0.33,,,0.31,,,,,,,,,,,,,,,,,,,,,,,,,,,,,,,,,,,,,,,,,,,,,,,,,2020-10-20,,0.64,,post-market,,,,,,,,,,,,,106.4516,,,,,,,,,,,,
2020-12-31,THC,,,,,,,,,,,,,,,,,,,,,,,,,,,,,,,,,,,,2.97,,,1.75,,,,,,,,,,,,,,,,,,,,,,,,,,,,,,,,,,,,,,,,,,,,,,,,,2021-02-09,,4.72,,post-market,,,,,,,,,,,,,169.7143,,,,,,,,,,,,
2021-03-31,THC,,,,,,,,,,,,,,,,,,,,,,,,,,,,,,,,,,,,0.58,,,0.72,,,,,,,,,,,,,,,,,,,,,,,,,,,,,,,,,,,,,,,,,,,,,,,,,2021-04-20,,1.3,,post-market,,,,,,,,,,,,,80.5556,,,,,,,,,,,,
2021-06-30,THC,,,,,,,,,,,,,,,,,,,,,,,,,,,,,,,,,,,,0.52,,,1.07,,,,,,,,,,,,,,,,,,,,,,,,,,,,,,,,,,,,,,,,,,,,,,,,,2021-07-21,,1.59,,post-market,,,,,,,,,,,,,48.5981,,,,,,,,,,,,
2021-09-30,THC,,,,,,,,,,,,,,,,,,,,,,,,,,,,,,,,,,,,0.97,,,1.02,,,,,,,,,,,,,,,,,,,,,,,,,,,,,,,,,,,,,,,,,,,,,,,,,2021-10-20,,1.99,,post-market,,,,,,,,,,,,,95.098,,,,,,,,,,,,
2021-12-31,THC,,,,,,,,,,,,,,,,,,,,,,,,,,,,,,,,,,,,1.21,,,1.49,,,,,,,,,,,,,,,,,,,,,,,,,,,,,,,,,,,,,,,,,,,,,,,,,2022-02-07,,2.7,,post-market,,,,,,,,,,,,,81.2081,,,,,,,,,,,,
2022-03-31,THC,,,,,,,,,,,,,,,,,,,,,,,,,,,,,,,,,,,,0.89,,,1.04,,,,,,,,,,,,,,,,,,,,,,,,,,,,,,,,,,,,,,,,,,,,,,,,,2022-04-20,,1.93,,post-market,,,,,,,,,,,,,85.5769,,,,,,,,,,,,
2022-06-30,THC,,,,,,,,,,,,,,,,,,,,,,,,,,,,,,,,,,,,0.71,,,0.79,,,,,,,,,,,,,,,,,,,,,,,,,,,,,,,,,,,,,,,,,,,,,,,,,2022-07-21,,1.5,,post-market,,,,,,,,,,,,,89.8734,,,,,,,,,,,,
2022-09-30,THC,,,,,,,,,,,,,,,,,,,,,,,,,,,,,,,,,,,,0.22,,,1.22,,,,,,,,,,,,,,,,,,,,,,,,,,,,,,,,,,,,,,,,,,,,,,,,,2022-10-20,,1.44,,post-market,,,,,,,,,,,,,18.0328,,,,,,,,,,,,
2022-12-31,THC,,,,,,,,,,,,,,,,,,,,,,,,,,,,,,,,,,,,0.73,,,1.23,,,,,,,,,,,,,,,,,,,,,,,,,,,,,,,,,,,,,,,,,,,,,,,,,2023-02-09,,1.96,,pre-market,,,,,,,,,,,,,59.3496,,,,,,,,,,,,
2023-03-31,THC,,,,,,,,,,,,,,,,,,,,,,,,,,,,,,,,,,,,0.26,,,1.16,,,,,,,,,,,,,,,,,,,,,,,,,,,,,,,,,,,,,,,,,,,,,,,,,2023-04-25,,1.42,,pre-market,,,,,,,,,,,,,22.4138,,,,,,,,,,,,
2023-06-30,THC,,,,,,,,,,,,,,,,,,,,,,,,,,,,,,,,,,,,0.19,,,1.25,,,,,,,,,,,,,,,,,,,,,,,,,,,,,,,,,,,,,,,,,,,,,,,,,2023-07-31,,1.44,,post-market,,,,,,,,,,,,,15.2,,,,,,,,,,,,
2023-09-30,THC,,,,,,,,,,,,,,,,,,,,,,,,,,,,,,,,,,,,0.24,,,1.2,,,,,,,,,,,,,,,,,,,,,,,,,,,,,,,,,,,,,,,,,,,,,,,,,2023-10-30,,1.44,,post-market,,,,,,,,,,,,,20.0,,,,,,,,,,,,
2023-12-31,THC,,,,,,,,,,,,,,,,,,,,,,,,,,,,,,,,,,,,1.08,,,1.6,,,,,,,,,,,,,,,,,,,,,,,,,,,,,,,,,,,,,,,,,,,,,,,,,2024-02-08,,2.68,,pre-market,,,,,,,,,,,,,67.5,,,,,,,,,,,,
2024-03-31,THC,,,,,,,,,,,,,,,,,,,,,,,,,,,,,,,,,,,,1.79,,,1.43,,,,,,,,,,,,,,,,,,,,,,,,,,,,,,,,,,,,,,,,,,,,,,,,,2024-04-30,,3.22,,pre-market,,,,,,,,,,,,,125.1748,,,,,,,,,,,,
2024-06-30,THC,,,,,,,,,,,,,,,,,,,,,,,,,,,,,,,,,,,,0.41,,,1.9,,,,,,,,,,,,,,,,,,,,,,,,,,,,,,,,,,,,,,,,,,,,,,,,,2024-07-24,,2.31,,pre-market,,,,,,,,,,,,,21.5789,,,,,,,,,,,,
2024-09-30,THC,,,,,,,,,,,,,,,,,,,,,,,,,,,,,,,,,,,,0.56,,,2.37,,,,,,,,,,,,,,,,,,,,,,,,,,,,,,,,,,,,,,,,,,,,,,,,,2024-10-29,,2.93,,pre-market,,,,,,,,,,,,,23.6287,,,,,,,,,,,,
2024-12-31,THC,,,,,,,,,,,,,,,,,,,,,,,,,,,,,,,,,,,,0.6076,,,2.8324,,,,,,,,,,,,,,,,,,,,,,,,,,,,,,,,,,,,,,,,,,,,,,,,,2025-02-06,,3.44,,pre-market,,,,,,,,,,,,,21.4518,,,,,,,,,,,,
2025-03-31,THC,,,,,,,,,,,,,,,,,,,,,,,,,,,,,,,,,,,,1.19,,,3.17,,,,,,,,,,,,,,,,,,,,,,,,,,,,,,,,,,,,,,,,,,,,,,,,,2025-04-28,,4.36,,pre-market,,,,,,,,,,,,,37.5394,,,,,,,,,,,,
2025-06-30,THC,,,,,,,,,,,,,,,,,,,,,,,,,,,,,,,,,,,,1.36,,,2.66,,,,,,,,,,,,,,,,,,,,,,,,,,,,,,,,,,,,,,,,,,,,,,,,,2025-07-22,,4.02,,pre-market,,,,,,,,,,,,,51.1278,,,,,,,,,,,,
2025-09-30,THC,,,,,,,,,,,,,,,,,,,,,,,,,,,,,,,,,,,,0.36,,,3.34,,,,,,,,,,,,,,,,,,,,,,,,,,,,,,,,,,,,,,,,,,,,,,,,,2025-10-28,,3.7,,pre-market,,,,,,,,,,,,,10.7784,,,,,,,,,,,,
2025-12-28,THC,14.7,20846000000.0,13.65,,1.445,45.68,,,,,,,,,,,,,,,,,,,,,,,,,,,,,-0.211,0.36,,,3.34,,12.82,,8561000000.0,,,,,,,,,,,,,,,,,,,0.154,,,,,,,,,,,,,0.854,4.392,0.85,,,,,,,,0.065,,,2025-10-28,,3.7,,pre-market,,,0.0775,0.274,0.032,226.32,,,,,173.44,202.99,10.7784,,,,,,,,,13.65,,222.81,109.82
2025-12-28,THC,14.7,20846000000.0,13.65,,1.445,45.68,,,,,,,,,,,,,,,None,2204000000,2204000000,,,,,,None,218000000,,,,,-0.211,0.36,918000000,1136000000,3.34,2025-09-30,12.82,,8561000000.0,3085000000,712000000,133000000,,,None,206000000,206000000,,None,,,,,342000000,579000000,-206000000,None,0.154,,2196000000,889000000,,,,,None,,,,,0.854,4.392,0.85,,,,,,,,0.065,,,2025-10-28,quarterly,3.7,USD,pre-market,None,,0.0775,0.274,0.032,226.32,2204000000,,,,173.44,202.99,10.7784,,,,,,,5289000000,,13.65,,222.81,109.82
2025-12-28,THC,14.7,20846000000.0,13.65,,1.445,45.68,,,,,,,,,,,,,,,None,932000000,932000000,,,,,,None,208000000,,,,,-0.211,0.36,848000000,1056000000,3.34,2025-06-30,12.82,,8561000000.0,4339000000,642000000,120000000,,,None,206000000,206000000,,None,,,,,288000000,522000000,-206000000,None,0.154,,3516000000,823000000,,,,,None,,,,,0.854,4.392,0.85,,,,,,,,0.065,,,2025-10-28,quarterly,3.7,USD,pre-market,None,,0.0775,0.274,0.032,226.32,2160000000,,,,173.44,202.99,10.7784,,,,,,,5271000000,,13.65,,222.81,109.82
2025-12-28,THC,14.7,20846000000.0,13.65,,1.445,45.68,,,,,,,,,,,,,,,None,3028000000,3028000000,,,,,,None,206000000,,,,,-0.211,0.36,969000000,1175000000,3.34,2025-03-31,12.82,,8561000000.0,2195000000,765000000,143000000,,,None,204000000,204000000,,None,,,,,406000000,622000000,-204000000,None,0.154,,1252000000,943000000,,,,,None,,,,,0.854,4.392,0.85,,,,,,,,0.065,,,2025-10-28,quarterly,3.7,USD,pre-market,None,,0.0775,0.274,0.032,226.32,2119000000,,,,173.44,202.99,10.7784,,,,,,,5223000000,,13.65,,222.81,109.82
2025-12-28,THC,14.7,20846000000.0,13.65,,1.445,45.68,,,,,,,,,,,,,,,None,3026000000,3026000000,,,,,,None,193000000,,,,,-0.211,0.36,858000000,1051000000,3.34,2024-12-31,12.82,,8561000000.0,2046000000,655000000,83000000,,,None,203000000,203000000,,None,,,,,318000000,572000000,-203000000,None,0.154,,1225000000,821000000,,,,,None,,,,,0.854,4.392,0.85,,,,,,,,0.065,,,2025-10-28,quarterly,3.7,USD,pre-market,None,,0.0775,0.274,0.032,226.32,2094000000,,,,173.44,202.99,10.7784,,,,,,,5072000000,,13.65,,222.81,109.82
2025-12-28,THC,14.7,20846000000.0,13.65,,1.445,45.68,,,,,,,,,,,,,,,None,3101000000,3101000000,,,,,,None,209000000,,,,,-0.211,0.36,1124000000,1333000000,3.34,2024-09-30,12.82,,8561000000.0,2021000000,922000000,241000000,,,None,202000000,202000000,,None,,,,,472000000,681000000,-202000000,None,0.154,,932000000,1089000000,,,,,None,,,,,0.854,4.392,0.85,,,,,,,,0.065,,,2025-10-28,quarterly,3.7,USD,pre-market,None,,0.0775,0.274,0.032,226.32,2218000000,,,,173.44,202.99,10.7784,,,,,,,5122000000,,13.65,,222.81,109.82
2025-12-28,THC,14.7,20846000000.0,13.65,,1.445,45.68,,,,,,,,,,,,,,,None,3078000000,3078000000,,,,,,None,208000000,,,,,-0.211,0.36,790000000,998000000,3.34,2024-06-30,12.82,,8561000000.0,2025000000,587000000,110000000,,,None,203000000,None,,None,,,,,259000000,477000000,-203000000,None,0.154,,1264000000,761000000,,,,,None,,,,,0.854,4.392,0.85,,,,,,,,0.065,,,2025-10-28,quarterly,3.7,USD,pre-market,None,,0.0775,0.274,0.032,226.32,2168000000,,,,173.44,202.99,10.7784,,,,,,,5103000000,,13.65,,222.81,109.82
2025-12-28,THC,14.7,20846000000.0,13.65,,1.445,45.68,,,,,,,,,,,,,,,None,3251000000,3251000000,,,,,,None,208000000,,,,,-0.211,0.36,3302000000,3510000000,3.34,2024-03-31,12.82,,8561000000.0,2117000000,3084000000,750000000,,,None,218000000,None,,None,,,,,2151000000,2334000000,-218000000,None,0.154,,-1168000000,3285000000,,,,,None,,,,,0.854,4.392,0.85,,,,,,,,0.065,,,2025-10-28,quarterly,3.7,USD,pre-market,None,,0.0775,0.274,0.032,226.32,2321000000,,,,173.44,202.99,10.7784,,,,,,,5368000000,,13.65,,222.81,109.82
2025-12-28,THC,14.7,20846000000.0,13.65,,1.445,45.68,,,,,,,,,,,,,,,None,3248000000,3248000000,,,,,,None,216000000,,,,,-0.211,0.36,746000000,962000000,3.34,2023-12-31,12.82,,8561000000.0,2131000000,519000000,63000000,,,None,227000000,None,,None,,,,,244000000,456000000,-227000000,None,0.154,,1396000000,735000000,,,,,None,,,,,0.854,4.392,0.85,,,,,,,,0.065,,,2025-10-28,quarterly,3.7,USD,pre-market,None,,0.0775,0.274,0.032,226.32,2315000000,,,,173.44,202.99,10.7784,,,,,,,5379000000,,13.65,,222.81,109.82
2025-12-28,THC,14.7,20846000000.0,13.65,,1.445,45.68,,,,,,,,,,,,,,,None,3166000000,3166000000,,,,,,None,224000000,,,,,-0.211,0.36,572000000,796000000,3.34,2023-09-30,12.82,,8561000000.0,1900000000,345000000,79000000,,,None,227000000,227000000,,None,,,,,101000000,266000000,-227000000,None,0.154,,1332000000,568000000,,,,,None,,,,,0.854,4.392,0.85,,,,,,,,0.065,,,2025-10-28,quarterly,3.7,USD,pre-market,None,,0.0775,0.274,0.032,226.32,2288000000,,,,173.44,202.99,10.7784,,,,,,,5066000000,,13.65,,222.81,109.82
2025-12-28,THC,14.7,20846000000.0,13.65,,1.445,45.68,,,,,,,,,,,,,,,None,3178000000,3178000000,,,,,,None,213000000,,,,,-0.211,0.36,599000000,812000000,3.34,2023-06-30,12.82,,8561000000.0,1904000000,373000000,80000000,,,None,226000000,226000000,,None,,,,,123000000,293000000,-226000000,None,0.154,,1300000000,604000000,,,,,None,,,,,0.854,4.392,0.85,,,,,,,,0.065,,,2025-10-28,quarterly,3.7,USD,pre-market,None,,0.0775,0.274,0.032,226.32,2285000000,,,,173.44,202.99,10.7784,,,,,,,5082000000,,13.65,,222.81,109.82
2025-12-28,THC,14.7,20846000000.0,13.65,,1.445,45.68,,,,,,,,,,,,,,,None,3151000000,3151000000,,,,,,None,217000000,,,,,-0.211,0.36,601000000,818000000,3.34,2023-03-31,12.82,,8561000000.0,1870000000,380000000,84000000,,,None,221000000,221000000,,None,,,,,143000000,296000000,-221000000,None,0.154,,1267000000,603000000,,,,,-2000000,,,,,0.854,4.392,0.85,,,,,,,,0.065,,,2025-10-28,quarterly,3.7,USD,pre-market,None,,0.0775,0.274,0.032,226.32,2258000000,,,,173.44,202.99,10.7784,,,,,,,5021000000,,13.65,,222.81,109.82
2025-12-28,THC,14.7,20846000000.0,13.65,,1.445,45.68,,,,,,,,,,,,,,,None,3168000000,3168000000,,,,,,None,213000000,,,,,-0.211,0.36,540000000,753000000,3.34,2022-12-31,12.82,,8561000000.0,1822000000,321000000,47000000,,,None,219000000,219000000,,None,,,,,102000000,274000000,-219000000,None,0.154,,1286000000,536000000,,,,,4000000,,,,,0.854,4.392,0.85,,,,,,,,0.065,,,2025-10-28,quarterly,3.7,USD,pre-market,None,,0.0775,0.274,0.032,226.32,2306000000,,,,173.44,202.99,10.7784,,,,,,,4990000000,,13.65,,222.81,109.82
2025-12-28,THC,14.7,20846000000.0,13.65,,1.445,45.68,,,,,,,,,,,,,,,None,3049000000,3049000000,,,,,,None,209000000,,,,,-0.211,0.36,602000000,811000000,3.34,2022-09-30,12.82,,8561000000.0,1752000000,380000000,112000000,,,None,222000000,222000000,,None,,,,,131000000,268000000,-222000000,None,0.154,,1156000000,596000000,,,,,6000000,,,,,0.854,4.392,0.85,,,,,,,,0.065,,,2025-10-28,quarterly,3.7,USD,pre-market,None,,0.0775,0.274,0.032,226.32,2230000000,,,,173.44,202.99,10.7784,,,,,,,4801000000,,13.65,,222.81,109.82
2025-12-28,THC,14.7,20846000000.0,13.65,,1.445,45.68,,,,,,,,,,,,,,,None,2940000000,2940000000,,,,,,None,216000000,,,,,-0.211,0.36,487000000,703000000,3.34,2022-06-30,12.82,,8561000000.0,1698000000,265000000,86000000,,,None,222000000,222000000,,None,,,,,38000000,179000000,-222000000,None,0.154,,1145000000,553000000,,,,,-66000000,,,,,0.854,4.392,0.85,,,,,,,,0.065,,,2025-10-28,quarterly,3.7,USD,pre-market,None,,0.0775,0.274,0.032,226.32,2126000000,,,,173.44,202.99,10.7784,,,,,,,4638000000,,13.65,,222.81,109.82
2025-12-28,THC,14.7,20846000000.0,13.65,,1.445,45.68,,,,,,,,,,,,,,,None,2969000000,2969000000,,,,,,None,203000000,,,,,-0.211,0.36,605000000,808000000,3.34,2022-03-31,12.82,,8561000000.0,1776000000,378000000,99000000,,,None,227000000,227000000,,None,,,,,140000000,279000000,-227000000,None,0.154,,1128000000,648000000,,,,,-43000000,,,,,0.854,4.392,0.85,,,,,,,,0.065,,,2025-10-28,quarterly,3.7,USD,pre-market,None,,0.0775,0.274,0.032,226.32,2182000000,,,,173.44,202.99,10.7784,,,,,,,4745000000,,13.65,,222.81,109.82
2025-12-28,THC,14.7,20846000000.0,13.65,,1.445,45.68,,,,,,,,,,,,,,,None,3029000000,3029000000,,,,,,None,201000000,,,,,-0.211,0.36,749000000,950000000,3.34,2021-12-31,12.82,,8561000000.0,1827000000,528000000,108000000,,,None,221000000,221000000,,None,,,,,249000000,420000000,-221000000,None,0.154,,1076000000,751000000,,,,,-2000000,,,,,0.854,4.392,0.85,,,,,,,,0.065,,,2025-10-28,quarterly,3.7,USD,pre-market,None,,0.0775,0.274,0.032,226.32,2188000000,,,,173.44,202.99,10.7784,,,,,,,4856000000,,13.65,,222.81,109.82
2025-12-28,THC,14.7,20846000000.0,13.65,,1.445,45.68,,,,,,,,,,,,,,,None,3038000000,3038000000,,,,,,None,209000000,,,,,-0.211,0.36,1001000000,1210000000,3.34,2021-09-30,12.82,,8561000000.0,1856000000,774000000,197000000,,,None,227000000,227000000,,None,,,,,449000000,577000000,-227000000,None,0.154,,842000000,1014000000,,,,,-13000000,,,,,0.854,4.392,0.85,,,,,,,,0.065,,,2025-10-28,quarterly,3.7,USD,pre-market,None,,0.0775,0.274,0.032,226.32,2209000000,,,,173.44,202.99,10.7784,,,,,,,4894000000,,13.65,,222.81,109.82
2025-12-28,THC,14.7,20846000000.0,13.65,,1.445,45.68,,,,,,,,,,,,,,,None,3142000000,3142000000,,,,,,None,221000000,,,,,-0.211,0.36,554000000,775000000,3.34,2021-06-30,12.82,,8561000000.0,1812000000,319000000,61000000,,,None,235000000,235000000,,None,,,,,119000000,258000000,-235000000,None,0.154,,1226000000,586000000,,,,,-32000000,,,,,0.854,4.392,0.85,,,,,,,,0.065,,,2025-10-28,quarterly,3.7,USD,pre-market,None,,0.0775,0.274,0.032,226.32,2280000000,,,,173.44,202.99,10.7784,,,,,,,4954000000,,13.65,,222.81,109.82
2025-12-28,THC,14.7,20846000000.0,13.65,,1.445,45.68,,,,,,,,,,,,,,,None,3005000000,3005000000,,,,,,None,224000000,,,,,-0.211,0.36,507000000,731000000,3.34,2021-03-31,12.82,,8561000000.0,1776000000,267000000,45000000,,,None,240000000,240000000,,None,,,,,97000000,222000000,-240000000,None,0.154,,1256000000,520000000,,,,,-13000000,,,,,0.854,4.392,0.85,,,,,,,,0.065,,,2025-10-28,quarterly,3.7,USD,pre-market,None,,0.0775,0.274,0.032,226.32,2201000000,,,,173.44,202.99,10.7784,,,,,,,4781000000,,13.65,,222.81,109.82
2025-12-28,THC,14.7,20846000000.0,13.65,,1.445,45.68,,,,,,,,,,,,,,,None,3052000000,3052000000,,,,,,None,233000000,,,,,-0.211,0.36,918000000,1151000000,3.34,2020-12-31,12.82,,8561000000.0,1863000000,676000000,130000000,,,None,242000000,242000000,,None,,,,,414000000,546000000,-242000000,None,0.154,,943000000,920000000,,,,,-2000000,,,,,0.854,4.392,0.85,,,,,,,,0.065,,,2025-10-28,quarterly,3.7,USD,pre-market,None,,0.0775,0.274,0.032,226.32,2225000000,,,,173.44,202.99,10.7784,,,,,,,4915000000,,13.65,,222.81,109.82
2025-12-28,THC,14.7,20846000000.0,13.65,,1.445,45.68,,,,,,,,,,,,,,,None,2928000000,2928000000,,,,,,None,215000000,,,,,-0.211,0.36,-41000000,174000000,3.34,2020-09-30,12.82,,8561000000.0,1629000000,-304000000,-197000000,,,None,263000000,263000000,,None,,,,,-196000000,-107000000,-263000000,None,0.154,,1358000000,271000000,,,,,-312000000,,,,,0.854,4.392,0.85,,,,,,,,0.065,,,2025-10-28,quarterly,3.7,USD,pre-market,None,,0.0775,0.274,0.032,226.32,2142000000,,,,173.44,202.99,10.7784,,,,,,,4557000000,,13.65,,222.81,109.82
2025-12-28,THC,14.7,20846000000.0,13.65,,1.445,45.68,,,,,,,,,,,,,,,None,2477000000,2477000000,,,,,,None,206000000,,,,,-0.211,0.36,469000000,675000000,3.34,2020-06-30,12.82,,8561000000.0,1171000000,214000000,45000000,,,None,255000000,255000000,,None,,,,,88000000,169000000,-255000000,None,0.154,,700000000,471000000,,,,,-2000000,,,,,0.854,4.392,0.85,,,,,,,,0.065,,,2025-10-28,quarterly,3.7,USD,pre-market,None,,0.0775,0.274,0.032,226.32,1864000000,,,,173.44,202.99,10.7784,,,,,,,3648000000,,13.65,,222.81,109.82
2025-12-28,THC,14.7,20846000000.0,13.65,,1.445,45.68,,,,,,,,,,,,,,,None,2952000000,2952000000,,,,,,None,203000000,,,,,-0.211,0.36,328000000,531000000,3.34,2020-03-31,12.82,,8561000000.0,1568000000,85000000,-75000000,,,None,243000000,243000000,,None,,,,,93000000,160000000,-243000000,None,0.154,,1241000000,327000000,,,,,1000000,,,,,0.854,4.392,0.85,,,,,,,,0.065,,,2025-10-28,quarterly,3.7,USD,pre-market,None,,0.0775,0.274,0.032,226.32,2187000000,,,,173.44,202.99,10.7784,,,,,,,4520000000,,13.65,,222.81,109.82
2025-12-28,THC,14.7,20846000000.0,13.65,,1.445,45.68,,,,,,,,,,,,,,,None,3040000000,3040000000,,,,,,None,223000000,,,,,-0.211,0.36,592000000,815000000,3.34,2019-12-31,12.82,,8561000000.0,1766000000,209000000,85000000,,,None,243000000,243000000,,None,,,,,-3000000,129000000,-243000000,None,0.154,,1312000000,454000000,,,,,-2000000,,,,,0.854,4.392,0.85,,,,,,,,0.065,,,2025-10-28,quarterly,3.7,USD,pre-market,None,,0.0775,0.274,0.032,226.32,2229000000,,,,173.44,202.99,10.7784,,,,,,,4806000000,,13.65,,222.81,109.82
2025-12-28,THC,14.7,20846000000.0,13.65,,1.445,45.68,,,,,,,,,,,,,,,None,2935000000,2935000000,,,,,,None,205000000,,,,,-0.211,0.36,119000000,324000000,3.34,2019-09-30,12.82,,8561000000.0,1633000000,-125000000,22000000,,,None,244000000,244000000,,None,,,,,-226000000,-153000000,-244000000,None,0.154,,1331000000,302000000,,,,,-183000000,,,,,0.854,4.392,0.85,,,,,,,,0.065,,,2025-10-28,quarterly,3.7,USD,pre-market,None,,0.0775,0.274,0.032,226.32,2174000000,,,,173.44,202.99,10.7784,,,,,,,4568000000,,13.65,,222.81,109.82
2025-12-28,THC,14.7,20846000000.0,13.65,,1.445,45.68,,,,,,,,,,,,,,,None,2901000000,2901000000,,,,,,None,214000000,,,,,-0.211,0.36,399000000,613000000,3.34,2019-06-30,12.82,,8561000000.0,1659000000,152000000,33000000,,,None,247000000,247000000,,None,,,,,26000000,110000000,-247000000,None,0.154,,1259000000,400000000,,,,,-1000000,,,,,0.854,4.392,0.85,,,,,,,,0.065,,,2025-10-28,quarterly,3.7,USD,pre-market,None,,0.0775,0.274,0.032,226.32,2148000000,,,,173.44,202.99,10.7784,,,,,,,4560000000,,13.65,,222.81,109.82
2025-12-28,THC,14.7,20846000000.0,13.65,,1.445,45.68,,,,,,,,,,,,,,,None,2897000000,2897000000,,,,,,None,208000000,,,,,-0.211,0.36,335000000,543000000,3.34,2019-03-31,12.82,,8561000000.0,1648000000,84000000,20000000,,,None,251000000,251000000,,None,,,,,-12000000,57000000,-251000000,None,0.154,,1267000000,381000000,,,,,-46000000,,,,,0.854,4.392,0.85,,,,,,,,0.065,,,2025-10-28,quarterly,3.7,USD,pre-market,None,,0.0775,0.274,0.032,226.32,2153000000,,,,173.44,202.99,10.7784,,,,,,,4545000000,,13.65,,222.81,109.82
2025-12-28,THC,14.7,20846000000.0,13.65,,1.445,45.68,,,,,,,,,,,,,,,None,2916000000,2916000000,,,,,,None,200000000,,,,,-0.211,0.36,404000000,604000000,3.34,2018-12-31,12.82,,8561000000.0,1703000000,158000000,56000000,,,None,246000000,None,,None,,,,,-5000000,102000000,None,None,0.154,,1299000000,404000000,,,,,None,,,,,0.854,4.392,0.85,,,,,,,,0.065,,,2025-10-28,quarterly,3.7,USD,pre-market,None,,0.0775,0.274,0.032,226.32,2156000000,,,,173.44,202.99,10.7784,,,,,,,4619000000,,13.65,,222.81,109.82
2025-12-28,THC,14.7,20846000000.0,13.65,,1.445,45.68,,,,,,,,,,,,,,,None,2842000000,2842000000,,,,,,None,204000000,,,,,-0.211,0.36,320000000,524000000,3.34,2018-09-30,12.82,,8561000000.0,1647000000,71000000,6000000,,,None,249000000,None,,None,,,,,-9000000,65000000,None,None,0.154,,1327000000,320000000,,,,,None,,,,,0.854,4.392,0.85,,,,,,,,0.065,,,2025-10-28,quarterly,3.7,USD,pre-market,None,,0.0775,0.274,0.032,226.32,2116000000,,,,173.44,202.99,10.7784,,,,,,,4489000000,,13.65,,222.81,109.82
2025-12-28,THC,14.7,20846000000.0,13.65,,1.445,45.68,,,,,,,,,,,,,,,None,2883000000,2883000000,,,,,,None,194000000,,,,,-0.211,0.36,404000000,598000000,3.34,2018-06-30,12.82,,8561000000.0,1623000000,150000000,44000000,,,None,254000000,None,,None,,,,,26000000,106000000,None,None,0.154,,1217000000,406000000,,,,,-2000000,,,,,0.854,4.392,0.85,,,,,,,,0.065,,,2025-10-28,quarterly,3.7,USD,pre-market,0,,0.0775,0.274,0.032,226.32,2135000000,,,,173.44,202.99,10.7784,,,,,,,4506000000,,13.65,,222.81,109.82
2025-12-28,THC,14.7,20846000000.0,13.65,,1.445,45.68,,,,,,,,,,,,,,,None,3005000000,3005000000,,,,,,None,204000000,,,,,-0.211,0.36,515000000,719000000,3.34,2018-03-31,12.82,,8561000000.0,1694000000,260000000,70000000,,,None,255000000,None,,None,,,,,99000000,190000000,None,None,0.154,,1177000000,517000000,,,,,-2000000,,,,,0.854,4.392,0.85,,,,,,,,0.065,,,2025-10-28,quarterly,3.7,USD,pre-market,0,,0.0775,0.274,0.032,226.32,2227000000,,,,173.44,202.99,10.7784,,,,,,,4699000000,,13.65,,222.81,109.82
2025-12-28,THC,14.7,20846000000.0,13.65,,1.445,45.68,,,,,,,,,,,,,,,None,3095000000,3095000000,,,,,,None,208000000,,,,,-0.211,0.36,477000000,685000000,3.34,2017-12-31,12.82,,8561000000.0,1883000000,224000000,324000000,,,None,253000000,None,,None,,,,,-229000000,-100000000,None,None,0.154,,1398000000,485000000,,,,,-8000000,,,,,0.854,4.392,0.85,,,,,,,,0.065,,,2025-10-28,quarterly,3.7,USD,pre-market,0,,0.0775,0.274,0.032,226.32,2284000000,,,,173.44,202.99,10.7784,,,,,,,4978000000,,13.65,,222.81,109.82
2025-12-28,THC,14.7,20846000000.0,13.65,,1.445,45.68,,,,,,,,,,,,,,,None,3004000000,3004000000,,,,,,None,219000000,,,,,-0.211,0.36,-91000000,128000000,3.34,2017-09-30,12.82,,8561000000.0,1582000000,-348000000,-60000000,,,None,257000000,None,,None,,,,,-367000000,-288000000,None,None,0.154,,1531000000,51000000,,,,,-142000000,,,,,0.854,4.392,0.85,,,,,,,,0.065,,,2025-10-28,quarterly,3.7,USD,pre-market,0,,0.0775,0.274,0.032,226.32,2264000000,,,,173.44,202.99,10.7784,,,,,,,4586000000,,13.65,,222.81,109.82
2025-12-28,THC,14.7,20846000000.0,13.65,,1.445,45.68,,,,,,,,,,,,,,,None,3126000000,3126000000,,,,,,None,222000000,,,,,-0.211,0.36,279000000,501000000,3.34,2017-06-30,12.82,,8561000000.0,1676000000,19000000,-12000000,,,None,260000000,None,,None,,,,,-55000000,31000000,None,None,0.154,,1366000000,310000000,,,,,-31000000,,,,,0.854,4.392,0.85,,,,,,,,0.065,,,2025-10-28,quarterly,3.7,USD,pre-market,0,,0.0775,0.274,0.032,226.32,2346000000,,,,173.44,202.99,10.7784,,,,,,,4802000000,,13.65,,222.81,109.82
2025-12-28,THC,14.7,20846000000.0,13.65,,1.445,45.68,,,,,,,,,,,,,,,None,3152000000,3152000000,,,,,,None,221000000,,,,,-0.211,0.36,262000000,483000000,3.34,2017-03-31,12.82,,8561000000.0,1661000000,4000000,-33000000,,,None,258000000,None,,None,,,,,-53000000,37000000,None,None,0.154,,1394000000,267000000,,,,,-5000000,,,,,0.854,4.392,0.85,,,,,,,,0.065,,,2025-10-28,quarterly,3.7,USD,pre-market,0,,0.0775,0.274,0.032,226.32,2380000000,,,,173.44,202.99,10.7784,,,,,,,4813000000,,13.65,,222.81,109.82
2025-12-28,THC,14.7,20846000000.0,13.65,,1.445,45.68,,,,,,,,,,,,,,,None,3089000000,3089000000,,,,,,None,218000000,,,,,-0.211,0.36,278000000,496000000,3.34,2016-12-31,12.82,,8561000000.0,1771000000,29000000,6000000,,,None,249000000,None,,None,,,,,-79000000,23000000,None,None,0.154,,1491000000,272000000,,,,,6000000,,,,,0.854,4.392,0.85,,,,,,,,0.065,,,2025-10-28,quarterly,3.7,USD,pre-market,0,,0.0775,0.274,0.032,226.32,2324000000,,,,173.44,202.99,10.7784,,,,,,,4860000000,,13.65,,222.81,109.82
2025-12-28,THC,14.7,20846000000.0,13.65,,1.445,45.68,,,,,,,,,,,,,,,None,3075000000,3075000000,,,,,,None,205000000,,,,,-0.211,0.36,332000000,537000000,3.34,2016-09-30,12.82,,8561000000.0,1774000000,89000000,10000000,,,None,243000000,None,,None,,,,,-8000000,79000000,None,None,0.154,,1435000000,339000000,,,,,-1000000,,,,,0.854,4.392,0.85,,,,,,,,0.065,,,2025-10-28,quarterly,3.7,USD,pre-market,0,,0.0775,0.274,0.032,226.32,2314000000,,,,173.44,202.99,10.7784,,,,,,,4849000000,,13.65,,222.81,109.82
2025-12-28,THC,14.7,20846000000.0,13.65,,1.445,45.68,,,,,,,,,,,,,,,None,3082000000,3082000000,,,,,,None,215000000,,,,,-0.211,0.36,269000000,484000000,3.34,2016-06-30,12.82,,8561000000.0,1786000000,25000000,-16000000,,,None,244000000,None,,None,,,,,-46000000,41000000,None,None,0.154,,1512000000,274000000,,,,,2000000,,,,,0.854,4.392,0.85,,,,,,,,0.065,,,2025-10-28,quarterly,3.7,USD,pre-market,0,,0.0775,0.274,0.032,226.32,2316000000,,,,173.44,202.99,10.7784,,,,,,,4868000000,,13.65,,222.81,109.82
2025-12-28,THC,14.7,20846000000.0,13.65,,1.445,45.68,,,,,,,,,,,,,,,None,3206000000,3206000000,,,,,,None,212000000,,,,,-0.211,0.36,348000000,560000000,3.34,2016-03-31,12.82,,8561000000.0,1838000000,105000000,67000000,,,None,243000000,None,,None,,,,,-59000000,38000000,None,None,0.154,,1484000000,354000000,,,,,1000000,,,,,0.854,4.392,0.85,,,,,,,,0.065,,,2025-10-28,quarterly,3.7,USD,pre-market,0,,0.0775,0.274,0.032,226.32,2402000000,,,,173.44,202.99,10.7784,,,,,,,5044000000,,13.65,,222.81,109.82
2025-12-28,THC,14.7,20846000000.0,13.65,,1.445,45.68,,,,,,,,,,,,,,,None,3260000000,3260000000,,,,,,None,208000000,,,,,-0.211,0.36,315000000,523000000,3.34,2015-12-31,12.82,,8561000000.0,1766000000,67000000,68000000,,,None,248000000,None,,None,,,,,-97000000,-1000000,None,None,0.154,,1451000000,315000000,,,,,None,,,,,0.854,4.392,0.85,,,,,,,,0.065,,,2025-10-28,quarterly,3.7,USD,pre-market,0,,0.0775,0.274,0.032,226.32,2443000000,,,,173.44,202.99,10.7784,,,,,,,5026000000,,13.65,,222.81,109.82
2025-12-28,THC,14.7,20846000000.0,13.65,,1.445,45.68,,,,,,,,,,,,,,,None,3010000000,3010000000,,,,,,None,185000000,,,,,-0.211,0.36,288000000,473000000,3.34,2015-09-30,12.82,,8561000000.0,1682000000,40000000,11000000,,,None,248000000,None,,None,,,,,-29000000,29000000,None,None,0.154,,1395000000,287000000,,,,,1000000,,,,,0.854,4.392,0.85,,,,,,,,0.065,,,2025-10-28,quarterly,3.7,USD,pre-market,0,,0.0775,0.274,0.032,226.32,2258000000,,,,173.44,202.99,10.7784,,,,,,,4692000000,,13.65,,222.81,109.82
2025-12-28,THC,14.7,20846000000.0,13.65,,1.445,45.68,,,,,,,,,,,,,,,None,2892000000,2892000000,,,,,,None,197000000,,,,,-0.211,0.36,163000000,360000000,3.34,2015-06-30,12.82,,8561000000.0,1600000000,-54000000,-27000000,,,None,217000000,None,,None,,,,,-61000000,-27000000,None,None,0.154,,1436000000,164000000,,,,,-1000000,,,,,0.854,4.392,0.85,,,,,,,,0.065,,,2025-10-28,quarterly,3.7,USD,pre-market,0,,0.0775,0.274,0.032,226.32,2185000000,,,,173.44,202.99,10.7784,,,,,,,4492000000,,13.65,,222.81,109.82
2025-12-28,THC,14.7,20846000000.0,13.65,,1.445,45.68,,,,,,,,,,,,,,,None,2812000000,2812000000,,,,,,None,207000000,,,,,-0.211,0.36,290000000,497000000,3.34,2015-03-31,12.82,,8561000000.0,1612000000,91000000,16000000,,,None,199000000,None,,None,,,,,47000000,75000000,None,None,0.154,,1322000000,290000000,,,,,None,,,,,0.854,4.392,0.85,,,,,,,,0.065,,,2025-10-28,quarterly,3.7,USD,pre-market,0,,0.0775,0.274,0.032,226.32,2125000000,,,,173.44,202.99,10.7784,,,,,,,4424000000,,13.65,,222.81,109.82
2025-12-28,THC,14.7,20846000000.0,13.65,,1.445,45.68,,,,,,,,,,,,,,,None,2806000000,2806000000,,,,,,None,240000000,,,,,-0.211,0.36,337000000,577000000,3.34,2014-12-31,12.82,,8561000000.0,1659000000,141000000,60000000,,,None,196000000,None,,None,,,,,61000000,81000000,None,None,0.154,,1322000000,337000000,,,,,None,,,,,0.854,4.392,0.85,,,,,,,,0.065,,,2025-10-28,quarterly,3.7,USD,pre-market,0,,0.0775,0.274,0.032,226.32,2118000000,,,,173.44,202.99,10.7784,,,,,,,4465000000,,13.65,,222.81,109.82
2025-12-28,THC,14.7,20846000000.0,13.65,,1.445,45.68,,,,,,,,,,,,,,,None,2693000000,2693000000,,,,,,None,207000000,,,,,-0.211,0.36,187000000,394000000,3.34,2014-09-30,12.82,,8561000000.0,1482000000,1000000,-18000000,,,None,186000000,None,,None,,,,,9000000,19000000,None,None,0.154,,1271000000,211000000,,,,,-24000000,,,,,0.854,4.392,0.85,,,,,,,,0.065,,,2025-10-28,quarterly,3.7,USD,pre-market,0,,0.0775,0.274,0.032,226.32,2028000000,,,,173.44,202.99,10.7784,,,,,,,4175000000,,13.65,,222.81,109.82
2025-12-28,THC,14.7,20846000000.0,13.65,,1.445,45.68,,,,,,,,,,,,,,,None,2605000000,2605000000,,,,,,None,209000000,,,,,-0.211,0.36,207000000,416000000,3.34,2014-06-30,12.82,,8561000000.0,1433000000,17000000,8000000,,,None,190000000,None,,None,,,,,-26000000,9000000,None,None,0.154,,1226000000,207000000,,,,,None,,,,,0.854,4.392,0.85,,,,,,,,0.065,,,2025-10-28,quarterly,3.7,USD,pre-market,0,,0.0775,0.274,0.032,226.32,1956000000,,,,173.44,202.99,10.7784,,,,,,,4038000000,,13.65,,222.81,109.82
2025-12-28,THC,14.7,20846000000.0,13.65,,1.445,45.68,,,,,,,,,,,,,,,None,2549000000,2549000000,,,,,,None,193000000,,,,,-0.211,0.36,170000000,363000000,3.34,2014-03-31,12.82,,8561000000.0,1377000000,-12000000,-1000000,,,None,182000000,None,,None,,,,,-32000000,-11000000,None,None,0.154,,1207000000,170000000,,,,,None,,,,,0.854,4.392,0.85,,,,,,,,0.065,,,2025-10-28,quarterly,3.7,USD,pre-market,0,,0.0775,0.274,0.032,226.32,1921000000,,,,173.44,202.99,10.7784,,,,,,,3926000000,,13.65,,222.81,109.82
2025-12-28,THC,14.7,20846000000.0,13.65,,1.445,45.68,,,,,,,,,,,,,,,None,2498000000,2498000000,,,,,,None,191000000,,,,,-0.211,0.36,167000000,358000000,3.34,2013-12-31,12.82,,8561000000.0,1387000000,-15000000,-8000000,,,None,182000000,None,,None,,,,,-24000000,-7000000,None,None,0.154,,1220000000,167000000,,,,,None,,,,,0.854,4.392,0.85,,,,,,,,0.065,,,2025-10-28,quarterly,3.7,USD,pre-market,0,,0.0775,0.274,0.032,226.32,1872000000,,,,173.44,202.99,10.7784,,,,,,,3885000000,,13.65,,222.81,109.82
2025-12-28,THC,14.7,20846000000.0,13.65,,1.445,45.68,,,,,,,,,,,,,,,None,1559000000,1559000000,,,,,,None,119000000,,,,,-0.211,0.36,148000000,267000000,3.34,2013-09-30,12.82,,8561000000.0,849000000,57000000,16000000,,,None,91000000,None,,None,,,,,28000000,41000000,None,None,0.154,,701000000,148000000,,,,,None,,,,,0.854,4.392,0.85,,,,,,,,0.065,,,2025-10-28,quarterly,3.7,USD,pre-market,0,,0.0775,0.274,0.032,226.32,1172000000,,,,173.44,202.99,10.7784,,,,,,,2408000000,,13.65,,222.81,109.82
2025-12-28,THC,14.7,20846000000.0,13.65,,1.445,45.68,,,,,,,,,,,,,,,None,1553000000,1553000000,,,,,,None,121000000,,,,,-0.211,0.36,32000000,153000000,3.34,2013-06-30,12.82,,8561000000.0,869000000,-66000000,20000000,,,None,98000000,None,,None,,,,,-50000000,-46000000,None,None,0.154,,838000000,202000000,,,,,-170000000,,,,,0.854,4.392,0.85,,,,,,,,0.065,,,2025-10-28,quarterly,3.7,USD,pre-market,0,,0.0775,0.274,0.032,226.32,1166000000,,,,173.44,202.99,10.7784,,,,,,,2422000000,,13.65,,222.81,109.82
2025-12-28,THC,14.7,20846000000.0,13.65,,1.445,45.68,,,,,,,,,,,,,,,None,1545000000,1545000000,,,,,,None,114000000,,,,,-0.211,0.36,-31000000,83000000,3.34,2013-03-31,12.82,,8561000000.0,842000000,-134000000,53000000,,,None,103000000,None,,None,,,,,-88000000,-81000000,None,None,0.154,,873000000,146000000,,,,,-177000000,,,,,0.854,4.392,0.85,,,,,,,,0.065,,,2025-10-28,quarterly,3.7,USD,pre-market,0,,0.0775,0.274,0.032,226.32,1161000000,,,,173.44,202.99,10.7784,,,,,,,2387000000,,13.65,,222.81,109.82
2025-12-28,THC,14.7,20846000000.0,13.65,,1.445,45.68,,,,,,,,,,,,,,,None,1479000000,1479000000,,,,,,None,116000000,,,,,-0.211,0.36,206000000,322000000,3.34,2012-12-31,12.82,,8561000000.0,852000000,97000000,35000000,,,None,109000000,None,,None,,,,,49000000,62000000,None,None,0.154,,645000000,-1371000000,,,,,-5000000,,,,,0.854,4.392,0.85,,,,,,,,0.065,,,2025-10-28,quarterly,3.7,USD,pre-market,0,,0.0775,0.274,0.032,226.32,1050000000,,,,173.44,202.99,10.7784,,,,,,,2331000000,,13.65,,222.81,109.82
2025-12-28,THC,14.7,20846000000.0,13.65,,1.445,45.68,,,,,,,,,,,,,,,None,1426000000,1426000000,,,,,,None,110000000,,,,,-0.211,0.36,154000000,264000000,3.34,2012-09-30,12.82,,8561000000.0,795000000,51000000,18000000,,,None,103000000,None,,None,,,,,41000000,33000000,None,None,0.154,,642000000,153000000,,,,,1000000,,,,,0.854,4.392,0.85,,,,,,,,0.065,,,2025-10-28,quarterly,3.7,USD,pre-market,0,,0.0775,0.274,0.032,226.32,1050000000,,,,173.44,202.99,10.7784,,,,,,,2221000000,,13.65,,222.81,109.82
2025-12-28,THC,14.7,20846000000.0,13.65,,1.445,45.68,,,,,,,,,,,,,,,None,389000000,389000000,,,,,,None,100000000,,,,,-0.211,0.36,184000000,284000000,3.34,2012-06-30,12.82,,8561000000.0,1876000000,78000000,30000000,,,None,102000000,None,,None,,,,,-2000000,48000000,None,None,0.154,,1692000000,180000000,,,,,None,,,,,0.854,4.392,0.85,,,,,,,,0.065,,,2025-10-28,quarterly,3.7,USD,pre-market,0,,0.0775,0.274,0.032,226.32,1054000000,,,,173.44,202.99,10.7784,,,,,,,2265000000,,13.65,,222.81,109.82
2025-12-28,THC,14.7,20846000000.0,13.65,,1.445,45.68,,,,,,,,,,,,,,,None,399000000,399000000,,,,,,None,104000000,,,,,-0.211,0.36,202000000,306000000,3.34,2012-03-31,12.82,,8561000000.0,1903000000,108000000,42000000,,,None,98000000,None,,None,,,,,64000000,66000000,None,None,0.154,,1693000000,205000000,,,,,1000000,,,,,0.854,4.392,0.85,,,,,,,,0.065,,,2025-10-28,quarterly,3.7,USD,pre-market,0,,0.0775,0.274,0.032,226.32,1062000000,,,,173.44,202.99,10.7784,,,,,,,2302000000,,13.65,,222.81,109.82
2025-12-28,THC,14.7,20846000000.0,13.65,,1.445,45.68,,,,,,,,,,,,,,,None,1420000000,1420000000,,,,,,None,105000000,,,,,-0.211,0.36,32000000,137000000,3.34,2011-12-31,12.82,,8561000000.0,212000000,-68000000,-12000000,,,None,100000000,None,,None,,,,,-70000000,-56000000,None,None,0.154,,23000000,189000000,,,,,-117000000,,,,,0.854,4.392,0.85,,,,,,,,0.065,,,2025-10-28,quarterly,3.7,USD,pre-market,0,,0.0775,0.274,0.032,226.32,1548000000,,,,173.44,202.99,10.7784,,,,,,,1632000000,,13.65,,222.81,109.82
2025-12-28,THC,14.7,20846000000.0,13.65,,1.445,45.68,,,,,,,,,,,,,,,None,1381000000,1381000000,,,,,,None,103000000,,,,,-0.211,0.36,77000000,180000000,3.34,2011-09-30,12.82,,8561000000.0,719000000,21000000,4000000,,,None,59000000,None,,None,,,,,12000000,17000000,None,None,0.154,,100000000,619000000,,,,,1000000,,,,,0.854,4.392,0.85,,,,,,,,0.065,,,2025-10-28,quarterly,3.7,USD,pre-market,0,,0.0775,0.274,0.032,226.32,1566000000,,,,173.44,202.99,10.7784,,,,,,,2100000000,,13.65,,222.81,109.82
2025-12-28,THC,14.7,20846000000.0,13.65,,1.445,45.68,,,,,,,,,,,,,,,None,1374000000,1374000000,,,,,,None,96000000,,,,,-0.211,0.36,170000000,266000000,3.34,2011-06-30,12.82,,8561000000.0,758000000,68000000,19000000,,,None,98000000,None,,None,,,,,61000000,48000000,None,None,0.154,,608000000,150000000,,,,,1000000,,,,,0.854,4.392,0.85,,,,,,,,0.065,,,2025-10-28,quarterly,3.7,USD,pre-market,0,,0.0775,0.274,0.032,226.32,1527000000,,,,173.44,202.99,10.7784,,,,,,,2132000000,,13.65,,222.81,109.82
2025-12-28,THC,14.7,20846000000.0,13.65,,1.445,45.68,,,,,,,,,,,,,,,None,1439000000,1439000000,,,,,,None,109000000,,,,,-0.211,0.36,252000000,361000000,3.34,2011-03-31,12.82,,8561000000.0,860000000,142000000,51000000,,,None,118000000,None,,None,,,,,79000000,91000000,None,None,0.154,,607000000,253000000,,,,,1000000,,,,,0.854,4.392,0.85,,,,,,,,0.065,,,2025-10-28,quarterly,3.7,USD,pre-market,0,,0.0775,0.274,0.032,226.32,1541000000,,,,173.44,202.99,10.7784,,,,,,,2299000000,,13.65,,222.81,109.82
2025-12-28,THC,14.7,20846000000.0,13.65,,1.445,45.68,,,,,,,,,,,,,,,None,1361000000,1361000000,,,,,,None,132000000,,,,,-0.211,0.36,163000000,295000000,3.34,2010-12-31,12.82,,8561000000.0,940000000,62000000,2000000,,,None,101000000,None,,None,,,,,80000000,None,None,None,0.154,,760000000,180000000,,,,,None,,,,,0.854,4.392,0.85,,,,,,,,0.065,,,2025-10-28,quarterly,3.7,USD,pre-market,None,,0.0775,0.274,0.032,226.32,None,,,,173.44,202.99,10.7784,,,,,,,2301000000,,13.65,,222.81,109.82
2025-12-28,THC,14.7,20846000000.0,13.65,,1.445,45.68,,,,,,,,,,,,,,,None,1367000000,1367000000,,,,,,None,101000000,,,,,-0.211,0.36,45000000,146000000,3.34,2010-09-30,12.82,,8561000000.0,895000000,-62000000,-1002000000,,,None,107000000,None,,None,,,,,938000000,940000000,None,None,0.154,,793000000,102000000,,,,,-52000000,,,,,0.854,4.392,0.85,,,,,,,,0.065,,,2025-10-28,quarterly,3.7,USD,pre-market,0,,0.0775,0.274,0.032,226.32,1482000000,,,,173.44,202.99,10.7784,,,,,,,2262000000,,13.65,,222.81,109.82
2025-12-28,THC,14.7,20846000000.0,13.65,,1.445,45.68,,,,,,,,,,,,,,,None,1364000000,1364000000,,,,,,None,97000000,,,,,-0.211,0.36,172000000,269000000,3.34,2010-06-30,12.82,,8561000000.0,939000000,65000000,20000000,,,None,107000000,None,,None,,,,,31000000,None,None,None,0.154,,768000000,171000000,,,,,None,,,,,0.854,4.392,0.85,,,,,,,,0.065,,,2025-10-28,quarterly,3.7,USD,pre-market,0,,0.0775,0.274,0.032,226.32,0,,,,173.44,202.99,10.7784,,,,,,,2303000000,,13.65,,222.81,109.82
2025-12-28,THC,14.7,20846000000.0,13.65,,1.445,45.68,,,,,,,,,,,,,,,None,1385000000,1385000000,,,,,,None,95000000,,,,,-0.211,0.36,210000000,305000000,3.34,2010-03-31,12.82,,8561000000.0,954000000,93000000,3000000,,,None,109000000,None,,None,,,,,94000000,None,None,None,0.154,,751000000,203000000,,,,,None,,,,,0.854,4.392,0.85,,,,,,,,0.065,,,2025-10-28,quarterly,3.7,USD,pre-market,None,,0.0775,0.274,0.032,226.32,None,,,,173.44,202.99,10.7784,,,,,,,2339000000,,13.65,,222.81,109.82
2025-12-28,THC,14.7,20846000000.0,13.65,,1.445,45.68,,,,,,,,,,,,,,,None,1383000000,1383000000,,,,,,None,95000000,,,,,-0.211,0.36,92000000,187000000,3.34,2009-12-31,12.82,,8561000000.0,878000000,-11000000,-35000000,,,None,103000000,None,,None,,,,,27000000,None,None,None,0.154,,-1154000000,2032000000,,,,,None,,,,,0.854,4.392,0.85,,,,,,,,0.065,,,2025-10-28,quarterly,3.7,USD,pre-market,None,,0.0775,0.274,0.032,226.32,181000000,,,,173.44,202.99,10.7784,,,,,,,2261000000,,13.65,,222.81,109.82
2025-12-28,THC,14.7,20846000000.0,13.65,,1.445,45.68,,,,,,,,,,,,,,,None,1343000000,1343000000,,,,,,None,97000000,,,,,-0.211,0.36,119000000,216000000,3.34,2009-09-30,12.82,,8561000000.0,919000000,7000000,3000000,,,None,112000000,None,,None,,,,,-3000000,None,None,None,0.154,,776000000,143000000,,,,,None,,,,,0.854,4.392,0.85,,,,,,,,0.065,,,2025-10-28,quarterly,3.7,USD,pre-market,None,,0.0775,0.274,0.032,226.32,193000000,,,,173.44,202.99,10.7784,,,,,,,2262000000,,13.65,,222.81,109.82
2025-12-28,THC,14.7,20846000000.0,13.65,,1.445,45.68,,,,,,,,,,,,,,,None,1344000000,1344000000,,,,,,None,97000000,,,,,-0.211,0.36,128000000,225000000,3.34,2009-06-30,12.82,,8561000000.0,885000000,7000000,4000000,,,None,120000000,None,,None,,,,,-15000000,None,None,None,0.154,,737000000,148000000,,,,,None,,,,,0.854,4.392,0.85,,,,,,,,0.065,,,2025-10-28,quarterly,3.7,USD,pre-market,None,,0.0775,0.274,0.032,226.32,167000000,,,,173.44,202.99,10.7784,,,,,,,2229000000,,13.65,,222.81,109.82
2025-12-28,THC,14.7,20846000000.0,13.65,,1.445,45.68,,,,,,,,,,,,,,,None,1356000000,1356000000,,,,,,None,97000000,,,,,-0.211,0.36,311000000,408000000,3.34,2009-03-31,12.82,,8561000000.0,906000000,202000000,5000000,,,None,110000000,None,,None,,,,,178000000,None,None,None,0.154,,724000000,182000000,,,,,None,,,,,0.854,4.392,0.85,,,,,,,,0.065,,,2025-10-28,quarterly,3.7,USD,pre-market,None,,0.0775,0.274,0.032,226.32,156000000,,,,173.44,202.99,10.7784,,,,,,,2262000000,,13.65,,222.81,109.82
2025-12-28,THC,14.7,20846000000.0,13.65,,1.445,45.68,,,,,,,,,,,,,,,None,1355000000,1355000000,,,,,,None,96000000,,,,,-0.211,0.36,248000000,344000000,3.34,2008-12-31,12.82,,8561000000.0,840000000,-16000000,-6000000,,,None,2258000000,None,,None,,,,,-33000000,None,None,None,0.154,,-1267000000,2107000000,,,,,None,,,,,0.854,4.392,0.85,,,,,,,,0.065,,,2025-10-28,quarterly,3.7,USD,pre-market,None,,0.0775,0.274,0.032,226.32,2013000000,,,,173.44,202.99,10.7784,,,,,,,2195000000,,13.65,,222.81,109.82
2025-12-28,THC,14.7,20846000000.0,13.65,,1.445,45.68,,,,,,,,,,,,,,,None,1319000000,1319000000,,,,,,None,90000000,,,,,-0.211,0.36,226000000,316000000,3.34,2008-09-30,12.82,,8561000000.0,821000000,116000000,-4000000,,,None,106000000,None,,None,,,,,104000000,None,None,None,0.154,,755000000,66000000,,,,,None,,,,,0.854,4.392,0.85,,,,,,,,0.065,,,2025-10-28,quarterly,3.7,USD,pre-market,None,,0.0775,0.274,0.032,226.32,670000000,,,,173.44,202.99,10.7784,,,,,,,2140000000,,13.65,,222.81,109.82
2025-12-28,THC,14.7,20846000000.0,13.65,,1.445,45.68,,,,,,,,,,,,,,,None,1310000000,1310000000,,,,,,None,92000000,,,,,-0.211,0.36,70000000,162000000,3.34,2008-06-30,12.82,,8561000000.0,802000000,-33000000,-16000000,,,None,98000000,None,,None,,,,,-15000000,None,None,None,0.154,,732000000,70000000,,,,,None,,,,,0.854,4.392,0.85,,,,,,,,0.065,,,2025-10-28,quarterly,3.7,USD,pre-market,None,,0.0775,0.274,0.032,226.32,662000000,,,,173.44,202.99,10.7784,,,,,,,2112000000,,13.65,,222.81,109.82
2025-12-28,THC,14.7,20846000000.0,13.65,,1.445,45.68,,,,,,,,,,,,,,,None,1333000000,1333000000,,,,,,None,95000000,,,,,-0.211,0.36,77000000,172000000,3.34,2008-03-31,12.82,,8561000000.0,845000000,-22000000,1000000,,,None,164000000,None,,None,,,,,-31000000,None,None,None,0.154,,720000000,125000000,,,,,None,,,,,0.854,4.392,0.85,,,,,,,,0.065,,,2025-10-28,quarterly,3.7,USD,pre-market,None,,0.0775,0.274,0.032,226.32,681000000,,,,173.44,202.99,10.7784,,,,,,,2178000000,,13.65,,222.81,109.82
2025-12-28,THC,14.7,20846000000.0,13.65,,1.445,45.68,,,,,,,,,,,,,,,None,1429000000,1429000000,,,,,,None,93000000,,,,,-0.211,0.36,28000000,121000000,3.34,2007-12-31,12.82,,8561000000.0,822000000,-66000000,20000000,,,None,117000000,None,,None,,,,,-75000000,None,None,None,0.154,,794000000,28000000,,,,,None,,,,,0.854,4.392,0.85,,,,,,,,0.065,,,2025-10-28,quarterly,3.7,USD,pre-market,None,,0.0775,0.274,0.032,226.32,656000000,,,,173.44,202.99,10.7784,,,,,,,2251000000,,13.65,,222.81,109.82
2025-12-28,THC,14.7,20846000000.0,13.65,,1.445,45.68,,,,,,,,,,,,,,,None,1253000000,1253000000,,,,,,None,91000000,,,,,-0.211,0.36,64000000,155000000,3.34,2007-09-30,12.82,,8561000000.0,788000000,-31000000,10000000,,,None,125000000,None,,None,,,,,-59000000,None,None,None,0.154,,724000000,64000000,,,,,None,,,,,0.854,4.392,0.85,,,,,,,,0.065,,,2025-10-28,quarterly,3.7,USD,pre-market,None,,0.0775,0.274,0.032,226.32,669000000,,,,173.44,202.99,10.7784,,,,,,,2041000000,,13.65,,222.81,109.82
2025-12-28,THC,14.7,20846000000.0,13.65,,1.445,45.68,,,,,,,,,,,,,,,None,1392000000,1392000000,,,,,,None,89000000,,,,,-0.211,0.36,58000000,147000000,3.34,2007-06-30,12.82,,8561000000.0,836000000,-33000000,-4000000,,,None,86000000,None,,None,,,,,-30000000,None,None,None,0.154,,778000000,58000000,,,,,None,,,,,0.854,4.392,0.85,,,,,,,,0.065,,,2025-10-28,quarterly,3.7,USD,pre-market,None,,0.0775,0.274,0.032,226.32,680000000,,,,173.44,202.99,10.7784,,,,,,,2228000000,,13.65,,222.81,109.82
2025-12-28,THC,14.7,20846000000.0,13.65,,1.445,45.68,,,,,,,,,,,,,,,None,1387000000,1387000000,,,,,,None,89000000,,,,,-0.211,0.36,103000000,192000000,3.34,2007-03-31,12.82,,8561000000.0,831000000,7000000,-84000000,,,None,106000000,None,,None,,,,,75000000,None,None,None,0.154,,728000000,103000000,,,,,None,,,,,0.854,4.392,0.85,,,,,,,,0.065,,,2025-10-28,quarterly,3.7,USD,pre-market,None,,0.0775,0.274,0.032,226.32,663000000,,,,173.44,202.99,10.7784,,,,,,,2218000000,,13.65,,222.81,109.82
2025-12-28,THC,14.7,20846000000.0,13.65,,1.445,45.68,,,,,,,,,,,,,,,None,1378000000,1378000000,,,,,,None,95000000,,,,,-0.211,0.36,-276000000,-181000000,3.34,2006-12-31,12.82,,8561000000.0,801000000,-368000000,25000000,,,None,405000000,None,,None,,,,,-386000000,None,None,None,0.154,,1077000000,-276000000,,,,,None,,,,,0.854,4.392,0.85,,,,,,,,0.065,,,2025-10-28,quarterly,3.7,USD,pre-market,None,,0.0775,0.274,0.032,226.32,648000000,,,,173.44,202.99,10.7784,,,,,,,2179000000,,13.65,,222.81,109.82
2025-12-28,THC,14.7,20846000000.0,13.65,,1.445,45.68,,,,,,,,,,,,,,,None,1300000000,1300000000,,,,,,None,83000000,,,,,-0.211,0.36,28000000,111000000,3.34,2006-09-30,12.82,,8561000000.0,758000000,-62000000,-43000000,,,None,138000000,None,,None,,,,,-89000000,None,None,None,0.154,,730000000,28000000,,,,,None,,,,,0.854,4.392,0.85,,,,,,,,0.065,,,2025-10-28,quarterly,3.7,USD,pre-market,None,,0.0775,0.274,0.032,226.32,670000000,,,,173.44,202.99,10.7784,,,,,,,2058000000,,13.65,,222.81,109.82
2025-12-28,THC,14.7,20846000000.0,13.65,,1.445,45.68,,,,,,,,,,,,,,,None,1361000000,1361000000,,,,,,None,74000000,,,,,-0.211,0.36,-607000000,-533000000,3.34,2006-06-30,12.82,,8561000000.0,834000000,-699000000,-252000000,,,None,768000000,None,,None,,,,,-398000000,None,None,None,0.154,,1449000000,-615000000,,,,,None,,,,,0.854,4.392,0.85,,,,,,,,0.065,,,2025-10-28,quarterly,3.7,USD,pre-market,None,,0.0775,0.274,0.032,226.32,625000000,,,,173.44,202.99,10.7784,,,,,,,2195000000,,13.65,,222.81,109.82
2025-12-28,THC,14.7,20846000000.0,13.65,,1.445,45.68,,,,,,,,,,,,,,,None,1392000000,1392000000,,,,,,None,90000000,,,,,-0.211,0.36,79000000,169000000,3.34,2006-03-31,12.82,,8561000000.0,818000000,3000000,4000000,,,None,33000000,None,,None,,,,,70000000,None,None,None,0.154,,731000000,87000000,,,,,None,,,,,0.854,4.392,0.85,,,,,,,,0.065,,,2025-10-28,quarterly,3.7,USD,pre-market,None,,0.0775,0.274,0.032,226.32,674000000,,,,173.44,202.99,10.7784,,,,,,,2210000000,,13.65,,222.81,109.82
2025-12-28,THC,14.7,20846000000.0,13.65,,1.445,45.68,,,,,,,,,,,,,,,None,1475000000,1475000000,,,,,,None,89000000,,,,,-0.211,0.36,-429000000,-340000000,3.34,2005-12-31,12.82,,8561000000.0,832000000,-309000000,-56000000,,,None,251000000,None,,None,,,,,92000000,None,None,None,0.154,,1261000000,-429000000,,,,,None,,,,,0.854,4.392,0.85,,,,,,,,0.065,,,2025-10-28,quarterly,3.7,USD,pre-market,None,,0.0775,0.274,0.032,226.32,737000000,,,,173.44,202.99,10.7784,,,,,,,2307000000,,13.65,,222.81,109.82
2025-12-28,THC,14.7,20846000000.0,13.65,,1.445,45.68,,,,,,,,,,,,,,,None,1383000000,1383000000,,,,,,None,105000000,,,,,-0.211,0.36,-53000000,52000000,3.34,2005-09-30,12.82,,8561000000.0,767000000,-125000000,3000000,,,None,569000000,None,,None,,,,,-401000000,None,None,None,0.154,,807000000,-40000000,,,,,None,,,,,0.854,4.392,0.85,,,,,,,,0.065,,,2025-10-28,quarterly,3.7,USD,pre-market,None,,0.0775,0.274,0.032,226.32,760000000,,,,173.44,202.99,10.7784,,,,,,,2150000000,,13.65,,222.81,109.82
2025-12-28,THC,14.7,20846000000.0,13.65,,1.445,45.68,,,,,,,,,,,,,,,None,12456000000,12456000000,,,,,,None,818000000,,,,,-0.211,0.36,6074000000,6892000000,3.34,2024-12-31,12.82,,8561000000.0,8209000000,5248000000,1184000000,,,None,826000000,826000000,,None,,,,,3200000000,4064000000,-826000000,None,0.154,,2253000000,5956000000,,,,,None,,,,,0.854,4.392,0.85,,,,,,,,0.065,,,2025-10-28,annual,3.7,USD,pre-market,None,,0.0775,0.274,0.032,226.32,8801000000,,,,173.44,202.99,10.7784,,,,,,,20665000000,,13.65,,222.81,109.82
2025-12-28,THC,14.7,20846000000.0,13.65,,1.445,45.68,,,,,,,,,,,,,,,None,12743000000,12743000000,,,,,,None,870000000,,,,,-0.211,0.36,2518000000,3388000000,3.34,2023-12-31,12.82,,8561000000.0,7805000000,1617000000,306000000,,,None,901000000,901000000,,None,,,,,611000000,1129000000,-893000000,None,0.154,,5295000000,2510000000,,,,,None,,,,,0.854,4.392,0.85,,,,,,,,0.065,,,2025-10-28,annual,3.7,USD,pre-market,None,,0.0775,0.274,0.032,226.32,9146000000,,,,173.44,202.99,10.7784,,,,,,,20548000000,,13.65,,222.81,109.82
2025-12-28,THC,14.7,20846000000.0,13.65,,1.445,45.68,,,,,,,,,,,,,,,None,12126000000,12126000000,,,,,,None,841000000,,,,,-0.211,0.36,2235000000,3076000000,3.34,2022-12-31,12.82,,8561000000.0,7048000000,1345000000,344000000,,,None,890000000,890000000,,None,,,,,411000000,1000000000,-890000000,None,0.154,,4715000000,2333000000,,,,,-99000000,,,,,0.854,4.392,0.85,,,,,,,,0.065,,,2025-10-28,annual,3.7,USD,pre-market,None,,0.0775,0.274,0.032,226.32,8844000000,,,,173.44,202.99,10.7784,,,,,,,19174000000,,13.65,,222.81,109.82
2025-12-28,THC,14.7,20846000000.0,13.65,,1.445,45.68,,,,,,,,,,,,,,,None,12217000000,12217000000,,,,,,None,855000000,,,,,-0.211,0.36,2811000000,3666000000,3.34,2021-12-31,12.82,,8561000000.0,7268000000,1888000000,411000000,,,None,923000000,923000000,,None,,,,,914000000,1477000000,-923000000,None,0.154,,4397000000,2871000000,,,,,-60000000,,,,,0.854,4.392,0.85,,,,,,,,0.065,,,2025-10-28,annual,3.7,USD,pre-market,None,,0.0775,0.274,0.032,226.32,8878000000,,,,173.44,202.99,10.7784,,,,,,,19485000000,,13.65,,222.81,109.82
2025-12-28,THC,14.7,20846000000.0,13.65,,1.445,45.68,,,,,,,,,,,,,,,None,11409000000,11409000000,,,,,,None,857000000,,,,,-0.211,0.36,1674000000,2531000000,3.34,2020-12-31,12.82,,8561000000.0,6231000000,671000000,-97000000,,,None,1003000000,1003000000,,None,,,,,399000000,768000000,-1003000000,None,0.154,,4242000000,1989000000,,,,,-315000000,,,,,0.854,4.392,0.85,,,,,,,,0.065,,,2025-10-28,annual,3.7,USD,pre-market,None,,0.0775,0.274,0.032,226.32,8418000000,,,,173.44,202.99,10.7784,,,,,,,17640000000,,13.65,,222.81,109.82
2025-12-28,THC,14.7,20846000000.0,13.65,,1.445,45.68,,,,,,,,,,,,,,,None,11765000000,11765000000,,,,,,None,850000000,,,,,-0.211,0.36,1305000000,2155000000,3.34,2019-12-31,12.82,,8561000000.0,6714000000,320000000,160000000,,,None,985000000,985000000,,None,,,,,-215000000,143000000,-985000000,None,0.154,,5177000000,1537000000,,,,,-232000000,,,,,0.854,4.392,0.85,,,,,,,,0.065,,,2025-10-28,annual,3.7,USD,pre-market,None,,0.0775,0.274,0.032,226.32,8704000000,,,,173.44,202.99,10.7784,,,,,,,18479000000,,13.65,,222.81,109.82
2025-12-28,THC,14.7,20846000000.0,13.65,,1.445,45.68,,,,,,,,,,,,,,,None,11653000000,11653000000,,,,,,None,802000000,,,,,-0.211,0.36,1633000000,2435000000,3.34,2018-12-31,12.82,,8561000000.0,6660000000,629000000,173000000,,,None,1004000000,1004000000,,None,,,,,104000000,463000000,-1004000000,None,0.154,,5023000000,1637000000,,,,,-4000000,,,,,0.854,4.392,0.85,,,,,,,,0.065,,,2025-10-28,annual,3.7,USD,pre-market,None,,0.0775,0.274,0.032,226.32,8634000000,,,,173.44,202.99,10.7784,,,,,,,18313000000,,13.65,,222.81,109.82
2025-12-28,THC,14.7,20846000000.0,13.65,,1.445,45.68,,,,,,,,,,,,,,,None,12385000000,12385000000,,,,,,None,870000000,,,,,-0.211,0.36,927000000,1797000000,3.34,2017-12-31,12.82,,8561000000.0,6794000000,-101000000,219000000,,,None,1028000000,1028000000,,None,,,,,-704000000,-320000000,-1028000000,None,0.154,,5681000000,1113000000,,,,,-186000000,,,,,0.854,4.392,0.85,,,,,,,,0.065,,,2025-10-28,annual,3.7,USD,pre-market,0,,0.0775,0.274,0.032,226.32,9274000000,,,,173.44,202.99,10.7784,,,,,,,19179000000,,13.65,,222.81,109.82
2025-12-28,THC,14.7,20846000000.0,13.65,,1.445,45.68,,,,,,,,,,,,,,,None,12480000000,12480000000,,,,,,None,850000000,,,,,-0.211,0.36,1227000000,2077000000,3.34,2016-12-31,12.82,,8561000000.0,7141000000,248000000,67000000,,,None,979000000,971000000,,None,,,,,-192000000,181000000,-979000000,None,0.154,,5894000000,1247000000,,,,,8000000,,,,,0.854,4.392,0.85,,,,,,,,0.065,,,2025-10-28,annual,3.7,USD,pre-market,0,,0.0775,0.274,0.032,226.32,9356000000,,,,173.44,202.99,10.7784,,,,,,,19621000000,,13.65,,222.81,109.82
2025-12-28,THC,14.7,20846000000.0,13.65,,1.445,45.68,,,,,,,,,,,,,,,None,11953000000,11953000000,,,,,,None,797000000,,,,,-0.211,0.36,1056000000,1853000000,3.34,2015-12-31,12.82,,8561000000.0,6681000000,144000000,68000000,,,None,912000000,911000000,,None,,,,,-140000000,76000000,None,None,0.154,,5604000000,1077000000,,,,,None,,,,,0.854,4.392,0.85,,,,,,,,0.065,,,2025-10-28,annual,3.7,USD,pre-market,0,,0.0775,0.274,0.032,226.32,9011000000,,,,173.44,202.99,10.7784,,,,,,,18634000000,,13.65,,222.81,109.82
2025-12-28,THC,14.7,20846000000.0,13.65,,1.445,45.68,,,,,,,,,,,,,,,None,10653000000,10653000000,,,,,,None,849000000,,,,,-0.211,0.36,901000000,1750000000,3.34,2014-12-31,12.82,,8561000000.0,5950000000,147000000,49000000,,,None,754000000,None,,None,,,,,12000000,98000000,None,None,0.154,,5025000000,925000000,,,,,-24000000,,,,,0.854,4.392,0.85,,,,,,,,0.065,,,2025-10-28,annual,3.7,USD,pre-market,0,,0.0775,0.274,0.032,226.32,8023000000,,,,173.44,202.99,10.7784,,,,,,,16603000000,,13.65,,222.81,109.82
2025-12-28,THC,14.7,20846000000.0,13.65,,1.445,45.68,,,,,,,,,,,,,,,None,7155000000,7155000000,,,,,,None,545000000,,,,,-0.211,0.36,316000000,861000000,3.34,2013-12-31,12.82,,8561000000.0,3932000000,-158000000,-65000000,,,None,474000000,None,,None,,,,,-134000000,-93000000,None,None,0.154,,3269000000,663000000,,,,,-347000000,,,,,0.854,4.392,0.85,,,,,,,,0.065,,,2025-10-28,annual,3.7,USD,pre-market,0,,0.0775,0.274,0.032,226.32,5371000000,,,,173.44,202.99,10.7784,,,,,,,11087000000,,13.65,,222.81,109.82
2025-12-28,THC,14.7,20846000000.0,13.65,,1.445,45.68,,,,,,,,,,,,,,,None,5809000000,5809000000,,,,,,None,430000000,,,,,-0.211,0.36,746000000,1176000000,3.34,2012-12-31,12.82,,8561000000.0,3310000000,334000000,125000000,,,None,412000000,None,,None,,,,,152000000,209000000,None,None,0.154,,2565000000,749000000,,,,,-3000000,,,,,0.854,4.392,0.85,,,,,,,,0.065,,,2025-10-28,annual,3.7,USD,pre-market,0,,0.0775,0.274,0.032,226.32,4257000000,,,,173.44,202.99,10.7784,,,,,,,9119000000,,13.65,,222.81,109.82
2025-12-28,THC,14.7,20846000000.0,13.65,,1.445,45.68,,,,,,,,,,,,,,,None,1548000000,1548000000,,,,,,None,413000000,,,,,-0.211,0.36,524000000,937000000,3.34,2011-12-31,12.82,,8561000000.0,7106000000,164000000,61000000,,,None,375000000,None,,None,,,,,82000000,100000000,None,None,0.154,,6453000000,653000000,,,,,-114000000,,,,,0.854,4.392,0.85,,,,,,,,0.065,,,2025-10-28,annual,3.7,USD,pre-market,0,,0.0775,0.274,0.032,226.32,6182000000,,,,173.44,202.99,10.7784,,,,,,,8654000000,,13.65,,222.81,109.82
2025-12-28,THC,14.7,20846000000.0,13.65,,1.445,45.68,,,,,,,,,,,,,,,None,1542000000,1542000000,,,,,,None,425000000,,,,,-0.211,0.36,537000000,962000000,3.34,2010-12-31,12.82,,8561000000.0,6723000000,158000000,-977000000,,,None,424000000,None,,None,,,,,1143000000,1135000000,None,None,0.154,,6089000000,634000000,,,,,-52000000,,,,,0.854,4.392,0.85,,,,,,,,0.065,,,2025-10-28,annual,3.7,USD,pre-market,0,,0.0775,0.274,0.032,226.32,5838000000,,,,173.44,202.99,10.7784,,,,,,,8265000000,,13.65,,222.81,109.82
2025-12-28,THC,14.7,20846000000.0,13.65,,1.445,45.68,,,,,,,,,,,,,,,None,5426000000,5426000000,,,,,,None,386000000,,,,,-0.211,0.36,677000000,1063000000,3.34,2009-12-31,12.82,,8561000000.0,3588000000,205000000,-23000000,,,None,445000000,None,,None,,,,,187000000,None,None,None,0.154,,3588000000,596000000,,,,,None,,,,,0.854,4.392,0.85,,,,,,,,0.065,,,2025-10-28,annual,3.7,USD,pre-market,None,,0.0775,0.274,0.032,226.32,697000000,,,,173.44,202.99,10.7784,,,,,,,9014000000,,13.65,,222.81,109.82
2025-12-28,THC,14.7,20846000000.0,13.65,,1.445,45.68,,,,,,,,,,,,,,,None,5290000000,5290000000,,,,,,None,373000000,,,,,-0.211,0.36,470000000,843000000,3.34,2008-12-31,12.82,,8561000000.0,3295000000,54000000,-25000000,,,None,418000000,None,,None,,,,,25000000,None,None,None,0.154,,3295000000,2296000000,,,,,None,,,,,0.854,4.392,0.85,,,,,,,,0.065,,,2025-10-28,annual,3.7,USD,pre-market,None,,0.0775,0.274,0.032,226.32,632000000,,,,173.44,202.99,10.7784,,,,,,,8585000000,,13.65,,222.81,109.82
2025-12-28,THC,14.7,20846000000.0,13.65,,1.445,45.68,,,,,,,,,,,,,,,None,5018000000,5018000000,,,,,,None,362000000,,,,,-0.211,0.36,297000000,659000000,3.34,2007-12-31,12.82,,8561000000.0,3065000000,-96000000,-61000000,,,None,439000000,None,,None,,,,,-89000000,None,None,None,0.154,,3065000000,2174000000,,,,,None,,,,,0.854,4.392,0.85,,,,,,,,0.065,,,2025-10-28,annual,3.7,USD,pre-market,None,,0.0775,0.274,0.032,226.32,2614000000,,,,173.44,202.99,10.7784,,,,,,,8083000000,,13.65,,222.81,109.82
2025-12-28,THC,14.7,20846000000.0,13.65,,1.445,45.68,,,,,,,,,,,,,,,None,5307000000,5307000000,,,,,,None,342000000,,,,,-0.211,0.36,-737000000,-395000000,3.34,2006-12-31,12.82,,8561000000.0,3146000000,-1077000000,-262000000,,,None,1347000000,None,,None,,,,,-803000000,None,None,None,0.154,,3146000000,-732000000,,,,,None,,,,,0.854,4.392,0.85,,,,,,,,0.065,,,2025-10-28,annual,3.7,USD,pre-market,None,,0.0775,0.274,0.032,226.32,2544000000,,,,173.44,202.99,10.7784,,,,,,,8453000000,,13.65,,222.81,109.82
2025-12-28,THC,14.7,20846000000.0,13.65,,1.445,45.68,,,,,,,,,,,,,,,None,5323000000,5323000000,,,,,,None,382000000,,,,,-0.211,0.36,-71000000,311000000,3.34,2005-12-31,12.82,,8561000000.0,3003000000,-360000000,-88000000,,,None,932000000,None,,None,,,,,-724000000,None,None,None,0.154,,3003000000,-16000000,,,,,None,,,,,0.854,4.392,0.85,,,,,,,,0.065,,,2025-10-28,annual,3.7,USD,pre-market,None,,0.0775,0.274,0.032,226.32,2881000000,,,,173.44,202.99,10.7784,,,,,,,8326000000,,13.65,,222.81,109.82
2025-12-28,THC,14.7,20846000000.0,13.65,None,1.445,45.68,,None,2975000000,2975000000,,,,,,,,,8000000,88610000,None,5323000000,5323000000,1356000000,None,85000000,3778000000,None,None,382000000,,,,,-0.211,0.36,-71000000,311000000,3.34,2025-09-30,12.82,11158000000,8561000000.0,3003000000,-360000000,-88000000,1348000000,1348000000,None,932000000,None,346000000,None,None,13102000000,None,None,-724000000,None,None,None,0.154,,3003000000,-16000000,711000000,3091000000,None,1600000000,None,,,,,0.854,4.392,0.85,,,,,,,,0.065,,6091000000,2025-10-28,quarterly,3.7,USD,pre-market,None,4044000000,0.0775,0.274,0.032,226.32,2881000000,13187000000,85000000,None,173.44,202.99,10.7784,29418000000,7810000000,4560000000,20718000000,21608000000,16158000000,8326000000,4014000000,13.65,None,222.81,109.82
2025-12-28,THC,14.7,20846000000.0,13.65,None,1.445,45.68,,None,2625000000,2625000000,,,,,,,,,8000000,91791000,None,5323000000,5323000000,1360000000,None,84000000,3701000000,None,None,382000000,,,,,-0.211,0.36,-71000000,311000000,3.34,2025-06-30,12.82,10935000000,8561000000.0,3003000000,-360000000,-88000000,1372000000,1372000000,None,932000000,None,338000000,None,None,13091000000,None,None,-724000000,None,None,None,0.154,,3003000000,-16000000,634000000,2802000000,None,1635000000,None,,,,,0.854,4.392,0.85,,,,,,,,0.065,,6024000000,2025-10-28,quarterly,3.7,USD,pre-market,None,3702000000,0.0775,0.274,0.032,226.32,2881000000,13175000000,84000000,None,173.44,202.99,10.7784,28699000000,7298000000,4271000000,20397000000,21401000000,16126000000,8326000000,3749000000,13.65,None,222.81,109.82
2025-12-28,THC,14.7,20846000000.0,13.65,None,1.445,45.68,,None,2999000000,2999000000,,,,,,,,,8000000,95019000,None,5323000000,5323000000,1327000000,None,88000000,3152000000,None,None,382000000,,,,,-0.211,0.36,-71000000,311000000,3.34,2025-03-31,12.82,10786000000,8561000000.0,3003000000,-360000000,-88000000,1400000000,1400000000,None,932000000,None,344000000,None,None,13082000000,None,None,-724000000,None,None,None,0.154,,3003000000,-16000000,1418000000,2887000000,None,1651000000,None,,,,,0.854,4.392,0.85,,,,,,,,0.065,,5991000000,2025-10-28,quarterly,3.7,USD,pre-market,None,3414000000,0.0775,0.274,0.032,226.32,2881000000,13170000000,88000000,None,173.44,202.99,10.7784,29237000000,7913000000,4451000000,20584000000,21324000000,16133000000,8326000000,4181000000,13.65,None,222.81,109.82
2025-12-28,THC,14.7,20846000000.0,13.65,None,1.445,45.68,,None,3019000000,3019000000,,,,,,,,,8000000,95882000,None,5323000000,5323000000,1294000000,None,92000000,3054000000,None,None,382000000,,,,,-0.211,0.36,-71000000,311000000,3.34,2024-12-31,12.82,10691000000,8561000000.0,3003000000,-360000000,-88000000,1397000000,1397000000,None,932000000,None,346000000,None,None,13081000000,None,1532000000,-724000000,None,None,None,0.154,,3003000000,-16000000,1263000000,2906000000,None,1573000000,None,,,,,0.854,4.392,0.85,,,,,,,,0.065,,6049000000,2025-10-28,quarterly,3.7,USD,pre-market,None,3008000000,0.0775,0.274,0.032,226.32,2881000000,13173000000,92000000,None,173.44,202.99,10.7784,28936000000,7682000000,4310000000,20389000000,21254000000,16079000000,8326000000,4171000000,13.65,None,222.81,109.82
2025-12-28,THC,14.7,20846000000.0,13.65,None,1.445,45.68,,None,4094000000,4094000000,,,,,,,,,8000000,96652000,None,5323000000,5323000000,1265000000,None,95000000,3053000000,None,None,382000000,,,,,-0.211,0.36,-71000000,311000000,3.34,2024-09-30,12.82,10588000000,8561000000.0,3003000000,-360000000,-88000000,1373000000,1373000000,None,932000000,None,356000000,None,None,12776000000,None,None,-724000000,None,None,None,0.154,,3003000000,-16000000,1256000000,3352000000,None,1560000000,None,,,,,0.854,4.392,0.85,,,,,,,,0.065,,5552000000,2025-10-28,quarterly,3.7,USD,pre-market,None,2690000000,0.0775,0.274,0.032,226.32,2881000000,12871000000,95000000,None,173.44,202.99,10.7784,29372000000,8759000000,5538000000,21297000000,20613000000,15759000000,8326000000,3834000000,13.65,None,222.81,109.82
2025-12-28,THC,14.7,20846000000.0,13.65,None,1.445,45.68,,None,2880000000,2880000000,,,,,,,,,8000000,98444000,None,5323000000,5323000000,1270000000,None,102000000,3330000000,None,None,382000000,,,,,-0.211,0.36,-71000000,311000000,3.34,2024-06-30,12.82,10799000000,8561000000.0,3003000000,-360000000,-88000000,1413000000,1413000000,None,932000000,None,382000000,None,None,12769000000,None,None,-724000000,None,None,None,0.154,,3003000000,-16000000,1363000000,3406000000,None,1711000000,None,,,,,0.854,4.392,0.85,,,,,,,,0.065,,None,2025-10-28,quarterly,3.7,USD,pre-market,None,2218000000,0.0775,0.274,0.032,226.32,2881000000,12871000000,102000000,None,173.44,202.99,10.7784,29265000000,7955000000,5493000000,21396000000,21310000000,15903000000,8326000000,3475000000,13.65,None,222.81,109.82
2025-12-28,THC,14.7,20846000000.0,13.65,None,1.445,45.68,,None,2481000000,2481000000,,,,,,,,,8000000,100598000,None,5323000000,5323000000,1335000000,None,107000000,3611000000,None,None,382000000,,,,,-0.211,0.36,-71000000,311000000,3.34,2024-03-31,12.82,10568000000,8561000000.0,3003000000,-360000000,-88000000,1399000000,1399000000,None,932000000,None,395000000,None,None,12772000000,None,None,-724000000,None,None,None,0.154,,3003000000,-16000000,1334000000,3169000000,None,1689000000,None,,,,,0.854,4.392,0.85,,,,,,,,0.065,,None,2025-10-28,quarterly,3.7,USD,pre-market,None,1959000000,0.0775,0.274,0.032,226.32,2881000000,12879000000,107000000,None,173.44,202.99,10.7784,28907000000,7821000000,5416000000,21236000000,21086000000,15820000000,8326000000,3453000000,13.65,None,222.81,109.82
2025-12-28,THC,14.7,20846000000.0,13.65,None,1.445,45.68,,None,1228000000,1228000000,,,,,,,,,8000000,104167000,None,5323000000,5323000000,1408000000,None,120000000,3404000000,None,None,382000000,,,,,-0.211,0.36,-71000000,311000000,3.34,2023-12-31,12.82,10307000000,8561000000.0,3003000000,-360000000,-88000000,1368000000,1368000000,None,932000000,None,411000000,None,None,14882000000,None,1560000000,-724000000,None,None,None,0.154,,3003000000,-16000000,2124000000,3209000000,None,1709000000,None,,,,,0.854,4.392,0.85,,,,,,,,0.065,,None,2025-10-28,quarterly,3.7,USD,pre-market,None,-192000000,0.0775,0.274,0.032,226.32,2881000000,15002000000,120000000,None,173.44,202.99,10.7784,28312000000,7167000000,4760000000,22804000000,21145000000,18044000000,8326000000,1608000000,13.65,None,222.81,109.82
2025-12-28,THC,14.7,20846000000.0,13.65,None,1.445,45.68,,None,1054000000,1054000000,,,,,,,,,8000000,104425000,None,5323000000,5323000000,1202000000,None,141000000,3367000000,None,None,382000000,,,,,-0.211,0.36,-71000000,311000000,3.34,2023-09-30,12.82,10415000000,8561000000.0,3003000000,-360000000,-88000000,1400000000,1400000000,None,932000000,None,413000000,None,None,14901000000,None,None,-724000000,None,None,None,0.154,,3003000000,-16000000,1525000000,3003000000,None,1684000000,None,,,,,0.854,4.392,0.85,,,,,,,,0.065,,6260000000,2025-10-28,quarterly,3.7,USD,pre-market,None,-436000000,0.0775,0.274,0.032,226.32,2881000000,15042000000,141000000,None,173.44,202.99,10.7784,27590000000,6359000000,4432000000,22409000000,21231000000,17977000000,8326000000,1464000000,13.65,None,222.81,109.82
2025-12-28,THC,14.7,20846000000.0,13.65,None,1.445,45.68,,None,934000000,934000000,,,,,,,,,8000000,104778000,None,5323000000,5323000000,1246000000,None,141000000,3344000000,None,None,382000000,,,,,-0.211,0.36,-71000000,311000000,3.34,2023-06-30,12.82,10350000000,8561000000.0,3003000000,-360000000,-88000000,1406000000,1406000000,None,932000000,None,404000000,None,None,14907000000,None,3130000000,-724000000,None,None,None,0.154,,3003000000,-16000000,1313000000,2689000000,None,1732000000,None,,,,,0.854,4.392,0.85,,,,,,,,0.065,,6268000000,2025-10-28,quarterly,3.7,USD,pre-market,None,-537000000,0.0775,0.274,0.032,226.32,2881000000,15048000000,141000000,None,173.44,202.99,10.7784,27157000000,5995000000,4152000000,22156000000,21162000000,18004000000,8326000000,1343000000,13.65,None,222.81,109.82
2025-12-28,THC,14.7,20846000000.0,13.65,None,1.445,45.68,,None,766000000,766000000,,,,,,,,,8000000,106006000,None,5323000000,5323000000,1192000000,None,148000000,3352000000,None,None,382000000,,,,,-0.211,0.36,-71000000,311000000,3.34,2023-03-31,12.82,10258000000,8561000000.0,3003000000,-360000000,-88000000,1432000000,1432000000,None,932000000,None,407000000,None,None,14935000000,None,3175000000,-724000000,None,None,None,0.154,,3003000000,-16000000,1344000000,2803000000,None,1748000000,None,,,,,0.854,4.392,0.85,,,,,,,,0.065,,6319000000,2025-10-28,quarterly,3.7,USD,pre-market,None,-660000000,0.0775,0.274,0.032,226.32,2881000000,15083000000,148000000,None,173.44,202.99,10.7784,27067000000,5869000000,4219000000,22262000000,21198000000,18043000000,8326000000,1233000000,13.65,None,222.81,109.82
2025-12-28,THC,14.7,20846000000.0,13.65,None,1.445,45.68,,None,858000000,858000000,,,,,,,,,8000000,106368000,None,5323000000,5323000000,1504000000,None,145000000,3462000000,None,None,382000000,,,,,-0.211,0.36,-71000000,311000000,3.34,2022-12-31,12.82,10123000000,8561000000.0,3003000000,-360000000,-88000000,1424000000,1424000000,None,932000000,None,405000000,None,None,14934000000,None,3147000000,-724000000,None,None,None,0.154,,3003000000,-16000000,1256000000,2717000000,None,1787000000,None,,,,,0.854,4.392,0.85,,,,,,,,0.065,,6462000000,2025-10-28,quarterly,3.7,USD,pre-market,None,-803000000,0.0775,0.274,0.032,226.32,2881000000,15079000000,145000000,-1518000000,173.44,202.99,10.7784,27156000000,5981000000,4476000000,22548000000,21175000000,18072000000,8326000000,1142000000,13.65,None,222.81,109.82
2025-12-28,THC,14.7,20846000000.0,13.65,None,1.445,45.68,,None,1208000000,1208000000,,,,,,,,,8000000,109888000,None,5323000000,5323000000,1240000000,None,131000000,2980000000,None,None,382000000,,,,,-0.211,0.36,-71000000,311000000,3.34,2022-09-30,12.82,9979000000,8561000000.0,3003000000,-360000000,-88000000,1441000000,1441000000,None,932000000,None,394000000,None,None,14962000000,None,3312000000,-724000000,None,None,None,0.154,,3003000000,-16000000,1416000000,2794000000,None,1810000000,None,,,,,0.854,4.392,0.85,,,,,,,,0.065,,6291000000,2025-10-28,quarterly,3.7,USD,pre-market,None,-905000000,0.0775,0.274,0.032,226.32,2881000000,15093000000,131000000,None,173.44,202.99,10.7784,27076000000,5998000000,4276000000,22501000000,21078000000,18225000000,8326000000,1235000000,13.65,None,222.81,109.82
2025-12-28,THC,14.7,20846000000.0,13.65,None,1.445,45.68,,None,1351000000,1351000000,,,,,,,,,8000000,108750000,None,5323000000,5323000000,1083000000,None,125000000,3340000000,None,None,382000000,,,,,-0.211,0.36,-71000000,311000000,3.34,2022-06-30,12.82,9479000000,8561000000.0,3003000000,-360000000,-88000000,1462000000,1462000000,None,932000000,None,387000000,None,None,14947000000,None,3297000000,-724000000,None,None,None,0.154,,3003000000,-16000000,986000000,2686000000,None,1824000000,None,,,,,0.854,4.392,0.85,,,,,,,,0.065,,6259000000,2025-10-28,quarterly,3.7,USD,pre-market,None,-1036000000,0.0775,0.274,0.032,226.32,2881000000,15072000000,125000000,None,173.44,202.99,10.7784,26621000000,6064000000,4368000000,22510000000,20557000000,18142000000,8326000000,1087000000,13.65,None,222.81,109.82
2025-12-28,THC,14.7,20846000000.0,13.65,None,1.445,45.68,,None,1405000000,1405000000,,,,,,,,,8000000,112020000,None,5323000000,5323000000,1114000000,None,132000000,3405000000,None,None,382000000,,,,,-0.211,0.36,-71000000,311000000,3.34,2022-03-31,12.82,9352000000,8561000000.0,3003000000,-360000000,-88000000,1487000000,1487000000,None,932000000,None,391000000,None,None,14719000000,None,3385000000,-724000000,None,None,None,0.154,,3003000000,-16000000,927000000,2646000000,None,1582000000,None,,,,,0.854,4.392,0.85,,,,,,,,0.065,,6296000000,2025-10-28,quarterly,3.7,USD,pre-market,None,-1074000000,0.0775,0.274,0.032,226.32,2881000000,14851000000,132000000,None,173.44,202.99,10.7784,26650000000,6128000000,4668000000,22236000000,20522000000,17568000000,8326000000,1056000000,13.65,None,222.81,109.82
2025-12-28,THC,14.7,20846000000.0,13.65,None,1.445,45.68,,None,2364000000,2364000000,,,,,,,,,8000000,108890000,None,5323000000,5323000000,1300000000,None,135000000,3306000000,None,None,382000000,,,,,-0.211,0.36,-71000000,311000000,3.34,2021-12-31,12.82,9261000000,8561000000.0,3003000000,-360000000,-88000000,1497000000,1497000000,None,932000000,None,384000000,None,None,15511000000,None,3254000000,-724000000,None,None,None,0.154,,3003000000,-16000000,1021000000,2715000000,None,1439000000,None,,,,,0.854,4.392,0.85,,,,,,,,0.065,,6427000000,2025-10-28,quarterly,3.7,USD,pre-market,None,-1214000000,0.0775,0.274,0.032,226.32,2881000000,15646000000,135000000,-1439000000,173.44,202.99,10.7784,27579000000,7075000000,5109000000,23322000000,20504000000,18213000000,8326000000,1028000000,13.65,-2410000000,222.81,109.82
2025-12-28,THC,14.7,20846000000.0,13.65,None,1.445,45.68,,None,2292000000,2292000000,,,,,,,,,8000000,108761000,None,5323000000,5323000000,1100000000,None,125000000,3236000000,None,None,382000000,,,,,-0.211,0.36,-71000000,311000000,3.34,2021-09-30,12.82,8662000000,8561000000.0,3003000000,-360000000,-88000000,1480000000,1480000000,None,932000000,None,376000000,None,None,14009000000,None,2564000000,-724000000,None,None,None,0.154,,3003000000,-16000000,1001000000,2936000000,None,1592000000,None,,,,,0.854,4.392,0.85,,,,,,,,0.065,,6162000000,2025-10-28,quarterly,3.7,USD,pre-market,None,-1463000000,0.0775,0.274,0.032,226.32,2881000000,14134000000,125000000,2564000000,173.44,202.99,10.7784,25913000000,6905000000,5379000000,22230000000,19008000000,16851000000,8326000000,722000000,13.65,-2411000000,222.81,109.82
2025-12-28,THC,14.7,20846000000.0,13.65,None,1.445,45.68,,None,2194000000,2194000000,,,,,,,,,8000000,108569000,None,5323000000,5323000000,1084000000,None,127000000,3135000000,None,None,382000000,,,,,-0.211,0.36,-71000000,311000000,3.34,2021-06-30,12.82,8659000000,8561000000.0,3003000000,-360000000,-88000000,1522000000,1522000000,None,932000000,None,364000000,None,None,15091000000,None,2525000000,-724000000,None,None,None,0.154,,3003000000,-16000000,1724000000,2805000000,None,1579000000,None,,,,,0.854,4.392,0.85,,,,,,,,0.065,,6166000000,2025-10-28,quarterly,3.7,USD,pre-market,None,-1912000000,0.0775,0.274,0.032,226.32,2881000000,15218000000,127000000,2525000000,173.44,202.99,10.7784,26565000000,7417000000,5071000000,23362000000,19148000000,18291000000,8326000000,261000000,13.65,-2412000000,222.81,109.82
2025-12-28,THC,14.7,20846000000.0,13.65,None,1.445,45.68,,None,2141000000,2141000000,,,,,,,,,8000000,108065000,None,5323000000,5323000000,1103000000,None,137000000,3248000000,None,None,382000000,,,,,-0.211,0.36,-71000000,311000000,3.34,2021-03-31,12.82,8799000000,8561000000.0,3003000000,-360000000,-88000000,1590000000,1590000000,None,932000000,None,368000000,None,None,15098000000,None,2577000000,-724000000,None,None,None,0.154,,3003000000,-16000000,942000000,2773000000,None,1593000000,None,,,,,0.854,4.392,0.85,,,,,,,,0.065,,6592000000,2025-10-28,quarterly,3.7,USD,pre-market,None,-2031000000,0.0775,0.274,0.032,226.32,2881000000,15235000000,137000000,2577000000,173.44,202.99,10.7784,26554000000,6699000000,4930000000,23546000000,19855000000,18616000000,8326000000,123000000,13.65,-2413000000,222.81,109.82
2025-12-28,THC,14.7,20846000000.0,13.65,None,1.445,45.68,,None,2446000000,2446000000,,,,,,,,,7000000,107237000,None,5323000000,5323000000,1207000000,None,145000000,3351000000,None,None,382000000,,,,,-0.211,0.36,-71000000,311000000,3.34,2020-12-31,12.82,8808000000,8561000000.0,3003000000,-360000000,-88000000,1600000000,1600000000,None,932000000,None,368000000,None,None,15574000000,None,2534000000,-724000000,None,None,None,0.154,,3003000000,-16000000,982000000,2836000000,None,3767000000,None,,,,,0.854,4.392,0.85,,,,,,,,0.065,,6692000000,2025-10-28,quarterly,3.7,USD,pre-market,None,-2128000000,0.0775,0.274,0.032,226.32,2881000000,15719000000,145000000,-1507000000,173.44,202.99,10.7784,27106000000,7147000000,4847000000,24217000000,19959000000,19370000000,8326000000,28000000,13.65,-2414000000,222.81,109.82
2025-12-28,THC,14.7,20846000000.0,13.65,None,1.445,45.68,,None,3300000000,3300000000,,,,,,,,,7000000,105263000,None,5323000000,5323000000,1025000000,None,155000000,3016000000,None,None,382000000,,,,,-0.211,0.36,-71000000,311000000,3.34,2020-09-30,12.82,7302000000,8561000000.0,3003000000,-360000000,-88000000,1578000000,1578000000,None,932000000,None,349000000,None,None,15561000000,None,2445000000,-724000000,None,None,None,0.154,,3003000000,-16000000,1143000000,3163000000,None,2755000000,None,,,,,0.854,4.392,0.85,,,,,,,,0.065,,6618000000,2025-10-28,quarterly,3.7,USD,pre-market,None,-2542000000,0.0775,0.274,0.032,226.32,2881000000,15716000000,155000000,2445000,173.44,202.99,10.7784,26187000000,7808000000,5843000000,24186000000,18379000000,18343000000,8326000000,-374000000,13.65,-2414000000,222.81,109.82
2025-12-28,THC,14.7,20846000000.0,13.65,None,1.445,45.68,,None,3514000000,3514000000,,,,,,,,,7000000,105578000,None,5323000000,5323000000,1018000000,None,160000000,2889000000,None,None,382000000,,,,,-0.211,0.36,-71000000,311000000,3.34,2020-06-30,12.82,7301000000,8561000000.0,3003000000,-360000000,-88000000,1603000000,1603000000,None,932000000,None,337000000,None,None,15728000000,None,2464000000,-724000000,None,None,None,0.154,,3003000000,-16000000,1207000000,2911000000,None,2716000000,None,,,,,0.854,4.392,0.85,,,,,,,,0.065,,6703000000,2025-10-28,quarterly,3.7,USD,pre-market,None,-2346000000,0.0775,0.274,0.032,226.32,2881000000,15888000000,160000000,None,173.44,202.99,10.7784,26250000000,7947000000,5585000000,24056000000,18303000000,18471000000,8326000000,-257000000,13.65,-2414000000,222.81,109.82
2025-12-28,THC,14.7,20846000000.0,13.65,None,1.445,45.68,,None,613000000,613000000,,,,,,,,,7000000,105733000,None,5323000000,5323000000,1079000000,None,165000000,3159000000,None,None,382000000,,,,,-0.211,0.36,-71000000,311000000,3.34,2020-03-31,12.82,7308000000,8561000000.0,3003000000,-360000000,-88000000,1611000000,1611000000,None,932000000,None,324000000,None,None,15082000000,None,2467000000,-724000000,None,None,None,0.154,,3003000000,-16000000,1292000000,2851000000,None,2590000000,None,,,,,0.854,4.392,0.85,,,,,,,,0.065,,6786000000,2025-10-28,quarterly,3.7,USD,pre-market,None,-2434000000,0.0775,0.274,0.032,226.32,2881000000,15247000000,165000000,None,173.44,202.99,10.7784,23823000000,5388000000,4095000000,21794000000,18435000000,17699000000,8326000000,-358000000,13.65,-2414000000,222.81,109.82
2025-12-28,THC,14.7,20846000000.0,13.65,None,1.445,45.68,,None,262000000,262000000,,,,,,,,,7000000,105666000,None,5323000000,5323000000,1204000000,None,171000000,3264000000,None,None,382000000,,,,,-0.211,0.36,-71000000,311000000,3.34,2019-12-31,12.82,7252000000,8561000000.0,3003000000,-360000000,-88000000,1602000000,1602000000,None,932000000,None,310000000,None,None,14580000000,None,2369000000,-724000000,None,None,None,0.154,,3003000000,-16000000,1245000000,2769000000,None,2550000000,None,,,,,0.854,4.392,0.85,,,,,,,,0.065,,7790000000,2025-10-28,quarterly,3.7,USD,pre-market,None,-2467000000,0.0775,0.274,0.032,226.32,2881000000,14751000000,171000000,-1389000000,173.44,202.99,10.7784,23351000000,5081000000,4205000000,21362000000,18270000000,17157000000,8326000000,-371000000,13.65,-2414000000,222.81,109.82
2025-12-28,THC,14.7,20846000000.0,13.65,None,1.445,45.68,,None,314000000,314000000,,,,,,,,,7000000,103558000,None,5323000000,5323000000,1125000000,None,165000000,3300000000,None,None,382000000,,,,,-0.211,0.36,-71000000,311000000,3.34,2019-09-30,12.82,7315000000,8561000000.0,3003000000,-360000000,-88000000,1620000000,1620000000,None,932000000,None,311000000,None,None,14858000000,None,2380000000,-724000000,None,None,None,0.154,,3003000000,-16000000,864000000,2638000000,None,2571000000,None,,,,,0.854,4.392,0.85,,,,,,,,0.065,,7001000000,2025-10-28,quarterly,3.7,USD,pre-market,None,-2469000000,0.0775,0.274,0.032,226.32,2881000000,15023000000,165000000,None,173.44,202.99,10.7784,23357000000,4789000000,3928000000,21393000000,18568000000,17465000000,8326000000,-341000000,13.65,-2414000000,222.81,109.82
2025-12-28,THC,14.7,20846000000.0,13.65,None,1.445,45.68,,None,249000000,249000000,,,,,,,,,7000000,104629000,None,5323000000,5323000000,1088000000,None,664000000,3300000000,None,None,382000000,,,,,-0.211,0.36,-71000000,311000000,3.34,2019-06-30,12.82,7298000000,8561000000.0,3003000000,-360000000,-88000000,1645000000,1645000000,None,932000000,None,309000000,None,None,14312000000,None,2297000000,-724000000,None,None,None,0.154,,3003000000,-16000000,846000000,2398000000,None,2530000000,None,,,,,0.854,4.392,0.85,,,,,,,,0.065,,6995000000,2025-10-28,quarterly,3.7,USD,pre-market,None,-2237000000,0.0775,0.274,0.032,226.32,2881000000,14976000000,664000000,None,173.44,202.99,10.7784,23207000000,4704000000,4150000000,21028000000,18503000000,16878000000,8326000000,-108000000,13.65,-2414000000,222.81,109.82
2025-12-28,THC,14.7,20846000000.0,13.65,None,1.445,45.68,,None,252000000,252000000,,,,,,,,,7000000,102788000,None,5323000000,5323000000,1101000000,None,158000000,3286000000,None,None,382000000,,,,,-0.211,0.36,-71000000,311000000,3.34,2019-03-31,12.82,7283000000,8561000000.0,3003000000,-360000000,-88000000,1675000000,1675000000,None,932000000,None,308000000,None,None,14341000000,None,2331000000,-724000000,None,None,None,0.154,,3003000000,-16000000,736000000,2466000000,None,2470000000,None,,,,,0.854,4.392,0.85,,,,,,,,0.065,,6996000000,2025-10-28,quarterly,3.7,USD,pre-market,None,-2254000000,0.0775,0.274,0.032,226.32,2881000000,14972000000,158000000,None,173.44,202.99,10.7784,23158000000,4582000000,3725000000,21045000000,18576000000,17320000000,8326000000,-134000000,13.65,-2414000000,222.81,109.82
2025-12-28,THC,14.7,20846000000.0,13.65,None,1.445,45.68,,None,411000000,411000000,,,,,,,,,7000000,102788000,None,5323000000,5323000000,1093000000,None,182000000,3093000000,None,None,382000000,,,,,-0.211,0.36,-71000000,311000000,3.34,2018-12-31,12.82,7281000000,8561000000.0,3003000000,-360000000,-88000000,1731000000,1731000000,None,932000000,None,305000000,None,None,14644000000,None,1456000000,-724000000,None,None,None,0.154,,3003000000,-16000000,827000000,2582000000,None,1765000000,None,,,,,0.854,4.392,0.85,,,,,,,,0.065,,6993000000,2025-10-28,quarterly,3.7,USD,pre-market,None,-2236000000,0.0775,0.274,0.032,226.32,2881000000,14826000000,182000000,None,173.44,202.99,10.7784,22409000000,4636000000,3857000000,20302000000,17773000000,16445000000,8326000000,-119000000,13.65,-2414000000,222.81,109.82
2025-12-28,THC,14.7,20846000000.0,13.65,None,1.445,45.68,,None,500000000,500000000,,,,,,,,,7000000,102402000,None,5323000000,5323000000,1004000000,None,672000000,2881000000,None,None,382000000,,,,,-0.211,0.36,-71000000,311000000,3.34,2018-09-30,12.82,7313000000,8561000000.0,3003000000,-360000000,-88000000,1762000000,1762000000,None,932000000,None,307000000,None,None,14178000000,None,1462000000,-724000000,None,None,None,0.154,,3003000000,-16000000,804000000,2548000000,None,1725000000,None,,,,,0.854,4.392,0.85,,,,,,,,0.065,,6888000000,2025-10-28,quarterly,3.7,USD,pre-market,None,-2231000000,0.0775,0.274,0.032,226.32,2881000000,14850000000,672000000,None,173.44,202.99,10.7784,22265000000,4492000000,4224000000,20163000000,17773000000,15939000000,8326000000,-108000000,13.65,-2415000000,222.81,109.82
2025-12-28,THC,14.7,20846000000.0,13.65,None,1.445,45.68,,None,403000000,403000000,,,,,,,,,7000000,104177000,None,5323000000,5323000000,992000000,None,663000000,2885000000,None,None,382000000,,,,,-0.211,0.36,-71000000,311000000,3.34,2018-06-30,12.82,7218000000,8561000000.0,3003000000,-360000000,-88000000,1793000000,1793000000,None,932000000,None,298000000,None,None,14204000000,None,1416000000,-724000000,None,None,None,0.154,,3003000000,-16000000,1119000000,2699000000,None,1744000000,None,,,,,0.854,4.392,0.85,,,,,,,,0.065,,6863000000,2025-10-28,quarterly,3.7,USD,pre-market,None,-2222000000,0.0775,0.274,0.032,226.32,2881000000,14867000000,663000000,0,173.44,202.99,10.7784,22343000000,4705000000,4354000000,20338000000,17638000000,15984000000,8326000000,-154000000,13.65,-2418000000,222.81,109.82
2025-12-28,THC,14.7,20846000000.0,13.65,None,1.445,45.68,,None,974000000,974000000,,,,,,,,,7000000,102656000,None,5323000000,5323000000,1007000000,None,666000000,3101000000,None,None,382000000,,,,,-0.211,0.36,-71000000,311000000,3.34,2018-03-31,12.82,7036000000,8561000000.0,3003000000,-360000000,-88000000,1792000000,1792000000,None,932000000,None,294000000,None,None,14223000000,None,1433000000,-724000000,None,None,None,0.154,,3003000000,-16000000,1265000000,2888000000,None,1806000000,None,,,,,0.854,4.392,0.85,,,,,,,,0.065,,6906000000,2025-10-28,quarterly,3.7,USD,pre-market,None,-2248000000,0.0775,0.274,0.032,226.32,2881000000,14889000000,666000000,0,173.44,202.99,10.7784,23184000000,5634000000,4561000000,20626000000,17550000000,16065000000,8326000000,-65000000,13.65,-2418000000,222.81,109.82
2025-12-28,THC,14.7,20846000000.0,13.65,None,1.445,45.68,,None,611000000,611000000,,,,,,,,,7000000,102656000,None,5323000000,5323000000,1096000000,None,146000000,3025000000,None,None,382000000,,,,,-0.211,0.36,-71000000,311000000,3.34,2017-12-31,12.82,7018000000,8561000000.0,3003000000,-360000000,-88000000,1766000000,1766000000,None,932000000,None,289000000,None,None,14791000000,None,1543000000,-724000000,None,None,None,0.154,,3003000000,-16000000,1648000000,3090000000,None,1821000000,None,,,,,0.854,4.392,0.85,,,,,,,,0.065,,7030000000,2025-10-28,quarterly,3.7,USD,pre-market,None,-2390000000,0.0775,0.274,0.032,226.32,2881000000,14937000000,146000000,0,173.44,202.99,10.7784,23385000000,5573000000,4332000000,20980000000,17812000000,16648000000,8326000000,-147000000,13.65,-2419000000,222.81,109.82
2025-12-28,THC,14.7,20846000000.0,13.65,None,1.445,45.68,,None,429000000,429000000,,,,,,,,,7000000,100812000,None,5323000000,5323000000,1043000000,None,140000000,2940000000,None,None,382000000,,,,,-0.211,0.36,-71000000,311000000,3.34,2017-09-30,12.82,7022000000,8561000000.0,3003000000,-360000000,-88000000,1764000000,1764000000,None,932000000,None,297000000,None,None,14741000000,None,1253000000,-724000000,None,None,None,0.154,,3003000000,-16000000,1643000000,2956000000,None,1817000000,None,,,,,0.854,4.392,0.85,,,,,,,,0.065,,7077000000,2025-10-28,quarterly,3.7,USD,pre-market,None,-2161000000,0.0775,0.274,0.032,226.32,2881000000,14881000000,140000000,0,173.44,202.99,10.7784,23208000000,5309000000,4139000000,20697000000,17899000000,16558000000,8326000000,24000000,13.65,-2419000000,222.81,109.82
2025-12-28,THC,14.7,20846000000.0,13.65,None,1.445,45.68,,None,475000000,475000000,,,,,,,,,7000000,100612000,None,5323000000,5323000000,1029000000,None,15155000000,3084000000,None,None,382000000,,,,,-0.211,0.36,-71000000,311000000,3.34,2017-06-30,12.82,7157000000,8561000000.0,3003000000,-360000000,-88000000,1806000000,1806000000,None,932000000,None,316000000,None,None,15012000000,None,1238000000,-724000000,None,None,None,0.154,,3003000000,-16000000,1507000000,3165000000,None,1860000000,None,,,,,0.854,4.392,0.85,,,,,,,,0.065,,7738000000,2025-10-28,quarterly,3.7,USD,pre-market,None,-1794000000,0.0775,0.274,0.032,226.32,2881000000,15155000000,143000000,0,173.44,202.99,10.7784,24341000000,5382000000,4337000000,21505000000,18959000000,17168000000,8326000000,373000000,13.65,-2417000000,222.81,109.82
2025-12-28,THC,14.7,20846000000.0,13.65,None,1.445,45.68,,None,572000000,572000000,,,,,,,,,7000000,100000000,None,5323000000,5323000000,1124000000,None,147000000,3371000000,None,None,382000000,,,,,-0.211,0.36,-71000000,311000000,3.34,2017-03-31,12.82,7429000000,8561000000.0,3003000000,-360000000,-88000000,1863000000,1863000000,None,932000000,None,324000000,None,None,15071000000,None,1260000000,-724000000,None,None,None,0.154,,3003000000,-16000000,785000000,2496000000,None,1859000000,None,,,,,0.854,4.392,0.85,,,,,,,,0.065,,7976000000,2025-10-28,quarterly,3.7,USD,pre-market,None,-1739000000,0.0775,0.274,0.032,226.32,2881000000,15218000000,147000000,0,173.44,202.99,10.7784,24510000000,5052000000,3767000000,20986000000,19458000000,17219000000,8326000000,430000000,13.65,-2417000000,222.81,109.82
2025-12-28,THC,14.7,20846000000.0,13.65,None,1.445,45.68,,None,716000000,716000000,,,,,,,,,7000000,99651000,None,5323000000,5323000000,1188000000,None,191000000,3432000000,None,None,382000000,,,,,-0.211,0.36,-71000000,311000000,3.34,2016-12-31,12.82,7425000000,8561000000.0,3003000000,-360000000,-88000000,1845000000,1845000000,None,932000000,None,326000000,None,None,15064000000,None,1250000000,-724000000,None,None,None,0.154,,3003000000,-16000000,783000000,2655000000,None,1849000000,None,,,,,0.854,4.392,0.85,,,,,,,,0.065,,8053000000,2025-10-28,quarterly,3.7,USD,pre-market,None,-1742000000,0.0775,0.274,0.032,226.32,2881000000,15255000000,191000000,-266000000,173.44,202.99,10.7784,24701000000,5257000000,4034000000,21226000000,19444000000,17192000000,8326000000,417000000,13.65,-2417000000,222.81,109.82
2025-12-28,THC,14.7,20846000000.0,13.65,None,1.445,45.68,,None,649000000,649000000,,,,,,,,,7000000,99523000,None,5323000000,5323000000,1228000000,None,184000000,3345000000,None,None,382000000,,,,,-0.211,0.36,-71000000,311000000,3.34,2016-09-30,12.82,7376000000,8561000000.0,3003000000,-360000000,-88000000,1853000000,1853000000,None,932000000,None,322000000,None,None,14323000000,None,1324000000,-724000000,None,None,None,0.154,,3003000000,-16000000,800000000,3135000000,None,1812000000,None,,,,,0.854,4.392,0.85,,,,,,,,0.065,,7965000000,2025-10-28,quarterly,3.7,USD,pre-market,None,-1663000000,0.0775,0.274,0.032,226.32,2881000000,14507000000,184000000,0,173.44,202.99,10.7784,24474000000,5116000000,4547000000,21002000000,19358000000,16455000000,8326000000,528000000,13.65,-2417000000,222.81,109.82
2025-12-28,THC,14.7,20846000000.0,13.65,None,1.445,45.68,,None,656000000,656000000,,,,,,,,,7000000,99341000,None,5323000000,5323000000,1272000000,None,181000000,3225000000,None,None,382000000,,,,,-0.211,0.36,-71000000,311000000,3.34,2016-06-30,12.82,7291000000,8561000000.0,3003000000,-360000000,-88000000,1865000000,1865000000,None,932000000,None,316000000,None,None,14320000000,None,1317000000,-724000000,None,None,None,0.154,,3003000000,-16000000,796000000,2977000000,None,1789000000,None,,,,,0.854,4.392,0.85,,,,,,,,0.065,,7977000000,2025-10-28,quarterly,3.7,USD,pre-market,None,-1655000000,0.0775,0.274,0.032,226.32,2881000000,14501000000,181000000,0,173.44,202.99,10.7784,24240000000,4993000000,4430000000,20813000000,19247000000,16383000000,8326000000,523000000,13.65,-2417000000,222.81,109.82
2025-12-28,THC,14.7,20846000000.0,13.65,None,1.445,45.68,,None,728000000,728000000,,,,,,,,,7000000,98768000,None,5323000000,5323000000,1228000000,None,172000000,2804000000,None,None,382000000,,,,,-0.211,0.36,-71000000,311000000,3.34,2016-03-31,12.82,7122000000,8561000000.0,3003000000,-360000000,-88000000,1686000000,1686000000,None,932000000,None,312000000,None,None,14350000000,None,1142000000,-724000000,None,None,None,0.154,,3003000000,-16000000,1285000000,2868000000,None,1841000000,None,,,,,0.854,4.392,0.85,,,,,,,,0.065,,7961000000,2025-10-28,quarterly,3.7,USD,pre-market,None,-1609000000,0.0775,0.274,0.032,226.32,2881000000,14522000000,172000000,0,173.44,202.99,10.7784,23766000000,5129000000,4268000000,20459000000,18637000000,16191000000,8326000000,625000000,13.65,-2417000000,222.81,109.82
2025-12-28,THC,14.7,20846000000.0,13.65,None,1.445,45.68,,None,356000000,356000000,,,,,,,,,7000000,99188000,None,5323000000,5323000000,1380000000,None,127000000,3088000000,None,None,382000000,,,,,-0.211,0.36,-71000000,311000000,3.34,2015-12-31,12.82,6970000000,8561000000.0,3003000000,-360000000,-88000000,1675000000,1675000000,None,932000000,None,309000000,None,None,14383000000,None,1175000000,-724000000,None,None,None,0.154,,3003000000,-16000000,1418000000,2801000000,None,1767000000,None,,,,,0.854,4.392,0.85,,,,,,,,0.065,,7915000000,2025-10-28,quarterly,3.7,USD,pre-market,None,-1550000000,0.0775,0.274,0.032,226.32,2881000000,14510000000,127000000,-299000000,173.44,202.99,10.7784,23682000000,5171000000,4308000000,20458000000,18511000000,16150000000,8326000000,691000000,13.65,-2417000000,222.81,109.82
2025-12-28,THC,14.7,20846000000.0,13.65,None,1.445,45.68,,None,450000000,450000000,,,,,,,,,7000000,99537000,None,5323000000,5323000000,1206000000,None,None,2522000000,None,None,382000000,,,,,-0.211,0.36,-71000000,311000000,3.34,2015-09-30,12.82,6606000000,8561000000.0,3003000000,-360000000,-88000000,1830000000,1830000000,None,932000000,None,275000000,None,None,14642000000,None,1029000000,-724000000,None,None,None,0.154,,3003000000,-16000000,3049000000,2775000000,None,1738000000,None,,,,,0.854,4.392,0.85,,,,,,,,0.065,,7330000000,2025-10-28,quarterly,3.7,USD,pre-market,None,-1453000000,0.0775,0.274,0.032,226.32,2881000000,14754000000,112000000,0,173.44,202.99,10.7784,23173000000,6296000000,4093000000,20473000000,16877000000,16380000000,8326000000,802000000,13.65,-2377000000,222.81,109.82
2025-12-28,THC,14.7,20846000000.0,13.65,None,1.445,45.68,,None,299000000,299000000,,,,,,,,,7000000,99244000,None,5323000000,5323000000,1149000000,None,None,2502000000,None,None,382000000,,,,,-0.211,0.36,-71000000,311000000,3.34,2015-06-30,12.82,6602000000,8561000000.0,3003000000,-360000000,-88000000,1894000000,1894000000,None,932000000,None,261000000,None,None,14637000000,None,1017000000,-724000000,None,None,None,0.154,,3003000000,-16000000,2947000000,2508000000,None,1726000000,None,,,,,0.854,4.392,0.85,,,,,,,,0.065,,7135000000,2025-10-28,quarterly,3.7,USD,pre-market,None,-1424000000,0.0775,0.274,0.032,226.32,2881000000,14754000000,117000000,0,173.44,202.99,10.7784,22746000000,6009000000,3774000000,20137000000,16737000000,16363000000,8326000000,803000000,13.65,-2377000000,222.81,109.82
2025-12-28,THC,14.7,20846000000.0,13.65,None,1.445,45.68,,None,185000000,185000000,,,,,,,,,7000000,100872000,None,5323000000,5323000000,1098000000,None,None,2465000000,None,None,382000000,,,,,-0.211,0.36,-71000000,311000000,3.34,2015-03-31,12.82,3874000000,8561000000.0,3003000000,-360000000,-88000000,1478000000,1478000000,None,932000000,None,268000000,None,None,11824000000,None,355000000,-724000000,None,None,None,0.154,,3003000000,-16000000,2206000000,2126000000,None,1687000000,None,,,,,0.854,4.392,0.85,,,,,,,,0.065,,7528000000,2025-10-28,quarterly,3.7,USD,pre-market,None,-1363000000,0.0775,0.274,0.032,226.32,2881000000,12334000000,510000000,0,173.44,202.99,10.7784,18425000000,5124000000,3734000000,17245000000,13301000000,13511000000,8326000000,839000000,13.65,-2377000000,222.81,109.82
2025-12-28,THC,14.7,20846000000.0,13.65,None,1.445,45.68,,None,193000000,193000000,,,,,,,,,7000000,101279000,None,5323000000,5323000000,1179000000,None,112000000,2401000000,None,None,382000000,,,,,-0.211,0.36,-71000000,311000000,3.34,2014-12-31,12.82,3913000000,8561000000.0,3003000000,-360000000,-88000000,1278000000,1278000000,None,932000000,None,276000000,None,None,11695000000,None,384000000,-724000000,None,None,None,0.154,,3003000000,-16000000,1100000000,2286000000,None,1683000000,None,,,,,0.854,4.392,0.85,,,,,,,,0.065,,7733000000,2025-10-28,quarterly,3.7,USD,pre-market,None,-1410000000,0.0775,0.274,0.032,226.32,2881000000,11617000000,112000000,-251000000,173.44,202.99,10.7784,18141000000,4717000000,3577000000,16955000000,13424000000,13378000000,8326000000,651000000,13.65,-2378000000,222.81,109.82
2025-12-28,THC,14.7,20846000000.0,13.65,None,1.445,45.68,,None,200000000,200000000,,,,,,,,,7000000,100926000,None,5323000000,5323000000,1068000000,None,None,2236000000,None,None,382000000,,,,,-0.211,0.36,-71000000,311000000,3.34,2014-09-30,12.82,3705000000,8561000000.0,3003000000,-360000000,-88000000,1191000000,1191000000,None,932000000,None,270000000,None,None,11455000000,None,366000000,-724000000,None,None,None,0.154,,3003000000,-16000000,1495000000,1979000000,None,1450000000,None,,,,,0.854,4.392,0.85,,,,,,,,0.065,,7749000000,2025-10-28,quarterly,3.7,USD,pre-market,None,-1471000000,0.0775,0.274,0.032,226.32,2881000000,11553000000,98000000,0,173.44,202.99,10.7784,17312000000,4201000000,3145000000,16050000000,13111000000,12905000000,8326000000,735000000,13.65,-2378000000,222.81,109.82
2025-12-28,THC,14.7,20846000000.0,13.65,None,1.445,45.68,,None,406000000,406000000,,,,,,,,,7000000,97677000,None,5323000000,5323000000,1015000000,None,None,2168000000,None,None,382000000,,,,,-0.211,0.36,-71000000,311000000,3.34,2014-06-30,12.82,3200000000,8561000000.0,3003000000,-360000000,-88000000,1241000000,1241000000,None,932000000,None,264000000,None,None,10942000000,None,362000000,-724000000,None,None,None,0.154,,3003000000,-16000000,1370000000,1747000000,None,1431000000,None,,,,,0.854,4.392,0.85,,,,,,,,0.065,,7771000000,2025-10-28,quarterly,3.7,USD,pre-market,None,-1480000000,0.0775,0.274,0.032,226.32,2881000000,11564000000,622000000,0,173.44,202.99,10.7784,16907000000,4208000000,3384000000,15757000000,12699000000,12373000000,8326000000,723000000,13.65,-2378000000,222.81,109.82
2025-12-28,THC,14.7,20846000000.0,13.65,None,1.445,45.68,,None,141000000,141000000,,,,,,,,,7000000,97161000,None,5323000000,5323000000,1019000000,None,None,2138000000,None,None,382000000,,,,,-0.211,0.36,-71000000,311000000,3.34,2014-03-31,12.82,3070000000,8561000000.0,3003000000,-360000000,-88000000,1229000000,1229000000,None,932000000,None,261000000,None,None,10612000000,None,355000000,-724000000,None,None,None,0.154,,3003000000,-16000000,1438000000,1695000000,None,1415000000,None,,,,,0.854,4.392,0.85,,,,,,,,0.065,,7723000000,2025-10-28,quarterly,3.7,USD,pre-market,None,-1454000000,0.0775,0.274,0.032,226.32,2881000000,11234000000,622000000,0,173.44,202.99,10.7784,16484000000,3978000000,3336000000,15363000000,12506000000,12027000000,8326000000,728000000,13.65,-2378000000,222.81,109.82
2025-12-28,THC,14.7,20846000000.0,13.65,None,1.445,45.68,,None,113000000,113000000,,,,,,,,,7000000,97161000,None,5323000000,5323000000,1085000000,None,None,1887000000,None,None,382000000,,,,,-0.211,0.36,-71000000,311000000,3.34,2013-12-31,12.82,3042000000,8561000000.0,3003000000,-360000000,-88000000,1192000000,1192000000,None,932000000,None,262000000,None,None,10690000000,None,405000000,-724000000,None,None,None,0.154,,3003000000,-16000000,1432000000,1855000000,None,1387000000,None,,,,,0.854,4.392,0.85,,,,,,,,0.065,,7691000000,2025-10-28,quarterly,3.7,USD,pre-market,None,-1422000000,0.0775,0.274,0.032,226.32,2881000000,10849000000,153000000,0,173.44,202.99,10.7784,16130000000,3710000000,2928000000,15005000000,12420000000,12077000000,8326000000,755000000,13.65,-2378000000,222.81,109.82
2025-12-28,THC,14.7,20846000000.0,13.65,None,1.445,45.68,,None,82000000,82000000,,,,,,,,,7000000,103098000,None,5323000000,5323000000,618000000,None,None,1376000000,None,None,382000000,,,,,-0.211,0.36,-71000000,311000000,3.34,2013-09-30,12.82,1120000000,8561000000.0,3003000000,-360000000,-88000000,723000000,723000000,None,932000000,None,154000000,None,None,5690000000,None,184000000,-724000000,None,None,None,0.154,,3003000000,-16000000,948000000,1018000000,None,875000000,None,,,,,0.854,4.392,0.85,,,,,,,,0.065,,4354000000,2025-10-28,quarterly,3.7,USD,pre-market,None,-1398000000,0.0775,0.274,0.032,226.32,2881000000,5823000000,133000000,0,173.44,202.99,10.7784,9337000000,2560000000,1769000000,8334000000,6777000000,6565000000,8326000000,825000000,13.65,-2278000000,222.81,109.82
2025-12-28,THC,14.7,20846000000.0,13.65,None,1.445,45.68,,None,90000000,90000000,,,,,,,,,7000000,103010000,None,5323000000,5323000000,587000000,None,None,1381000000,None,None,382000000,,,,,-0.211,0.36,-71000000,311000000,3.34,2013-06-30,12.82,970000000,8561000000.0,3003000000,-360000000,-88000000,700000000,700000000,None,932000000,None,153000000,None,None,5564000000,None,166000000,-724000000,None,None,None,0.154,,3003000000,-16000000,963000000,1000000000,None,873000000,None,,,,,0.854,4.392,0.85,,,,,,,,0.065,,4326000000,2025-10-28,quarterly,3.7,USD,pre-market,None,-1426000000,0.0775,0.274,0.032,226.32,2881000000,5635000000,71000000,0,173.44,202.99,10.7784,9156000000,2574000000,1658000000,8095000000,6582000000,6437000000,8326000000,895000000,13.65,-2170000000,222.81,109.82
2025-12-28,THC,14.7,20846000000.0,13.65,None,1.445,45.68,,None,95000000,95000000,,,,,,,,,7000000,104103000,None,5323000000,5323000000,625000000,None,None,1387000000,None,None,382000000,,,,,-0.211,0.36,-71000000,311000000,3.34,2013-03-31,12.82,948000000,8561000000.0,3003000000,-360000000,-88000000,670000000,670000000,None,932000000,None,152000000,None,None,5375000000,None,163000000,-724000000,None,None,None,0.154,,3003000000,-16000000,817000000,872000000,None,909000000,None,,,,,0.854,4.392,0.85,,,,,,,,0.065,,4296000000,2025-10-28,quarterly,3.7,USD,pre-market,None,-1376000000,0.0775,0.274,0.032,226.32,2881000000,5427000000,52000000,0,173.44,202.99,10.7784,8915000000,2443000000,1549000000,7833000000,6472000000,6284000000,8326000000,969000000,13.65,-2078000000,222.81,109.82
2025-12-28,THC,14.7,20846000000.0,13.65,None,1.445,45.68,,None,364000000,364000000,,,,,,,,,7000000,104103000,None,5323000000,5323000000,722000000,None,None,1336000000,None,None,382000000,,,,,-0.211,0.36,-71000000,311000000,3.34,2012-12-31,12.82,916000000,8561000000.0,3003000000,-360000000,-88000000,650000000,650000000,None,932000000,None,153000000,None,None,5158000000,None,162000000,-724000000,None,None,None,0.154,,3003000000,-16000000,828000000,947000000,None,889000000,None,,,,,0.854,4.392,0.85,,,,,,,,0.065,,4293000000,2025-10-28,quarterly,3.7,USD,pre-market,None,-1288000000,0.0775,0.274,0.032,226.32,2881000000,5252000000,94000000,0,173.44,202.99,10.7784,9044000000,2681000000,1763000000,7810000000,6363000000,6047000000,8326000000,1143000000,13.65,-1979000000,222.81,109.82
2025-12-28,THC,14.7,20846000000.0,13.65,None,1.445,45.68,,None,83000000,83000000,,,,,,,,,7000000,107311000,None,5323000000,5323000000,629000000,None,None,1338000000,None,None,382000000,,,,,-0.211,0.36,-71000000,311000000,3.34,2012-09-30,12.82,771000000,8561000000.0,3003000000,-360000000,-88000000,578000000,578000000,None,932000000,None,154000000,None,None,4508000000,None,126000000,-724000000,None,None,None,0.154,,3003000000,-16000000,909000000,957000000,None,848000000,None,,,,,0.854,4.392,0.85,,,,,,,,0.065,,4173000000,2025-10-28,quarterly,3.7,USD,pre-market,None,-1337000000,0.0775,0.274,0.032,226.32,2881000000,4751000000,243000000,0,173.44,202.99,10.7784,8470000000,2484000000,1829000000,7185000000,5986000000,5356000000,8326000000,1224000000,13.65,-1879000000,222.81,109.82
2025-12-28,THC,14.7,20846000000.0,13.65,None,1.445,45.68,,None,82000000,82000000,,,,,,,,,27000000,106927000,None,5323000000,5323000000,644000000,None,None,1369000000,None,None,382000000,,,,,-0.211,0.36,-71000000,311000000,3.34,2012-06-30,12.82,749000000,8561000000.0,3003000000,-360000000,-88000000,526000000,526000000,None,932000000,None,154000000,None,None,4511000000,None,120000000,-724000000,None,None,None,0.154,,3003000000,-16000000,959000000,991000000,None,857000000,None,,,,,0.854,4.392,0.85,,,,,,,,0.065,,4181000000,2025-10-28,quarterly,3.7,USD,pre-market,None,-1378000000,0.0775,0.274,0.032,226.32,2881000000,4748000000,237000000,0,173.44,202.99,10.7784,8485000000,2564000000,1872000000,7240000000,5921000000,5368000000,8326000000,1176000000,13.65,-1879000000,222.81,109.82
2025-12-28,THC,14.7,20846000000.0,13.65,None,1.445,45.68,,None,104000000,104000000,,,,,,,,,27000000,121218000,None,5323000000,5323000000,640000000,None,None,1422000000,None,None,382000000,,,,,-0.211,0.36,-71000000,311000000,3.34,2012-03-31,12.82,738000000,8561000000.0,3003000000,-360000000,-88000000,506000000,506000000,None,932000000,None,157000000,None,None,4295000000,None,153000000,-724000000,None,None,None,0.154,,3003000000,-16000000,799000000,912000000,None,863000000,None,,,,,0.854,4.392,0.85,,,,,,,,0.065,,4324000000,2025-10-28,quarterly,3.7,USD,pre-market,None,-1376000000,0.0775,0.274,0.032,226.32,2881000000,4583000000,288000000,0,173.44,202.99,10.7784,8545000000,2482000000,1840000000,6998000000,6063000000,5158000000,8326000000,1460000000,13.65,-1879000000,222.81,109.82
2025-12-28,THC,14.7,20846000000.0,13.65,None,1.445,45.68,,None,113000000,113000000,,,,,,,,,27000000,121218250,None,5323000000,5323000000,760000000,None,None,1285000000,None,None,382000000,,,,,-0.211,0.36,-71000000,311000000,3.34,2011-12-31,12.82,736000000,8561000000.0,3003000000,-360000000,-88000000,489000000,489000000,None,932000000,None,161000000,None,None,4294000000,None,156000000,-724000000,None,None,None,0.154,,3003000000,-16000000,798000000,989000000,None,845000000,None,,,,,0.854,4.392,0.85,,,,,,,,0.065,,4350000000,2025-10-28,quarterly,3.7,USD,pre-market,None,-1440000000,0.0775,0.274,0.032,226.32,2881000000,4360000000,66000000,0,173.44,202.99,10.7784,8462000000,2357000000,1815000000,6954000000,6105000000,5139000000,8326000000,1423000000,13.65,-1853000000,222.81,109.82
2025-12-28,THC,14.7,20846000000.0,13.65,None,1.445,45.68,,None,185000000,185000000,,,,,,,,,27000000,120908000,None,5323000000,5323000000,629000000,None,None,1228000000,None,None,382000000,,,,,-0.211,0.36,-71000000,311000000,3.34,2011-09-30,12.82,724000000,8561000000.0,3003000000,-360000000,-88000000,500000000,500000000,None,932000000,None,157000000,None,None,3966000000,None,159000000,-724000000,None,None,None,0.154,,3003000000,-16000000,606000000,921000000,None,871000000,None,,,,,0.854,4.392,0.85,,,,,,,,0.065,,4201000000,2025-10-28,quarterly,3.7,USD,pre-market,None,-1370000000,0.0775,0.274,0.032,226.32,2881000000,4095000000,129000000,0,173.44,202.99,10.7784,8293000000,2176000000,1679000000,6516000000,6117000000,4837000000,8326000000,1698000000,13.65,-1675000000,222.81,109.82
2025-12-28,THC,14.7,20846000000.0,13.65,None,1.445,45.68,,None,264000000,264000000,,,,,,,,,27000000,125937000,None,5323000000,5323000000,614000000,None,None,1259000000,None,None,382000000,,,,,-0.211,0.36,-71000000,311000000,3.34,2011-06-30,12.82,715000000,8561000000.0,3003000000,-360000000,-88000000,454000000,454000000,None,932000000,None,156000000,None,None,3989000000,None,171000000,-724000000,None,None,None,0.154,,3003000000,-16000000,635000000,920000000,None,894000000,None,,,,,0.854,4.392,0.85,,,,,,,,0.065,,4238000000,2025-10-28,quarterly,3.7,USD,pre-market,None,-1382000000,0.0775,0.274,0.032,226.32,2881000000,4117000000,128000000,0,173.44,202.99,10.7784,8435000000,2314000000,1662000000,6545000000,6121000000,4883000000,8326000000,1810000000,13.65,-1551000000,222.81,109.82
2025-12-28,THC,14.7,20846000000.0,13.65,None,1.445,45.68,,None,267000000,267000000,,,,,,,,,27000000,141295250,None,5323000000,5323000000,638000000,None,None,1259000000,None,None,382000000,,,,,-0.211,0.36,-71000000,311000000,3.34,2011-03-31,12.82,677000000,8561000000.0,3003000000,-360000000,-88000000,441000000,441000000,None,932000000,None,156000000,None,None,4014000000,None,162000000,-724000000,None,None,None,0.154,,3003000000,-16000000,708000000,951000000,None,945000000,None,,,,,0.854,4.392,0.85,,,,,,,,0.065,,4262000000,2025-10-28,quarterly,3.7,USD,pre-market,None,-1443000000,0.0775,0.274,0.032,226.32,2881000000,4082000000,68000000,3000000,173.44,202.99,10.7784,8524000000,2393000000,1657000000,6616000000,6131000000,4959000000,8326000000,1844000000,13.65,-1479000000,222.81,109.82
2025-12-28,THC,14.7,20846000000.0,13.65,None,1.445,45.68,,None,405000000,405000000,,,,,,,,,27000000,141295250,None,5323000000,5323000000,720000000,None,None,1286000000,None,None,382000000,,,,,-0.211,0.36,-71000000,311000000,3.34,2010-12-31,12.82,652000000,8561000000.0,3003000000,-360000000,-88000000,442000000,442000000,None,932000000,None,156000000,None,None,3997000000,None,164000000,-724000000,None,None,None,0.154,,3003000000,-16000000,464000000,938000000,None,959000000,None,,,,,0.854,4.392,0.85,,,,,,,,0.065,,4304000000,2025-10-28,quarterly,3.7,USD,pre-market,None,-1522000000,0.0775,0.274,0.032,226.32,2881000000,4064000000,67000000,1000000,173.44,202.99,10.7784,8500000000,2311000000,1725000000,6681000000,6189000000,4956000000,8326000000,1766000000,13.65,-1479000000,222.81,109.82
2025-12-28,THC,14.7,20846000000.0,13.65,None,1.445,45.68,,None,398000000,398000000,,,,,,,,,27000000,139962500,None,5323000000,5323000000,601000000,None,None,1150000000,None,None,382000000,,,,,-0.211,0.36,-71000000,311000000,3.34,2010-09-30,12.82,637000000,8561000000.0,3003000000,-360000000,-88000000,403000000,403000000,None,932000000,None,152000000,None,None,4057000000,None,176000000,-724000000,None,None,None,0.154,,3003000000,-16000000,742000000,1093000000,None,1018000000,None,,,,,0.854,4.392,0.85,,,,,,,,0.065,,4239000000,2025-10-28,quarterly,3.7,USD,pre-market,None,-1602000000,0.0775,0.274,0.032,226.32,2881000000,4059000000,2000000,2000000,173.44,202.99,10.7784,8535000000,2444000000,1696000000,6771000000,6091000000,5075000000,8326000000,1711000000,13.65,-1479000000,222.81,109.82
2025-12-28,THC,14.7,20846000000.0,13.65,None,1.445,45.68,,None,711000000,711000000,,,,,,,,,27000000,125637250,None,5323000000,5323000000,615000000,None,None,1173000000,None,None,382000000,,,,,-0.211,0.36,-71000000,311000000,3.34,2010-06-30,12.82,609000000,8561000000.0,3003000000,-360000000,-88000000,399000000,399000000,None,932000000,None,152000000,None,None,4272000000,None,None,-724000000,None,None,None,0.154,,3003000000,-16000000,397000000,941000000,None,None,None,,,,,0.854,4.392,0.85,,,,,,,,0.065,,4211000000,2025-10-28,quarterly,3.7,USD,pre-market,None,-2540000000,0.0775,0.274,0.032,226.32,2881000000,4274000000,2000000,2000000,173.44,202.99,10.7784,7834000000,2435000000,1558000000,7008000000,5399000000,5450000000,8326000000,772000000,13.65,-1479000000,222.81,109.82
2025-12-28,THC,14.7,20846000000.0,13.65,None,1.445,45.68,,None,589000000,589000000,,,,,,,,,27000000,139807000,None,5323000000,5323000000,615000000,None,None,1234000000,None,None,382000000,,,,,-0.211,0.36,-71000000,311000000,3.34,2010-03-31,12.82,607000000,8561000000.0,3003000000,-360000000,-88000000,388000000,388000000,None,932000000,None,151000000,None,None,4271000000,None,None,-724000000,None,None,None,0.154,,3003000000,-16000000,408000000,962000000,None,None,None,,,,,0.854,4.392,0.85,,,,,,,,0.065,,4249000000,2025-10-28,quarterly,3.7,USD,pre-market,None,-2571000000,0.0775,0.274,0.032,226.32,2881000000,4273000000,2000000,4000000,173.44,202.99,10.7784,7815000000,2386000000,1579000000,7024000000,5429000000,5445000000,8326000000,739000000,13.65,-1479000000,222.81,109.82
2025-12-28,THC,14.7,20846000000.0,13.65,None,1.445,45.68,,None,690000000,690000000,,,,,,,,,27000000,139807000,None,5323000000,5323000000,739000000,None,None,1197000000,None,None,382000000,,,,,-0.211,0.36,-71000000,311000000,3.34,2009-12-31,12.82,607000000,8561000000.0,3003000000,-360000000,-88000000,379000000,379000000,None,932000000,None,153000000,None,None,4272000000,None,None,-724000000,None,None,None,0.154,,3003000000,-16000000,419000000,1042000000,None,None,None,,,,,0.854,4.392,0.85,,,,,,,,0.065,,4313000000,2025-10-28,quarterly,3.7,USD,pre-market,None,-2665000000,0.0775,0.274,0.032,226.32,2881000000,4274000000,2000000,13000000,173.44,202.99,10.7784,7953000000,2472000000,1783000000,7256000000,5481000000,5473000000,8326000000,646000000,13.65,-1479000000,222.81,109.82
2025-12-28,THC,14.7,20846000000.0,13.65,None,1.445,45.68,,None,731000000,731000000,,,,,,,,,26000000,124521000,None,5323000000,5323000000,638000000,None,None,1195000000,None,None,382000000,,,,,-0.211,0.36,-71000000,311000000,3.34,2009-09-30,12.82,607000000,8561000000.0,3003000000,-360000000,-88000000,377000000,377000000,None,932000000,None,153000000,None,None,4267000000,None,None,-724000000,None,None,None,0.154,,3003000000,-16000000,441000000,1132000000,None,None,None,,,,,0.854,4.392,0.85,,,,,,,,0.065,,4172000000,2025-10-28,quarterly,3.7,USD,pre-market,None,-2692000000,0.0775,0.274,0.032,226.32,2881000000,4269000000,2000000,19000000,173.44,202.99,10.7784,7876000000,2539000000,1772000000,7203000000,5337000000,5431000000,8326000000,626000000,13.65,-1479000000,222.81,109.82
2025-12-28,THC,14.7,20846000000.0,13.65,None,1.445,45.68,,None,758000000,758000000,,,,,,,,,26000000,122061000,None,5323000000,5323000000,618000000,None,None,1225000000,None,None,382000000,,,,,-0.211,0.36,-71000000,311000000,3.34,2009-06-30,12.82,607000000,8561000000.0,3003000000,-360000000,-88000000,379000000,379000000,None,932000000,None,154000000,None,None,4624000000,None,None,-724000000,None,None,None,0.154,,3003000000,-16000000,416000000,1085000000,None,None,None,,,,,0.854,4.392,0.85,,,,,,,,0.065,,4182000000,2025-10-28,quarterly,3.7,USD,pre-market,None,-2689000000,0.0775,0.274,0.032,226.32,2881000000,4626000000,2000000,9000000,173.44,202.99,10.7784,7928000000,2562000000,1705000000,7595000000,5366000000,5890000000,8326000000,286000000,13.65,-1477000000,222.81,109.82
2025-12-28,THC,14.7,20846000000.0,13.65,None,1.445,45.68,,None,652000000,652000000,,,,,,,,,26000000,119878000,None,5323000000,5323000000,650000000,None,None,1390000000,None,None,382000000,,,,,-0.211,0.36,-71000000,311000000,3.34,2009-03-31,12.82,609000000,8561000000.0,3003000000,-360000000,-88000000,361000000,361000000,None,932000000,None,158000000,None,None,4639000000,None,None,-724000000,None,None,None,0.154,,3003000000,-16000000,424000000,1183000000,None,None,None,,,,,0.854,4.392,0.85,,,,,,,,0.065,,4236000000,2025-10-28,quarterly,3.7,USD,pre-market,None,-2674000000,0.0775,0.274,0.032,226.32,2881000000,4641000000,2000000,7000000,173.44,202.99,10.7784,8092000000,2631000000,1835000000,7754000000,5461000000,5919000000,8326000000,291000000,13.65,-1477000000,222.81,109.82
2025-12-28,THC,14.7,20846000000.0,13.65,None,1.445,45.68,,None,507000000,507000000,,,,,,,,,26000000,119878000,None,5323000000,5323000000,686000000,None,None,1460000000,None,None,382000000,,,,,-0.211,0.36,-71000000,311000000,3.34,2008-12-31,12.82,609000000,8561000000.0,3003000000,-360000000,-88000000,323000000,323000000,None,932000000,None,161000000,None,None,4778000000,None,None,-724000000,None,None,None,0.154,,3003000000,-16000000,565000000,1261000000,None,None,None,,,,,0.854,4.392,0.85,,,,,,,,0.065,,4291000000,2025-10-28,quarterly,3.7,USD,pre-market,None,-2852000000,0.0775,0.274,0.032,226.32,2881000000,4780000000,2000000,16000000,173.44,202.99,10.7784,8174000000,2709000000,1949000000,8071000000,5465000000,6122000000,8326000000,103000000,13.65,-1479000000,222.81,109.82
2025-12-28,THC,14.7,20846000000.0,13.65,None,1.445,45.68,,None,512000000,512000000,,,,,,,,,26000000,120197250,None,5323000000,5323000000,632000000,None,None,1376000000,None,None,382000000,,,,,-0.211,0.36,-71000000,311000000,3.34,2008-09-30,12.82,609000000,8561000000.0,3003000000,-360000000,-88000000,328000000,328000000,None,932000000,None,165000000,None,None,4777000000,None,None,-724000000,None,None,None,0.154,,3003000000,-16000000,735000000,1341000000,None,None,None,,,,,0.854,4.392,0.85,,,,,,,,0.065,,4239000000,2025-10-28,quarterly,3.7,USD,pre-market,None,-2819000000,0.0775,0.274,0.032,226.32,2881000000,4779000000,2000000,48000000,173.44,202.99,10.7784,8294000000,2836000000,1975000000,8158000000,5458000000,6183000000,8326000000,136000000,13.65,-1479000000,222.81,109.82
2025-12-28,THC,14.7,20846000000.0,13.65,None,1.445,45.68,,None,352000000,352000000,,,,,,,,,26000000,119077000,None,5323000000,5323000000,643000000,None,None,1479000000,None,None,382000000,,,,,-0.211,0.36,-71000000,311000000,3.34,2008-06-30,12.82,610000000,8561000000.0,3003000000,-360000000,-88000000,310000000,310000000,None,932000000,None,170000000,None,None,4775000000,None,None,-724000000,None,None,None,0.154,,3003000000,-16000000,769000000,1328000000,None,None,None,,,,,0.854,4.392,0.85,,,,,,,,0.065,,4274000000,2025-10-28,quarterly,3.7,USD,pre-market,None,-2923000000,0.0775,0.274,0.032,226.32,2881000000,4777000000,2000000,8000000,173.44,202.99,10.7784,8243000000,2778000000,1973000000,8214000000,5465000000,6241000000,8326000000,29000000,13.65,-1479000000,222.81,109.82
2025-12-28,THC,14.7,20846000000.0,13.65,None,1.445,45.68,,None,278000000,278000000,,,,,,,,,27000000,118766500,None,5323000000,5323000000,633000000,None,None,1475000000,None,None,382000000,,,,,-0.211,0.36,-71000000,311000000,3.34,2008-03-31,12.82,607000000,8561000000.0,3003000000,-360000000,-88000000,306000000,306000000,None,932000000,None,182000000,None,None,4773000000,None,None,-724000000,None,None,None,0.154,,3003000000,-16000000,368000000,1238000000,None,None,None,,,,,0.854,4.392,0.85,,,,,,,,0.065,,4622000000,2025-10-28,quarterly,3.7,USD,pre-market,None,-2908000000,0.0775,0.274,0.032,226.32,2881000000,4775000000,2000000,14000000,173.44,202.99,10.7784,8174000000,2317000000,1873000000,8142000000,5857000000,6269000000,8326000000,32000000,13.65,-1479000000,222.81,109.82
2025-12-28,THC,14.7,20846000000.0,13.65,None,1.445,45.68,,None,572000000,572000000,,,,,,,,,26000000,118766500,None,5323000000,5323000000,780000000,None,None,1556000000,None,None,382000000,,,,,-0.211,0.36,-71000000,311000000,3.34,2007-12-31,12.82,607000000,8561000000.0,3003000000,-360000000,-88000000,293000000,293000000,None,932000000,None,183000000,None,None,4771000000,None,None,-724000000,None,None,None,0.154,,3003000000,-16000000,229000000,1267000000,None,None,None,,,,,0.854,4.392,0.85,,,,,,,,0.065,,4645000000,2025-10-28,quarterly,3.7,USD,pre-market,None,-2877000000,0.0775,0.274,0.032,226.32,2881000000,4772000000,1000000,20000000,173.44,202.99,10.7784,8393000000,2560000000,2048000000,8339000000,5833000000,6291000000,8326000000,54000000,13.65,-1479000000,222.81,109.82
2025-12-28,THC,14.7,20846000000.0,13.65,None,1.445,45.68,,None,655000000,655000000,,,,,,,,,26000000,118496000,None,5323000000,5323000000,637000000,None,None,1359000000,None,None,382000000,,,,,-0.211,0.36,-71000000,311000000,3.34,2007-09-30,12.82,600000000,8561000000.0,3003000000,-360000000,-88000000,270000000,270000000,None,932000000,None,181000000,None,None,4766000000,None,None,-724000000,None,None,None,0.154,,3003000000,-16000000,364000000,1235000000,None,None,None,,,,,0.854,4.392,0.85,,,,,,,,0.065,,4403000000,2025-10-28,quarterly,3.7,USD,pre-market,None,-2802000000,0.0775,0.274,0.032,226.32,2881000000,4767000000,1000000,34000000,173.44,202.99,10.7784,8235000000,2593000000,1873000000,8134000000,5642000000,6261000000,8326000000,101000000,13.65,-1479000000,222.81,109.82
2025-12-28,THC,14.7,20846000000.0,13.65,None,1.445,45.68,,None,675000000,675000000,,,,,,,,,26000000,118303000,None,5323000000,5323000000,642000000,None,None,1366000000,None,None,382000000,,,,,-0.211,0.36,-71000000,311000000,3.34,2007-06-30,12.82,603000000,8561000000.0,3003000000,-360000000,-88000000,271000000,271000000,None,932000000,None,184000000,None,None,4764000000,None,None,-724000000,None,None,None,0.154,,3003000000,-16000000,344000000,1179000000,None,None,None,,,,,0.854,4.392,0.85,,,,,,,,0.065,,4354000000,2025-10-28,quarterly,3.7,USD,pre-market,None,-2743000000,0.0775,0.274,0.032,226.32,2881000000,4786000000,22000000,39000000,173.44,202.99,10.7784,8253000000,2608000000,1843000000,8104000000,5645000000,6261000000,8326000000,149000000,13.65,-1479000000,222.81,109.82
2025-12-28,THC,14.7,20846000000.0,13.65,None,1.445,45.68,,None,584000000,584000000,,,,,,,,,26000000,118581500,None,5323000000,5323000000,664000000,None,None,1600000000,None,None,382000000,,,,,-0.211,0.36,-71000000,311000000,3.34,2007-03-31,12.82,601000000,8561000000.0,3003000000,-360000000,-88000000,256000000,256000000,None,932000000,None,180000000,None,None,4762000000,None,None,-724000000,None,None,None,0.154,,3003000000,-16000000,351000000,1147000000,None,None,None,,,,,0.854,4.392,0.85,,,,,,,,0.065,,4275000000,2025-10-28,quarterly,3.7,USD,pre-market,None,-2713000000,0.0775,0.274,0.032,226.32,2881000000,4784000000,22000000,38000000,173.44,202.99,10.7784,8275000000,2753000000,1833000000,8108000000,5522000000,6275000000,8326000000,167000000,13.65,-1479000000,222.81,109.82
2025-12-28,THC,14.7,20846000000.0,13.65,None,1.445,45.68,,None,784000000,784000000,,,,,,,,,26000000,118581500,None,5323000000,5323000000,775000000,None,None,1727000000,None,None,382000000,,,,,-0.211,0.36,-71000000,311000000,3.34,2006-12-31,12.82,601000000,8561000000.0,3003000000,-360000000,-88000000,231000000,231000000,None,932000000,None,184000000,None,None,4760000000,None,None,-724000000,None,None,None,0.154,,3003000000,-16000000,291000000,1128000000,None,None,None,,,,,0.854,4.392,0.85,,,,,,,,0.065,,4299000000,2025-10-28,quarterly,3.7,USD,pre-market,None,-2610000000,0.0775,0.274,0.032,226.32,2881000000,4782000000,22000000,39000000,173.44,202.99,10.7784,8539000000,3025000000,1925000000,8275000000,5514000000,6350000000,8326000000,264000000,13.65,-1479000000,222.81,109.82
2025-12-28,THC,14.7,20846000000.0,13.65,None,1.445,45.68,,None,809000000,809000000,,,,,,,,,26000000,117806750,None,5323000000,5323000000,749000000,None,None,1627000000,None,None,382000000,,,,,-0.211,0.36,-71000000,311000000,3.34,2006-09-30,12.82,753000000,8561000000.0,3003000000,-360000000,-88000000,202000000,202000000,None,932000000,None,177000000,None,None,4759000000,None,None,-724000000,None,None,None,0.154,,3003000000,-16000000,510000000,1120000000,None,None,None,,,,,0.854,4.392,0.85,,,,,,,,0.065,,4317000000,2025-10-28,quarterly,3.7,USD,pre-market,None,-2224000000,0.0775,0.274,0.032,226.32,2881000000,4797000000,38000000,15000000,173.44,202.99,10.7784,9042000000,3138000000,1907000000,8411000000,5904000000,6504000000,8326000000,631000000,13.65,-1479000000,222.81,109.82
2025-12-28,THC,14.7,20846000000.0,13.65,None,1.445,45.68,,None,568000000,568000000,,,,,,,,,26000000,117652000,None,5323000000,5323000000,761000000,None,None,1941000000,None,None,382000000,,,,,-0.211,0.36,-71000000,311000000,3.34,2006-06-30,12.82,753000000,8561000000.0,3003000000,-360000000,-88000000,194000000,194000000,None,932000000,None,174000000,None,None,4787000000,None,None,-724000000,None,None,None,0.154,,3003000000,-16000000,655000000,1003000000,None,None,None,,,,,0.854,4.392,0.85,,,,,,,,0.065,,4276000000,2025-10-28,quarterly,3.7,USD,pre-market,None,-2135000000,0.0775,0.274,0.032,226.32,2881000000,4806000000,19000000,11000000,173.44,202.99,10.7784,9200000000,3349000000,1783000000,8493000000,5851000000,6710000000,8326000000,707000000,13.65,-1479000000,222.81,109.82
2025-12-28,THC,14.7,20846000000.0,13.65,None,1.445,45.68,,None,975000000,975000000,,,,,,,,,26000000,117517250,None,5323000000,5323000000,776000000,None,None,1584000000,None,None,382000000,,,,,-0.211,0.36,-71000000,311000000,3.34,2006-03-31,12.82,800000000,8561000000.0,3003000000,-360000000,-88000000,231000000,231000000,None,932000000,None,194000000,None,None,4785000000,None,None,-724000000,None,None,None,0.154,,3003000000,-16000000,315000000,1014000000,None,None,None,,,,,0.854,4.392,0.85,,,,,,,,0.065,,4601000000,2025-10-28,quarterly,3.7,USD,pre-market,None,-1737000000,0.0775,0.274,0.032,226.32,2881000000,4804000000,19000000,10000000,173.44,202.99,10.7784,9337000000,3078000000,1809000000,8238000000,6259000000,6429000000,8326000000,1099000000,13.65,-1479000000,222.81,109.82
2025-12-28,THC,14.7,20846000000.0,13.65,None,1.445,45.68,,None,1373000000,1373000000,,,,,,,,,26000000,117686250,None,5323000000,5323000000,857000000,None,None,1600000000,None,None,382000000,,,,,-0.211,0.36,-71000000,311000000,3.34,2005-12-31,12.82,800000000,8561000000.0,3003000000,-360000000,-88000000,241000000,241000000,None,932000000,None,190000000,None,None,4784000000,None,None,-724000000,None,None,None,0.154,,3003000000,-16000000,340000000,1416000000,None,None,None,,,,,0.854,4.392,0.85,,,,,,,,0.065,,4620000000,2025-10-28,quarterly,3.7,USD,pre-market,None,-1807000000,0.0775,0.274,0.032,226.32,2881000000,4803000000,19000000,5000000,173.44,202.99,10.7784,9812000000,3508000000,2292000000,8791000000,6304000000,6499000000,8326000000,1021000000,13.65,-1479000000,222.81,109.82
2025-12-28,THC,14.7,20846000000.0,13.65,None,1.445,45.68,,None,1480000000,1480000000,,,,,,,,,26000000,117294750,None,5323000000,5323000000,806000000,None,None,1523000000,None,None,382000000,,,,,-0.211,0.36,-71000000,311000000,3.34,2005-09-30,12.82,800000000,8561000000.0,3003000000,-360000000,-88000000,1046000000,1046000000,None,932000000,None,187000000,None,None,4783000000,None,None,-724000000,None,None,None,0.154,,3003000000,-16000000,771000000,1169000000,None,None,None,,,,,0.854,4.392,0.85,,,,,,,,0.065,,4593000000,2025-10-28,quarterly,3.7,USD,pre-market,None,-1362000000,0.0775,0.274,0.032,226.32,2881000000,4803000000,20000000,65000000,173.44,202.99,10.7784,9967000000,4026000000,1995000000,8604000000,5941000000,6609000000,8326000000,1363000000,13.65,-1480000000,222.81,109.82
2025-12-28,THC,14.7,20846000000.0,13.65,None,1.445,45.68,,None,3019000000,3019000000,,,,,,,,,8000000,97881000,None,5323000000,5323000000,1294000000,None,92000000,3054000000,None,None,382000000,,,,,-0.211,0.36,-71000000,311000000,3.34,2024-12-31,12.82,10691000000,8561000000.0,3003000000,-360000000,-88000000,1397000000,1397000000,None,932000000,None,346000000,None,None,13081000000,None,1532000000,-724000000,None,None,None,0.154,,3003000000,-16000000,1263000000,2702000000,None,1573000000,None,,,,,0.854,4.392,0.85,,,,,,,,0.065,,7086000000,2025-10-28,annual,3.7,USD,pre-market,None,3008000000,0.0775,0.274,0.032,226.32,2881000000,14327000000,296000000,1505000000,173.44,202.99,10.7784,28936000000,7682000000,4310000000,20389000000,21254000000,16079000000,8326000000,4171000000,13.65,None,222.81,109.82
2025-12-28,THC,14.7,20846000000.0,13.65,None,1.445,45.68,,None,1228000000,1228000000,,,,,,,,,8000000,104800000,None,5323000000,5323000000,1408000000,None,120000000,3404000000,None,None,382000000,,,,,-0.211,0.36,-71000000,311000000,3.34,2023-12-31,12.82,10307000000,8561000000.0,3003000000,-360000000,-88000000,1368000000,1368000000,None,932000000,None,411000000,None,None,14882000000,None,1560000000,-724000000,None,None,None,0.154,,3003000000,-16000000,2124000000,3209000000,None,1709000000,None,,,,,0.854,4.392,0.85,,,,,,,,0.065,,7319000000,2025-10-28,annual,3.7,USD,pre-market,None,-192000000,0.0775,0.274,0.032,226.32,2881000000,15002000000,120000000,None,173.44,202.99,10.7784,28312000000,7167000000,4760000000,22804000000,21145000000,18044000000,8326000000,1608000000,13.65,None,222.81,109.82
2025-12-28,THC,14.7,20846000000.0,13.65,None,1.445,45.68,,None,858000000,858000000,,,,,,,,,8000000,110516000,None,5323000000,5323000000,1504000000,None,145000000,3462000000,None,None,382000000,,,,,-0.211,0.36,-71000000,311000000,3.34,2022-12-31,12.82,10123000000,8561000000.0,3003000000,-360000000,-88000000,1424000000,1424000000,None,932000000,None,405000000,None,None,14934000000,None,3147000000,-724000000,None,None,None,0.154,,3003000000,-16000000,1256000000,2717000000,None,1787000000,None,,,,,0.854,4.392,0.85,,,,,,,,0.065,,6462000000,2025-10-28,annual,3.7,USD,pre-market,None,-803000000,0.0775,0.274,0.032,226.32,2881000000,15079000000,145000000,-1518000000,173.44,202.99,10.7784,27156000000,5981000000,4476000000,22548000000,21175000000,18072000000,8326000000,1142000000,13.65,None,222.81,109.82
2025-12-28,THC,14.7,20846000000.0,13.65,None,1.445,45.68,,None,2364000000,2364000000,,,,,,,,,8000000,108571000,None,5323000000,5323000000,1300000000,None,135000000,3306000000,None,None,382000000,,,,,-0.211,0.36,-71000000,311000000,3.34,2021-12-31,12.82,9261000000,8561000000.0,3003000000,-360000000,-88000000,1497000000,1497000000,None,932000000,None,384000000,None,None,15511000000,None,3254000000,-724000000,None,None,None,0.154,,3003000000,-16000000,1021000000,2715000000,None,1439000000,None,,,,,0.854,4.392,0.85,,,,,,,,0.065,,6427000000,2025-10-28,annual,3.7,USD,pre-market,None,-1214000000,0.0775,0.274,0.032,226.32,2881000000,15646000000,135000000,-1439000000,173.44,202.99,10.7784,27579000000,7075000000,5109000000,23322000000,20504000000,18213000000,8326000000,1028000000,13.65,-2410000000,222.81,109.82
2025-12-28,THC,14.7,20846000000.0,13.65,None,1.445,45.68,,None,2446000000,2446000000,,,,,,,,,7000000,106263000,None,5323000000,5323000000,1207000000,None,145000000,3351000000,None,None,382000000,,,,,-0.211,0.36,-71000000,311000000,3.34,2020-12-31,12.82,8808000000,8561000000.0,3003000000,-360000000,-88000000,1600000000,1600000000,None,932000000,None,368000000,None,None,15574000000,None,2534000000,-724000000,None,None,None,0.154,,3003000000,-16000000,982000000,2836000000,None,3767000000,None,,,,,0.854,4.392,0.85,,,,,,,,0.065,,6692000000,2025-10-28,annual,3.7,USD,pre-market,None,-2128000000,0.0775,0.274,0.032,226.32,2881000000,15719000000,145000000,2534000,173.44,202.99,10.7784,27106000000,7147000000,4847000000,24217000000,19959000000,19370000000,8326000000,28000000,13.65,-2414000000,222.81,109.82
2025-12-28,THC,14.7,20846000000.0,13.65,None,1.445,45.68,,None,262000000,262000000,,,,,,,,,7000000,103398000,None,5323000000,5323000000,1204000000,None,171000000,3264000000,None,None,382000000,,,,,-0.211,0.36,-71000000,311000000,3.34,2019-12-31,12.82,7252000000,8561000000.0,3003000000,-360000000,-88000000,1602000000,1602000000,None,932000000,None,310000000,None,None,14580000000,None,2369000000,-724000000,None,None,None,0.154,,3003000000,-16000000,1245000000,2769000000,None,2550000000,None,,,,,0.854,4.392,0.85,,,,,,,,0.065,,7790000000,2025-10-28,annual,3.7,USD,pre-market,None,-2467000000,0.0775,0.274,0.032,226.32,2881000000,14751000000,171000000,None,173.44,202.99,10.7784,23351000000,5081000000,4205000000,21362000000,18270000000,17157000000,8326000000,-371000000,13.65,-2414000000,222.81,109.82
2025-12-28,THC,14.7,20846000000.0,13.65,None,1.445,45.68,,None,411000000,411000000,,,,,,,,,7000000,103881000,None,5323000000,5323000000,1093000000,None,182000000,3093000000,None,None,382000000,,,,,-0.211,0.36,-71000000,311000000,3.34,2018-12-31,12.82,7281000000,8561000000.0,3003000000,-360000000,-88000000,1731000000,1731000000,None,932000000,None,305000000,None,None,14644000000,None,1456000000,-724000000,None,None,None,0.154,,3003000000,-16000000,827000000,2582000000,None,1765000000,None,,,,,0.854,4.392,0.85,,,,,,,,0.065,,6993000000,2025-10-28,annual,3.7,USD,pre-market,None,-2236000000,0.0775,0.274,0.032,226.32,2881000000,14826000000,182000000,-460000000,173.44,202.99,10.7784,22409000000,4636000000,3857000000,20302000000,17773000000,16445000000,8326000000,-119000000,13.65,-2414000000,222.81,109.82
2025-12-28,THC,14.7,20846000000.0,13.65,None,1.445,45.68,,None,611000000,611000000,,,,,,,,,7000000,100592000,None,5323000000,5323000000,1096000000,None,146000000,3025000000,None,None,382000000,,,,,-0.211,0.36,-71000000,311000000,3.34,2017-12-31,12.82,7018000000,8561000000.0,3003000000,-360000000,-88000000,1766000000,1766000000,None,932000000,None,289000000,None,None,14791000000,None,1543000000,-724000000,None,None,None,0.154,,3003000000,-16000000,1648000000,3090000000,None,1821000000,None,,,,,0.854,4.392,0.85,,,,,,,,0.065,,7030000000,2025-10-28,annual,3.7,USD,pre-market,None,-2390000000,0.0775,0.274,0.032,226.32,2881000000,14937000000,146000000,-529000000,173.44,202.99,10.7784,23385000000,5573000000,4332000000,20980000000,17812000000,16648000000,8326000000,-147000000,13.65,-2419000000,222.81,109.82
2025-12-28,THC,14.7,20846000000.0,13.65,None,1.445,45.68,,None,716000000,716000000,,,,,,,,,7000000,99321000,None,5323000000,5323000000,1188000000,None,191000000,3432000000,None,None,382000000,,,,,-0.211,0.36,-71000000,311000000,3.34,2016-12-31,12.82,7425000000,8561000000.0,3003000000,-360000000,-88000000,1845000000,1845000000,None,932000000,None,326000000,None,None,15064000000,None,1250000000,-724000000,None,None,None,0.154,,3003000000,-16000000,783000000,2655000000,None,1849000000,None,,,,,0.854,4.392,0.85,,,,,,,,0.065,,8053000000,2025-10-28,annual,3.7,USD,pre-market,None,-1742000000,0.0775,0.274,0.032,226.32,2881000000,15255000000,191000000,-266000000,173.44,202.99,10.7784,24701000000,5257000000,4034000000,21226000000,19444000000,17192000000,8326000000,417000000,13.65,-2417000000,222.81,109.82
2025-12-28,THC,14.7,20846000000.0,13.65,None,1.445,45.68,,None,356000000,356000000,,,,,,,,,7000000,99167000,None,5323000000,5323000000,1380000000,None,127000000,3088000000,None,None,382000000,,,,,-0.211,0.36,-71000000,311000000,3.34,2015-12-31,12.82,6970000000,8561000000.0,3003000000,-360000000,-88000000,1675000000,1675000000,None,932000000,None,309000000,None,None,13531000000,None,1175000000,-724000000,None,None,None,0.154,,3003000000,-16000000,1418000000,2801000000,None,1767000000,None,,,,,0.854,4.392,0.85,,,,,,,,0.065,,7915000000,2025-10-28,annual,3.7,USD,pre-market,None,-1550000000,0.0775,0.274,0.032,226.32,2881000000,14510000000,127000000,-299000000,173.44,202.99,10.7784,23682000000,5171000000,4308000000,20458000000,18511000000,16150000000,8326000000,691000000,13.65,-2417000000,222.81,109.82
2025-12-28,THC,14.7,20846000000.0,13.65,None,1.445,45.68,,None,193000000,193000000,,,,,,,,,7000000,100287000,None,5323000000,5323000000,1067000000,None,112000000,2401000000,None,None,382000000,,,,,-0.211,0.36,-71000000,311000000,3.34,2014-12-31,12.82,3913000000,8561000000.0,3003000000,-360000000,-88000000,1278000000,1278000000,None,932000000,None,276000000,None,None,11695000000,None,384000000,-724000000,None,None,None,0.154,,3003000000,-16000000,1100000000,2398000000,None,1683000000,None,,,,,0.854,4.392,0.85,,,,,,,,0.065,,7733000000,2025-10-28,annual,3.7,USD,pre-market,None,-1410000000,0.0775,0.274,0.032,226.32,2881000000,11617000000,112000000,-251000000,173.44,202.99,10.7784,18141000000,4717000000,3577000000,16955000000,13424000000,13378000000,8326000000,651000000,13.65,-2378000000,222.81,109.82
2025-12-28,THC,14.7,20846000000.0,13.65,None,1.445,45.68,,None,113000000,113000000,,,,,,,,,7000000,101648000,None,5323000000,5323000000,1085000000,None,None,1887000000,None,None,382000000,,,,,-0.211,0.36,-71000000,311000000,3.34,2013-12-31,12.82,3042000000,8561000000.0,3003000000,-360000000,-88000000,1192000000,1192000000,None,932000000,None,262000000,None,None,10690000000,None,405000000,-724000000,None,None,None,0.154,,3003000000,-16000000,1432000000,1855000000,None,1387000000,None,,,,,0.854,4.392,0.85,,,,,,,,0.065,,7691000000,2025-10-28,annual,3.7,USD,pre-market,None,-1422000000,0.0775,0.274,0.032,226.32,2881000000,10849000000,153000000,0,173.44,202.99,10.7784,16130000000,3710000000,2928000000,15005000000,12420000000,12077000000,8326000000,755000000,13.65,-2378000000,222.81,109.82
2025-12-28,THC,14.7,20846000000.0,13.65,None,1.445,45.68,,None,364000000,364000000,,,,,,,,,7000000,108926000,None,5323000000,5323000000,722000000,None,None,1336000000,None,None,382000000,,,,,-0.211,0.36,-71000000,311000000,3.34,2012-12-31,12.82,916000000,8561000000.0,3003000000,-360000000,-88000000,650000000,650000000,None,932000000,None,153000000,None,None,5158000000,None,162000000,-724000000,None,None,None,0.154,,3003000000,-16000000,828000000,947000000,None,889000000,None,,,,,0.854,4.392,0.85,,,,,,,,0.065,,4293000000,2025-10-28,annual,3.7,USD,pre-market,None,-1288000000,0.0775,0.274,0.032,226.32,2881000000,5252000000,94000000,0,173.44,202.99,10.7784,9044000000,2681000000,1763000000,7810000000,6363000000,6047000000,8326000000,1143000000,13.65,-1979000000,222.81,109.82
2025-12-28,THC,14.7,20846000000.0,13.65,None,1.445,45.68,,None,113000000,113000000,,,,,,,,,27000000,121295000,None,5323000000,5323000000,760000000,None,None,1285000000,None,None,382000000,,,,,-0.211,0.36,-71000000,311000000,3.34,2011-12-31,12.82,736000000,8561000000.0,3003000000,-360000000,-88000000,489000000,489000000,None,932000000,None,161000000,None,None,4294000000,None,156000000,-724000000,None,None,None,0.154,,3003000000,-16000000,798000000,989000000,None,845000000,None,,,,,0.854,4.392,0.85,,,,,,,,0.065,,4350000000,2025-10-28,annual,3.7,USD,pre-market,None,-1440000000,0.0775,0.274,0.032,226.32,2881000000,4360000000,66000000,0,173.44,202.99,10.7784,8462000000,2357000000,1815000000,6954000000,6105000000,5139000000,8326000000,1423000000,13.65,-1853000000,222.81,109.82
2025-12-28,THC,14.7,20846000000.0,13.65,None,1.445,45.68,,None,405000000,405000000,,,,,,,,,27000000,140158000,None,5323000000,5323000000,720000000,None,None,1286000000,None,None,382000000,,,,,-0.211,0.36,-71000000,311000000,3.34,2010-12-31,12.82,652000000,8561000000.0,3003000000,-360000000,-88000000,442000000,442000000,None,932000000,None,156000000,None,None,3997000000,None,164000000,-724000000,None,None,None,0.154,,3003000000,-16000000,464000000,938000000,None,959000000,None,,,,,0.854,4.392,0.85,,,,,,,,0.065,,4304000000,2025-10-28,annual,3.7,USD,pre-market,None,-1522000000,0.0775,0.274,0.032,226.32,2881000000,4064000000,67000000,1000000,173.44,202.99,10.7784,8500000000,2311000000,1725000000,6681000000,6189000000,4956000000,8326000000,1766000000,13.65,-1479000000,222.81,109.82
2025-12-28,THC,14.7,20846000000.0,13.65,None,1.445,45.68,,None,690000000,690000000,,,,,,,,,27000000,126819250,None,5323000000,5323000000,739000000,None,None,1197000000,None,None,382000000,,,,,-0.211,0.36,-71000000,311000000,3.34,2009-12-31,12.82,607000000,8561000000.0,3003000000,-360000000,-88000000,379000000,379000000,None,932000000,None,153000000,None,None,4272000000,None,None,-724000000,None,None,None,0.154,,3003000000,-16000000,419000000,1042000000,None,None,None,,,,,0.854,4.392,0.85,,,,,,,,0.065,,4313000000,2025-10-28,annual,3.7,USD,pre-market,None,-2665000000,0.0775,0.274,0.032,226.32,2881000000,4274000000,2000000,13000000,173.44,202.99,10.7784,7953000000,2472000000,1783000000,7256000000,5481000000,5473000000,8326000000,646000000,13.65,-1479000000,222.81,109.82
2025-12-28,THC,14.7,20846000000.0,13.65,None,1.445,45.68,,None,507000000,507000000,,,,,,,,,26000000,119651500,None,5323000000,5323000000,686000000,None,None,1460000000,None,None,382000000,,,,,-0.211,0.36,-71000000,311000000,3.34,2008-12-31,12.82,609000000,8561000000.0,3003000000,-360000000,-88000000,323000000,323000000,None,932000000,None,161000000,None,None,4778000000,None,None,-724000000,None,None,None,0.154,,3003000000,-16000000,565000000,1261000000,None,None,None,,,,,0.854,4.392,0.85,,,,,,,,0.065,,4291000000,2025-10-28,annual,3.7,USD,pre-market,None,-2852000000,0.0775,0.274,0.032,226.32,2881000000,4780000000,2000000,16000000,173.44,202.99,10.7784,8174000000,2709000000,1949000000,8071000000,5465000000,6122000000,8326000000,103000000,13.65,-1479000000,222.81,109.82
2025-12-28,THC,14.7,20846000000.0,13.65,None,1.445,45.68,,None,572000000,572000000,,,,,,,,,26000000,118351250,None,5323000000,5323000000,780000000,None,None,1556000000,None,None,382000000,,,,,-0.211,0.36,-71000000,311000000,3.34,2007-12-31,12.82,607000000,8561000000.0,3003000000,-360000000,-88000000,293000000,293000000,None,932000000,None,183000000,None,None,4771000000,None,None,-724000000,None,None,None,0.154,,3003000000,-16000000,229000000,1267000000,None,None,None,,,,,0.854,4.392,0.85,,,,,,,,0.065,,4645000000,2025-10-28,annual,3.7,USD,pre-market,None,-2877000000,0.0775,0.274,0.032,226.32,2881000000,4772000000,1000000,20000000,173.44,202.99,10.7784,8393000000,2560000000,2048000000,8339000000,5833000000,6291000000,8326000000,54000000,13.65,-1479000000,222.81,109.82
2025-12-28,THC,14.7,20846000000.0,13.65,None,1.445,45.68,,None,784000000,784000000,,,,,,,,,26000000,117711750,None,5323000000,5323000000,775000000,None,None,1727000000,None,None,382000000,,,,,-0.211,0.36,-71000000,311000000,3.34,2006-12-31,12.82,601000000,8561000000.0,3003000000,-360000000,-88000000,231000000,231000000,None,932000000,None,184000000,None,None,4760000000,None,None,-724000000,None,None,None,0.154,,3003000000,-16000000,291000000,1128000000,None,None,None,,,,,0.854,4.392,0.85,,,,,,,,0.065,,4299000000,2025-10-28,annual,3.7,USD,pre-market,None,-2610000000,0.0775,0.274,0.032,226.32,2881000000,4782000000,22000000,39000000,173.44,202.99,10.7784,8539000000,3025000000,1925000000,8275000000,5514000000,6350000000,8326000000,264000000,13.65,-1479000000,222.81,109.82
2025-12-28,THC,14.7,20846000000.0,13.65,None,1.445,45.68,,None,1373000000,1373000000,,,,,,,,,26000000,117224500,None,5323000000,5323000000,857000000,None,None,1600000000,None,None,382000000,,,,,-0.211,0.36,-71000000,311000000,3.34,2005-12-31,12.82,800000000,8561000000.0,3003000000,-360000000,-88000000,241000000,241000000,None,932000000,None,190000000,None,None,4784000000,None,None,-724000000,None,None,None,0.154,,3003000000,-16000000,340000000,1416000000,None,None,None,,,,,0.854,4.392,0.85,,,,,,,,0.065,,4620000000,2025-10-28,annual,3.7,USD,pre-market,None,-1807000000,0.0775,0.274,0.032,226.32,2881000000,4803000000,19000000,5000000,173.44,202.99,10.7784,9812000000,3508000000,2292000000,8791000000,6304000000,6499000000,8326000000,1021000000,13.65,-1479000000,222.81,109.82
2025-12-28,THC,14.7,20846000000.0,13.65,None,1.445,45.68,280000000,None,1373000000,1373000000,-323000000,-385000000,None,None,-9000000,None,None,None,26000000,117224500,None,5323000000,5323000000,857000000,None,None,1600000000,None,None,382000000,218000000,None,None,None,-0.211,0.36,-71000000,311000000,3.34,2025-09-30,12.82,800000000,8561000000.0,3003000000,-360000000,-88000000,241000000,241000000,None,932000000,None,190000000,None,None,4784000000,None,None,579000000,None,None,None,0.154,1058000000,3003000000,-16000000,340000000,1416000000,None,None,None,None,None,None,None,0.854,4.392,0.85,None,None,None,None,None,-93000000,None,0.065,None,4620000000,2025-10-28,quarterly,3.7,USD,pre-market,None,-1807000000,0.0775,0.274,0.032,226.32,2881000000,4803000000,19000000,5000000,173.44,202.99,10.7784,9812000000,3508000000,2292000000,8791000000,6304000000,6499000000,8326000000,1021000000,13.65,-1479000000,222.81,109.82
2025-12-28,THC,14.7,20846000000.0,13.65,None,1.445,45.68,193000000,None,1373000000,1373000000,-996000000,-314000000,None,None,117000000,None,None,None,26000000,117224500,None,5323000000,5323000000,857000000,None,None,1600000000,None,None,382000000,208000000,None,None,None,-0.211,0.36,-71000000,311000000,3.34,2025-06-30,12.82,800000000,8561000000.0,3003000000,-360000000,-88000000,241000000,241000000,None,932000000,None,190000000,None,None,4784000000,None,None,522000000,None,None,None,0.154,936000000,3003000000,-16000000,340000000,1416000000,None,None,None,None,None,None,None,0.854,4.392,0.85,None,None,None,None,None,-747000000,None,0.065,None,4620000000,2025-10-28,quarterly,3.7,USD,pre-market,None,-1807000000,0.0775,0.274,0.032,226.32,2881000000,4803000000,19000000,5000000,173.44,202.99,10.7784,9812000000,3508000000,2292000000,8791000000,6304000000,6499000000,8326000000,1021000000,13.65,-1479000000,222.81,109.82
2025-12-28,THC,14.7,20846000000.0,13.65,None,1.445,45.68,173000000,None,1373000000,1373000000,-648000000,-187000000,None,None,-108000000,None,None,None,26000000,117224500,None,5323000000,5323000000,857000000,None,None,1600000000,None,None,382000000,206000000,None,None,None,-0.211,0.36,-71000000,311000000,3.34,2025-03-31,12.82,800000000,8561000000.0,3003000000,-360000000,-88000000,241000000,241000000,None,932000000,None,190000000,None,None,4784000000,None,None,622000000,None,None,None,0.154,815000000,3003000000,-16000000,340000000,1416000000,None,None,None,None,None,None,None,0.854,4.392,0.85,None,None,None,None,None,-348000000,None,0.065,None,4620000000,2025-10-28,quarterly,3.7,USD,pre-market,None,-1807000000,0.0775,0.274,0.032,226.32,2881000000,4803000000,19000000,5000000,173.44,202.99,10.7784,9812000000,3508000000,2292000000,8791000000,6304000000,6499000000,8326000000,1021000000,13.65,-1479000000,222.81,109.82
2025-12-28,THC,14.7,20846000000.0,13.65,None,1.445,45.68,330000000,None,1373000000,1373000000,-372000000,-372000000,None,None,-96000000,None,None,None,26000000,117224500,None,5323000000,5323000000,857000000,None,None,1600000000,None,None,382000000,193000000,None,None,None,-0.211,0.36,-71000000,311000000,3.34,2024-12-31,12.82,800000000,8561000000.0,3003000000,-360000000,-88000000,241000000,241000000,None,932000000,None,190000000,None,None,4784000000,None,None,572000000,None,None,None,0.154,-331000000,3003000000,-16000000,340000000,1416000000,None,None,None,None,None,None,None,0.854,4.392,0.85,None,None,None,None,None,672000000,None,0.065,None,4620000000,2025-10-28,quarterly,3.7,USD,pre-market,None,-1807000000,0.0775,0.274,0.032,226.32,2881000000,4803000000,19000000,5000000,173.44,202.99,10.7784,9812000000,3508000000,2292000000,8791000000,6304000000,6499000000,8326000000,1021000000,13.65,-1479000000,222.81,109.82
2025-12-28,THC,14.7,20846000000.0,13.65,None,1.445,45.68,206000000,None,1373000000,1373000000,-498000000,667000000,None,None,-6000000,None,None,None,26000000,117224500,None,5323000000,5323000000,857000000,None,None,1600000000,None,None,382000000,209000000,None,None,None,-0.211,0.36,-71000000,311000000,3.34,2024-09-30,12.82,800000000,8561000000.0,3003000000,-360000000,-88000000,241000000,241000000,None,932000000,None,190000000,None,None,4784000000,None,None,681000000,None,None,None,0.154,1045000000,3003000000,-16000000,340000000,1416000000,None,None,None,None,None,None,None,0.854,4.392,0.85,None,None,None,None,None,-124000000,None,0.065,None,4620000000,2025-10-28,quarterly,3.7,USD,pre-market,None,-1807000000,0.0775,0.274,0.032,226.32,2881000000,4803000000,19000000,5000000,173.44,202.99,10.7784,9812000000,3508000000,2292000000,8791000000,6304000000,6499000000,8326000000,1021000000,13.65,-1479000000,222.81,109.82
2025-12-28,THC,14.7,20846000000.0,13.65,None,1.445,45.68,145000000,None,1373000000,1373000000,-154000000,-194000000,None,None,34000000,None,None,None,26000000,117224500,None,5323000000,5323000000,857000000,None,None,1600000000,None,None,382000000,208000000,None,None,None,-0.211,0.36,-71000000,311000000,3.34,2024-06-30,12.82,800000000,8561000000.0,3003000000,-360000000,-88000000,241000000,241000000,None,932000000,None,190000000,None,None,4784000000,None,None,477000000,None,None,None,0.154,747000000,3003000000,-16000000,340000000,1416000000,None,None,None,None,None,None,None,0.854,4.392,0.85,None,None,None,None,None,-270000000,None,0.065,None,4620000000,2025-10-28,quarterly,3.7,USD,pre-market,None,-1807000000,0.0775,0.274,0.032,226.32,2881000000,4803000000,19000000,5000000,173.44,202.99,10.7784,9812000000,3508000000,2292000000,8791000000,6304000000,6499000000,8326000000,1021000000,13.65,-1479000000,222.81,109.82
2025-12-28,THC,14.7,20846000000.0,13.65,None,1.445,45.68,250000000,None,1373000000,1373000000,-2661000000,3328000000,None,None,-18000000,None,None,None,26000000,117224500,None,5323000000,5323000000,857000000,None,None,1600000000,None,None,382000000,208000000,None,None,None,-0.211,0.36,-71000000,311000000,3.34,2024-03-31,12.82,800000000,8561000000.0,3003000000,-360000000,-88000000,241000000,241000000,None,932000000,None,190000000,None,None,4784000000,None,None,2334000000,None,None,None,0.154,586000000,3003000000,-16000000,340000000,1416000000,None,None,None,None,None,None,None,0.854,4.392,0.85,None,None,None,None,None,-278000000,None,0.065,None,4620000000,2025-10-28,quarterly,3.7,USD,pre-market,None,-1807000000,0.0775,0.274,0.032,226.32,2881000000,4803000000,19000000,5000000,173.44,202.99,10.7784,9812000000,3508000000,2292000000,8791000000,6304000000,6499000000,8326000000,1021000000,13.65,-1479000000,222.81,109.82
2025-12-28,THC,14.7,20846000000.0,13.65,None,1.445,45.68,208000000,None,1373000000,1373000000,-317000000,-333000000,None,None,-90000000,None,None,None,26000000,117224500,None,5323000000,5323000000,857000000,None,None,1600000000,None,None,382000000,216000000,None,None,None,-0.211,0.36,-71000000,311000000,3.34,2023-12-31,12.82,800000000,8561000000.0,3003000000,-360000000,-88000000,241000000,241000000,None,932000000,None,190000000,None,None,4784000000,None,None,456000000,None,None,None,0.154,824000000,3003000000,-16000000,340000000,1416000000,None,None,None,None,None,None,None,0.854,4.392,0.85,None,None,None,None,None,-110000000,None,0.065,None,4620000000,2025-10-28,quarterly,3.7,USD,pre-market,None,-1807000000,0.0775,0.274,0.032,226.32,2881000000,4803000000,19000000,5000000,173.44,202.99,10.7784,9812000000,3508000000,2292000000,8791000000,6304000000,6499000000,8326000000,1021000000,13.65,-1479000000,222.81,109.82
2025-12-28,THC,14.7,20846000000.0,13.65,None,1.445,45.68,176000000,None,1373000000,1373000000,-214000000,-169000000,None,None,-209000000,None,None,None,26000000,117224500,None,5323000000,5323000000,857000000,None,None,1600000000,None,None,382000000,224000000,None,None,None,-0.211,0.36,-71000000,311000000,3.34,2023-09-30,12.82,800000000,8561000000.0,3003000000,-360000000,-88000000,241000000,241000000,None,932000000,None,190000000,None,None,4784000000,None,None,266000000,None,None,None,0.154,503000000,3003000000,-16000000,340000000,1416000000,None,None,None,None,None,None,None,0.854,4.392,0.85,None,None,None,None,None,-90000000,None,0.065,None,4620000000,2025-10-28,quarterly,3.7,USD,pre-market,None,-1807000000,0.0775,0.274,0.032,226.32,2881000000,4803000000,19000000,5000000,173.44,202.99,10.7784,9812000000,3508000000,2292000000,8791000000,6304000000,6499000000,8326000000,1021000000,13.65,-1479000000,222.81,109.82
2025-12-28,THC,14.7,20846000000.0,13.65,None,1.445,45.68,132000000,None,1373000000,1373000000,-249000000,-181000000,None,None,110000000,None,None,None,26000000,117224500,None,5323000000,5323000000,857000000,None,None,1600000000,None,None,382000000,213000000,None,None,None,-0.211,0.36,-71000000,311000000,3.34,2023-06-30,12.82,800000000,8561000000.0,3003000000,-360000000,-88000000,241000000,241000000,None,932000000,None,190000000,None,None,4784000000,None,None,293000000,None,None,None,0.154,598000000,3003000000,-16000000,340000000,1416000000,None,None,None,None,None,None,None,0.854,4.392,0.85,None,None,None,None,None,-40000000,None,0.065,None,4620000000,2025-10-28,quarterly,3.7,USD,pre-market,None,-1807000000,0.0775,0.274,0.032,226.32,2881000000,4803000000,19000000,5000000,173.44,202.99,10.7784,9812000000,3508000000,2292000000,8791000000,6304000000,6499000000,8326000000,1021000000,13.65,-1479000000,222.81,109.82
2025-12-28,THC,14.7,20846000000.0,13.65,None,1.445,45.68,235000000,None,1373000000,1373000000,-255000000,-286000000,-92000000,None,50000000,None,None,35000000,26000000,117224500,None,5323000000,5323000000,857000000,None,None,1600000000,None,None,382000000,217000000,134000000,134000000,None,-0.211,0.36,-71000000,311000000,3.34,2023-03-31,12.82,800000000,8561000000.0,3003000000,-360000000,-88000000,241000000,241000000,None,932000000,None,190000000,None,None,4784000000,None,None,296000000,None,None,None,0.154,449000000,3003000000,-16000000,340000000,1416000000,None,None,None,None,None,None,None,0.854,4.392,0.85,None,None,None,None,None,-50000000,None,0.065,None,4620000000,2025-10-28,quarterly,3.7,USD,pre-market,None,-1807000000,0.0775,0.274,0.032,226.32,2881000000,4803000000,19000000,5000000,173.44,202.99,10.7784,9812000000,3508000000,2292000000,8791000000,6304000000,6499000000,8326000000,1021000000,13.65,-1479000000,222.81,109.82
2025-12-28,THC,14.7,20846000000.0,13.65,None,1.445,45.68,290000000,None,1373000000,1373000000,-465000000,-306000000,-350000000,None,-153000000,None,None,-101000000,26000000,117224500,None,5323000000,5323000000,857000000,None,None,1600000000,None,None,382000000,213000000,128000000,128000000,None,-0.211,0.36,-71000000,311000000,3.34,2022-12-31,12.82,800000000,8561000000.0,3003000000,-360000000,-88000000,241000000,241000000,None,932000000,None,190000000,None,None,4784000000,None,None,274000000,None,None,None,0.154,421000000,3003000000,-16000000,340000000,1416000000,None,None,None,None,None,None,None,0.854,4.392,0.85,None,None,None,None,None,-250000000,None,0.065,None,4620000000,2025-10-28,quarterly,3.7,USD,pre-market,None,-1807000000,0.0775,0.274,0.032,226.32,2881000000,4803000000,19000000,5000000,173.44,202.99,10.7784,9812000000,3508000000,2292000000,8791000000,6304000000,6499000000,8326000000,1021000000,13.65,-1479000000,222.81,109.82
2025-12-28,THC,14.7,20846000000.0,13.65,None,1.445,45.68,165000000,None,1373000000,1373000000,-156000000,-302000000,-143000000,None,-84000000,None,None,35000000,26000000,117224500,None,5323000000,5323000000,857000000,None,None,1600000000,None,None,382000000,209000000,122000000,122000000,None,-0.211,0.36,-71000000,311000000,3.34,2022-09-30,12.82,800000000,8561000000.0,3003000000,-360000000,-88000000,241000000,241000000,None,932000000,None,190000000,None,None,4784000000,None,None,268000000,None,None,None,0.154,315000000,3003000000,-16000000,340000000,1416000000,None,None,None,None,None,None,None,0.854,4.392,0.85,None,None,None,None,None,-25000000,None,0.065,None,4620000000,2025-10-28,quarterly,3.7,USD,pre-market,None,-1807000000,0.0775,0.274,0.032,226.32,2881000000,4803000000,19000000,5000000,173.44,202.99,10.7784,9812000000,3508000000,2292000000,8791000000,6304000000,6499000000,8326000000,1021000000,13.65,-1479000000,222.81,109.82
2025-12-28,THC,14.7,20846000000.0,13.65,None,1.445,45.68,152000000,None,1373000000,1373000000,-33000000,-140000000,-54000000,None,-8000000,None,None,77000000,26000000,117224500,None,5323000000,5323000000,857000000,None,None,1600000000,None,None,382000000,216000000,175000000,175000000,None,-0.211,0.36,-71000000,311000000,3.34,2022-06-30,12.82,800000000,8561000000.0,3003000000,-360000000,-88000000,241000000,241000000,None,932000000,None,190000000,None,None,4784000000,None,None,179000000,None,None,None,0.154,119000000,3003000000,-16000000,340000000,1416000000,None,None,None,None,None,None,None,0.854,4.392,0.85,None,None,None,None,None,-10000000,None,0.065,None,4620000000,2025-10-28,quarterly,3.7,USD,pre-market,None,-1807000000,0.0775,0.274,0.032,226.32,2881000000,4803000000,19000000,5000000,173.44,202.99,10.7784,9812000000,3508000000,2292000000,8791000000,6304000000,6499000000,8326000000,1021000000,13.65,-1479000000,222.81,109.82
2025-12-28,THC,14.7,20846000000.0,13.65,None,1.445,45.68,155000000,None,1373000000,1373000000,-1127000000,-60000000,-959000000,None,181000000,None,None,-151000000,26000000,117224500,None,5323000000,5323000000,857000000,None,None,1600000000,None,None,382000000,203000000,135000000,135000000,None,-0.211,0.36,-71000000,311000000,3.34,2022-03-31,12.82,800000000,8561000000.0,3003000000,-360000000,-88000000,241000000,241000000,None,932000000,None,190000000,None,None,4784000000,None,None,280000000,None,None,None,0.154,228000000,3003000000,-16000000,340000000,1416000000,None,None,None,None,None,None,None,0.854,4.392,0.85,None,None,None,None,None,-10000000,None,0.065,None,4620000000,2025-10-28,quarterly,3.7,USD,pre-market,None,-1807000000,0.0775,0.274,0.032,226.32,2881000000,4803000000,19000000,5000000,173.44,202.99,10.7784,9812000000,3508000000,2292000000,8791000000,6304000000,6499000000,8326000000,1021000000,13.65,-1479000000,222.81,109.82
2025-12-28,THC,14.7,20846000000.0,13.65,None,1.445,45.68,304000000,None,1373000000,1373000000,1231000000,-1516000000,72000000,None,59000000,None,None,5000000,26000000,117224500,None,5323000000,5323000000,857000000,None,None,1600000000,None,None,382000000,201000000,107000000,107000000,None,-0.211,0.36,-71000000,311000000,3.34,2021-12-31,12.82,800000000,8561000000.0,3003000000,-360000000,-88000000,241000000,241000000,None,932000000,None,190000000,None,None,4784000000,None,None,419000000,None,None,None,0.154,357000000,3003000000,-16000000,340000000,1416000000,None,None,None,None,None,None,None,0.854,4.392,0.85,None,None,None,None,None,-8000000,None,0.065,None,4620000000,2025-10-28,quarterly,3.7,USD,pre-market,None,-1807000000,0.0775,0.274,0.032,226.32,2881000000,4803000000,19000000,5000000,173.44,202.99,10.7784,9812000000,3508000000,2292000000,8791000000,6304000000,6499000000,8326000000,1021000000,13.65,-1479000000,222.81,109.82
2025-12-28,THC,14.7,20846000000.0,13.65,None,1.445,45.68,111000000,None,1373000000,1373000000,-1331000000,997000000,98000000,None,-167000000,None,None,-101000000,26000000,117224500,None,5323000000,5323000000,857000000,None,None,1600000000,None,None,382000000,209000000,104000000,104000000,None,-0.211,0.36,-71000000,311000000,3.34,2021-09-30,12.82,800000000,8561000000.0,3003000000,-360000000,-88000000,241000000,241000000,None,932000000,None,190000000,None,None,4784000000,None,None,578000000,None,None,None,0.154,432000000,3003000000,-16000000,340000000,1416000000,None,None,None,None,None,None,None,0.854,4.392,0.85,None,None,None,None,None,-16000000,None,0.065,None,4620000000,2025-10-28,quarterly,3.7,USD,pre-market,None,-1807000000,0.0775,0.274,0.032,226.32,2881000000,4803000000,19000000,5000000,173.44,202.99,10.7784,9812000000,3508000000,2292000000,8791000000,6304000000,6499000000,8326000000,1021000000,13.65,-1479000000,222.81,109.82
2025-12-28,THC,14.7,20846000000.0,13.65,None,1.445,45.68,122000000,None,1373000000,1373000000,-142000000,-50000000,53000000,None,-74000000,None,None,-48000000,26000000,117224500,None,5323000000,5323000000,857000000,None,None,1600000000,None,None,382000000,221000000,93000000,93000000,None,-0.211,0.36,-71000000,311000000,3.34,2021-06-30,12.82,800000000,8561000000.0,3003000000,-360000000,-88000000,241000000,241000000,None,932000000,None,190000000,None,None,4784000000,None,None,257000000,None,None,None,0.154,245000000,3003000000,-16000000,340000000,1416000000,None,None,None,None,None,None,None,0.854,4.392,0.85,None,None,None,None,None,9000000,None,0.065,None,4620000000,2025-10-28,quarterly,3.7,USD,pre-market,None,-1807000000,0.0775,0.274,0.032,226.32,2881000000,4803000000,19000000,5000000,173.44,202.99,10.7784,9812000000,3508000000,2292000000,8791000000,6304000000,6499000000,8326000000,1021000000,13.65,-1479000000,222.81,109.82
2025-12-28,THC,14.7,20846000000.0,13.65,None,1.445,45.68,121000000,None,1373000000,1373000000,-694000000,-145000000,-305000000,None,130000000,None,None,-53000000,26000000,117224500,None,5323000000,5323000000,857000000,None,None,1600000000,None,None,382000000,224000000,119000000,119000000,None,-0.211,0.36,-71000000,311000000,3.34,2021-03-31,12.82,800000000,8561000000.0,3003000000,-360000000,-88000000,241000000,241000000,None,932000000,None,190000000,None,None,4784000000,None,None,222000000,None,None,None,0.154,534000000,3003000000,-16000000,340000000,1416000000,None,None,None,None,None,None,None,0.854,4.392,0.85,None,None,None,None,None,7000000,None,0.065,None,4620000000,2025-10-28,quarterly,3.7,USD,pre-market,None,-1807000000,0.0775,0.274,0.032,226.32,2881000000,4803000000,19000000,5000000,173.44,202.99,10.7784,9812000000,3508000000,2292000000,8791000000,6304000000,6499000000,8326000000,1021000000,13.65,-1479000000,222.81,109.82
2025-12-28,THC,14.7,20846000000.0,13.65,None,1.445,45.68,166000000,None,1373000000,1373000000,-98000000,-1202000000,-854000000,None,-175000000,None,None,-85000000,26000000,117224500,None,5323000000,5323000000,857000000,None,None,1600000000,None,None,382000000,233000000,103000000,103000000,None,-0.211,0.36,-71000000,311000000,3.34,2020-12-31,12.82,800000000,8561000000.0,3003000000,-360000000,-88000000,241000000,241000000,None,932000000,None,190000000,None,None,4784000000,None,None,546000000,None,None,None,0.154,446000000,3003000000,-16000000,340000000,1416000000,None,None,None,None,None,None,None,0.854,4.392,0.85,None,None,None,None,None,-13000000,None,0.065,None,4620000000,2025-10-28,quarterly,3.7,USD,pre-market,None,-1807000000,0.0775,0.274,0.032,226.32,2881000000,4803000000,19000000,5000000,173.44,202.99,10.7784,9812000000,3508000000,2292000000,8791000000,6304000000,6499000000,8326000000,1021000000,13.65,-1479000000,222.81,109.82
2025-12-28,THC,14.7,20846000000.0,13.65,None,1.445,45.68,86000000,None,1373000000,1373000000,-690000000,-117000000,-214000000,None,-14000000,None,None,-37000000,26000000,117224500,None,5323000000,5323000000,857000000,None,None,1600000000,None,None,382000000,215000000,84000000,84000000,None,-0.211,0.36,-71000000,311000000,3.34,2020-09-30,12.82,800000000,8561000000.0,3003000000,-360000000,-88000000,241000000,241000000,None,932000000,None,190000000,None,None,4784000000,None,None,-106000000,None,None,None,0.154,593000000,3003000000,-16000000,340000000,1416000000,None,None,None,None,None,None,None,0.854,4.392,0.85,None,None,None,None,None,-24000000,None,0.065,None,4620000000,2025-10-28,quarterly,3.7,USD,pre-market,None,-1807000000,0.0775,0.274,0.032,226.32,2881000000,4803000000,19000000,5000000,173.44,202.99,10.7784,9812000000,3508000000,2292000000,8791000000,6304000000,6499000000,8326000000,1021000000,13.65,-1479000000,222.81,109.82
2025-12-28,THC,14.7,20846000000.0,13.65,None,1.445,45.68,106000000,None,1373000000,1373000000,747000000,-85000000,2901000000,None,21000000,None,None,303000000,26000000,117224500,None,5323000000,5323000000,857000000,None,None,1600000000,None,None,382000000,206000000,24000000,24000000,None,-0.211,0.36,-71000000,311000000,3.34,2020-06-30,12.82,800000000,8561000000.0,3003000000,-360000000,-88000000,241000000,241000000,None,932000000,None,190000000,None,None,4784000000,None,None,169000000,None,None,None,0.154,2239000000,3003000000,-16000000,340000000,1416000000,None,None,None,None,None,None,None,0.854,4.392,0.85,None,None,None,None,None,6000000,None,0.065,None,4620000000,2025-10-28,quarterly,3.7,USD,pre-market,None,-1807000000,0.0775,0.274,0.032,226.32,2881000000,4803000000,19000000,5000000,173.44,202.99,10.7784,9812000000,3508000000,2292000000,8791000000,6304000000,6499000000,8326000000,1021000000,13.65,-1479000000,222.81,109.82
2025-12-28,THC,14.7,20846000000.0,13.65,None,1.445,45.68,182000000,None,1373000000,1373000000,426000000,-204000000,351000000,None,23000000,None,None,14000000,26000000,117224500,None,5323000000,5323000000,857000000,None,None,1600000000,None,None,382000000,203000000,76000000,76000000,None,-0.211,0.36,-71000000,311000000,3.34,2020-03-31,12.82,800000000,8561000000.0,3003000000,-360000000,-88000000,241000000,241000000,None,932000000,None,190000000,None,None,4784000000,None,None,159000000,None,None,None,0.154,129000000,3003000000,-16000000,340000000,1416000000,None,None,None,None,None,None,None,0.854,4.392,0.85,None,None,None,None,None,4000000,None,0.065,None,4620000000,2025-10-28,quarterly,3.7,USD,pre-market,None,-1807000000,0.0775,0.274,0.032,226.32,2881000000,4803000000,19000000,5000000,173.44,202.99,10.7784,9812000000,3508000000,2292000000,8791000000,6304000000,6499000000,8326000000,1021000000,13.65,-1479000000,222.81,109.82
2025-12-28,THC,14.7,20846000000.0,13.65,None,1.445,45.68,178000000,None,1373000000,1373000000,-379000000,-193000000,-52000000,None,4000000,None,None,-73000000,26000000,117224500,None,5323000000,5323000000,857000000,None,None,1600000000,None,None,382000000,223000000,84000000,84000000,None,-0.211,0.36,-71000000,311000000,3.34,2019-12-31,12.82,800000000,8561000000.0,3003000000,-360000000,-88000000,241000000,241000000,None,932000000,None,190000000,None,None,4784000000,None,None,129000000,None,None,None,0.154,520000000,3003000000,-16000000,340000000,1416000000,None,None,None,None,None,None,None,0.854,4.392,0.85,None,None,None,None,None,11000000,None,0.065,None,4620000000,2025-10-28,quarterly,3.7,USD,pre-market,None,-1807000000,0.0775,0.274,0.032,226.32,2881000000,4803000000,19000000,5000000,173.44,202.99,10.7784,9812000000,3508000000,2292000000,8791000000,6304000000,6499000000,8326000000,1021000000,13.65,-1479000000,222.81,109.82
2025-12-28,THC,14.7,20846000000.0,13.65,None,1.445,45.68,156000000,None,1373000000,1373000000,-231000000,-123000000,65000000,None,-34000000,None,None,-36000000,26000000,117224500,None,5323000000,5323000000,857000000,None,None,1600000000,None,None,382000000,205000000,79000000,79000000,None,-0.211,0.36,-71000000,311000000,3.34,2019-09-30,12.82,800000000,8561000000.0,3003000000,-360000000,-88000000,241000000,241000000,None,932000000,None,190000000,None,None,4784000000,None,None,-146000000,None,None,None,0.154,419000000,3003000000,-16000000,340000000,1416000000,None,None,None,None,None,None,None,0.854,4.392,0.85,None,None,None,None,None,5000000,None,0.065,None,4620000000,2025-10-28,quarterly,3.7,USD,pre-market,None,-1807000000,0.0775,0.274,0.032,226.32,2881000000,4803000000,19000000,5000000,173.44,202.99,10.7784,9812000000,3508000000,2292000000,8791000000,6304000000,6499000000,8326000000,1021000000,13.65,-1479000000,222.81,109.82
2025-12-28,THC,14.7,20846000000.0,13.65,None,1.445,45.68,144000000,None,1373000000,1373000000,-123000000,-164000000,-3000000,None,51000000,None,None,20000000,26000000,117224500,None,5323000000,5323000000,857000000,None,None,1600000000,None,None,382000000,214000000,70000000,70000000,None,-0.211,0.36,-71000000,311000000,3.34,2019-06-30,12.82,800000000,8561000000.0,3003000000,-360000000,-88000000,241000000,241000000,None,932000000,None,190000000,None,None,4784000000,None,None,121000000,None,None,None,0.154,284000000,3003000000,-16000000,340000000,1416000000,None,None,None,None,None,None,None,0.854,4.392,0.85,None,None,None,None,None,4000000,None,0.065,None,4620000000,2025-10-28,quarterly,3.7,USD,pre-market,None,-1807000000,0.0775,0.274,0.032,226.32,2881000000,4803000000,19000000,5000000,173.44,202.99,10.7784,9812000000,3508000000,2292000000,8791000000,6304000000,6499000000,8326000000,1021000000,13.65,-1479000000,222.81,109.82
2025-12-28,THC,14.7,20846000000.0,13.65,None,1.445,45.68,192000000,None,1373000000,1373000000,-30000000,-139000000,-159000000,None,-115000000,None,None,-158000000,26000000,117224500,None,5323000000,5323000000,857000000,None,None,1600000000,None,None,382000000,208000000,74000000,74000000,None,-0.211,0.36,-71000000,311000000,3.34,2019-03-31,12.82,800000000,8561000000.0,3003000000,-360000000,-88000000,241000000,241000000,None,932000000,None,190000000,None,None,4784000000,None,None,72000000,None,None,None,0.154,10000000,3003000000,-16000000,340000000,1416000000,None,None,None,None,None,None,None,0.854,4.392,0.85,None,None,None,None,None,2000000,None,0.065,None,4620000000,2025-10-28,quarterly,3.7,USD,pre-market,None,-1807000000,0.0775,0.274,0.032,226.32,2881000000,4803000000,19000000,5000000,173.44,202.99,10.7784,9812000000,3508000000,2292000000,8791000000,6304000000,6499000000,8326000000,1021000000,13.65,-1479000000,222.81,109.82
2025-12-28,THC,14.7,20846000000.0,13.65,None,1.445,45.68,213000000,None,1373000000,1373000000,-104000000,-235000000,-89000000,None,-56000000,None,None,-98000000,26000000,117224500,None,5323000000,5323000000,857000000,None,None,1600000000,None,None,382000000,200000000,572000000,572000000,None,-0.211,0.36,-71000000,311000000,3.34,2018-12-31,12.82,800000000,8561000000.0,3003000000,-360000000,-88000000,241000000,241000000,None,932000000,None,190000000,None,None,4784000000,None,None,102000000,None,None,None,0.154,250000000,3003000000,-16000000,340000000,1416000000,None,None,None,None,None,None,None,0.854,4.392,0.85,None,None,None,None,None,-640000000,None,0.065,None,4620000000,2025-10-28,quarterly,3.7,USD,pre-market,None,-1807000000,0.0775,0.274,0.032,226.32,2881000000,4803000000,19000000,5000000,173.44,202.99,10.7784,9812000000,3508000000,2292000000,8791000000,6304000000,6499000000,8326000000,1021000000,13.65,-1479000000,222.81,109.82
2025-12-28,THC,14.7,20846000000.0,13.65,None,1.445,45.68,136000000,None,1373000000,1373000000,-136000000,-105000000,97000000,None,-71000000,None,None,-23000000,26000000,117224500,None,5323000000,5323000000,857000000,None,None,1600000000,None,None,382000000,204000000,78000000,78000000,None,-0.211,0.36,-71000000,311000000,3.34,2018-09-30,12.82,800000000,8561000000.0,3003000000,-360000000,-88000000,241000000,241000000,None,932000000,None,190000000,None,None,4784000000,None,None,65000000,None,None,None,0.154,338000000,3003000000,-16000000,340000000,1416000000,None,None,None,None,None,None,None,0.854,4.392,0.85,None,None,None,None,None,8000000,None,0.065,None,4620000000,2025-10-28,quarterly,3.7,USD,pre-market,None,-1807000000,0.0775,0.274,0.032,226.32,2881000000,4803000000,19000000,5000000,173.44,202.99,10.7784,9812000000,3508000000,2292000000,8791000000,6304000000,6499000000,8326000000,1021000000,13.65,-1479000000,222.81,109.82
2025-12-28,THC,14.7,20846000000.0,13.65,None,1.445,45.68,125000000,None,1373000000,1373000000,-771000000,-148000000,-571000000,None,185000000,None,None,53000000,26000000,117224500,None,5323000000,5323000000,857000000,None,None,1600000000,None,None,382000000,194000000,709000000,709000000,None,-0.211,0.36,-71000000,311000000,3.34,2018-06-30,12.82,800000000,8561000000.0,3003000000,-360000000,-88000000,241000000,241000000,None,932000000,None,190000000,None,None,4784000000,None,None,108000000,None,None,None,0.154,348000000,3003000000,-16000000,340000000,1416000000,None,None,None,None,None,None,None,0.854,4.392,0.85,None,None,None,None,None,7000000,None,0.065,None,4620000000,2025-10-28,quarterly,3.7,USD,pre-market,None,-1807000000,0.0775,0.274,0.032,226.32,2881000000,4803000000,19000000,5000000,173.44,202.99,10.7784,9812000000,3508000000,2292000000,8791000000,6304000000,6499000000,8326000000,1021000000,13.65,-1479000000,222.81,109.82
2025-12-28,THC,14.7,20846000000.0,13.65,None,1.445,45.68,143000000,None,1373000000,1373000000,-123000000,373000000,363000000,None,-41000000,None,None,-66000000,26000000,117224500,None,5323000000,5323000000,857000000,None,None,1600000000,None,None,382000000,204000000,73000000,73000000,None,-0.211,0.36,-71000000,311000000,3.34,2018-03-31,12.82,800000000,8561000000.0,3003000000,-360000000,-88000000,241000000,241000000,None,932000000,None,190000000,None,None,4784000000,None,None,191000000,None,None,None,0.154,113000000,3003000000,-16000000,340000000,1416000000,None,None,None,None,None,None,None,0.854,4.392,0.85,None,None,None,None,None,14000000,None,0.065,None,4620000000,2025-10-28,quarterly,3.7,USD,pre-market,None,-1807000000,0.0775,0.274,0.032,226.32,2881000000,4803000000,19000000,5000000,173.44,202.99,10.7784,9812000000,3508000000,2292000000,8791000000,6304000000,6499000000,8326000000,1021000000,13.65,-1479000000,222.81,109.82
2025-12-28,THC,14.7,20846000000.0,13.65,None,1.445,45.68,215000000,None,1373000000,1373000000,-103000000,-206000000,182000000,None,-132000000,None,None,-402000000,26000000,117224500,None,5323000000,5323000000,857000000,None,None,1600000000,None,None,382000000,208000000,87000000,87000000,None,-0.211,0.36,-71000000,311000000,3.34,2017-12-31,12.82,800000000,8561000000.0,3003000000,-360000000,-88000000,241000000,241000000,None,932000000,None,190000000,None,None,4784000000,None,None,-99000000,None,None,None,0.154,491000000,3003000000,-16000000,340000000,1416000000,None,None,None,None,None,None,None,0.854,4.392,0.85,None,None,None,None,None,4000000,None,0.065,None,4620000000,2025-10-28,quarterly,3.7,USD,pre-market,None,-1807000000,0.0775,0.274,0.032,226.32,2881000000,4803000000,19000000,5000000,173.44,202.99,10.7784,9812000000,3508000000,2292000000,8791000000,6304000000,6499000000,8326000000,1021000000,13.65,-1479000000,222.81,109.82
2025-12-28,THC,14.7,20846000000.0,13.65,None,1.445,45.68,144000000,None,1373000000,1373000000,-889000000,535000000,-46000000,None,-63000000,None,None,-373000000,26000000,117224500,None,5323000000,5323000000,857000000,None,None,1600000000,None,None,382000000,219000000,772000000,772000000,None,-0.211,0.36,-71000000,311000000,3.34,2017-09-30,12.82,800000000,8561000000.0,3003000000,-360000000,-88000000,241000000,241000000,None,932000000,None,190000000,None,None,4784000000,None,None,-289000000,None,None,None,0.154,308000000,3003000000,-16000000,340000000,1416000000,None,None,None,None,None,None,None,0.854,4.392,0.85,None,None,None,None,None,17000000,None,0.065,None,4620000000,2025-10-28,quarterly,3.7,USD,pre-market,None,-1807000000,0.0775,0.274,0.032,226.32,2881000000,4803000000,19000000,5000000,173.44,202.99,10.7784,9812000000,3508000000,2292000000,8791000000,6304000000,6499000000,8326000000,1021000000,13.65,-1479000000,222.81,109.82
2025-12-28,THC,14.7,20846000000.0,13.65,None,1.445,45.68,150000000,None,1373000000,1373000000,-193000000,-119000000,-97000000,None,28000000,None,None,-227000000,26000000,117224500,None,5323000000,5323000000,857000000,None,None,1600000000,None,None,382000000,222000000,65000000,65000000,None,-0.211,0.36,-71000000,311000000,3.34,2017-06-30,12.82,800000000,8561000000.0,3003000000,-360000000,-88000000,241000000,241000000,None,932000000,None,190000000,None,None,4784000000,None,None,32000000,None,None,None,0.154,215000000,3003000000,-16000000,340000000,1416000000,None,None,None,None,None,None,None,0.854,4.392,0.85,None,None,None,None,None,5000000,None,0.065,None,4620000000,2025-10-28,quarterly,3.7,USD,pre-market,None,-1807000000,0.0775,0.274,0.032,226.32,2881000000,4803000000,19000000,5000000,173.44,202.99,10.7784,9812000000,3508000000,2292000000,8791000000,6304000000,6499000000,8326000000,1021000000,13.65,-1479000000,222.81,109.82
2025-12-28,THC,14.7,20846000000.0,13.65,None,1.445,45.68,198000000,None,1373000000,1373000000,-141000000,-189000000,-144000000,None,132000000,None,None,-446000000,26000000,117224500,None,5323000000,5323000000,857000000,None,None,1600000000,None,None,382000000,221000000,63000000,63000000,None,-0.211,0.36,-71000000,311000000,3.34,2017-03-31,12.82,800000000,8561000000.0,3003000000,-360000000,-88000000,241000000,241000000,None,932000000,None,190000000,None,None,4784000000,None,None,36000000,None,None,None,0.154,186000000,3003000000,-16000000,340000000,1416000000,None,None,None,None,None,None,None,0.854,4.392,0.85,None,None,None,None,None,12000000,None,0.065,None,4620000000,2025-10-28,quarterly,3.7,USD,pre-market,None,-1807000000,0.0775,0.274,0.032,226.32,2881000000,4803000000,19000000,5000000,173.44,202.99,10.7784,9812000000,3508000000,2292000000,8791000000,6304000000,6499000000,8326000000,1021000000,13.65,-1479000000,222.81,109.82
2025-12-28,THC,14.7,20846000000.0,13.65,None,1.445,45.68,261000000,None,1373000000,1373000000,640000000,-280000000,67000000,None,12000000,None,None,-448000000,26000000,117224500,None,5323000000,5323000000,857000000,None,None,1600000000,None,None,382000000,218000000,67000000,67000000,None,-0.211,0.36,-71000000,311000000,3.34,2016-12-31,12.82,800000000,8561000000.0,3003000000,-360000000,-88000000,241000000,241000000,None,932000000,None,190000000,None,None,4784000000,None,None,23000000,None,None,None,0.154,-293000000,3003000000,-16000000,340000000,1416000000,None,None,None,None,None,None,None,0.854,4.392,0.85,None,None,None,None,None,-3000000,None,0.065,None,4620000000,2025-10-28,quarterly,3.7,USD,pre-market,None,-1807000000,0.0775,0.274,0.032,226.32,2881000000,4803000000,19000000,5000000,173.44,202.99,10.7784,9812000000,3508000000,2292000000,8791000000,6304000000,6499000000,8326000000,1021000000,13.65,-1479000000,222.81,109.82
2025-12-28,THC,14.7,20846000000.0,13.65,None,1.445,45.68,201000000,None,1373000000,1373000000,-72000000,-204000000,-7000000,None,-65000000,None,None,-431000000,26000000,117224500,None,5323000000,5323000000,857000000,None,None,1600000000,None,None,382000000,205000000,56000000,56000000,None,-0.211,0.36,-71000000,311000000,3.34,2016-09-30,12.82,800000000,8561000000.0,3003000000,-360000000,-88000000,241000000,241000000,None,932000000,None,190000000,None,None,4784000000,None,None,80000000,None,None,None,0.154,269000000,3003000000,-16000000,340000000,1416000000,None,None,None,None,None,None,None,0.854,4.392,0.85,None,None,None,None,None,2000000,None,0.065,None,4620000000,2025-10-28,quarterly,3.7,USD,pre-market,None,-1807000000,0.0775,0.274,0.032,226.32,2881000000,4803000000,19000000,5000000,173.44,202.99,10.7784,9812000000,3508000000,2292000000,8791000000,6304000000,6499000000,8326000000,1021000000,13.65,-1479000000,222.81,109.82
2025-12-28,THC,14.7,20846000000.0,13.65,None,1.445,45.68,205000000,None,1373000000,1373000000,-241000000,-266000000,-72000000,None,-12000000,None,None,-272000000,26000000,117224500,None,5323000000,5323000000,857000000,None,None,1600000000,None,None,382000000,215000000,51000000,51000000,None,-0.211,0.36,-71000000,311000000,3.34,2016-06-30,12.82,800000000,8561000000.0,3003000000,-360000000,-88000000,241000000,241000000,None,932000000,None,190000000,None,None,4784000000,None,None,39000000,None,None,None,0.154,435000000,3003000000,-16000000,340000000,1416000000,None,None,None,None,None,None,None,0.854,4.392,0.85,None,None,None,None,None,-159000000,None,0.065,None,4620000000,2025-10-28,quarterly,3.7,USD,pre-market,None,-1807000000,0.0775,0.274,0.032,226.32,2881000000,4803000000,19000000,5000000,173.44,202.99,10.7784,9812000000,3508000000,2292000000,8791000000,6304000000,6499000000,8326000000,1021000000,13.65,-1479000000,222.81,109.82
2025-12-28,THC,14.7,20846000000.0,13.65,None,1.445,45.68,208000000,None,1373000000,1373000000,-95000000,320000000,372000000,None,-18000000,None,None,-453000000,26000000,117224500,None,5323000000,5323000000,857000000,None,None,1600000000,None,None,382000000,212000000,44000000,44000000,None,-0.211,0.36,-71000000,311000000,3.34,2016-03-31,12.82,800000000,8561000000.0,3003000000,-360000000,-88000000,241000000,241000000,None,932000000,None,190000000,None,None,4784000000,None,None,34000000,None,None,None,0.154,147000000,3003000000,-16000000,340000000,1416000000,None,None,None,None,None,None,None,0.854,4.392,0.85,None,None,None,None,None,0,None,0.065,None,4620000000,2025-10-28,quarterly,3.7,USD,pre-market,None,-1807000000,0.0775,0.274,0.032,226.32,2881000000,4803000000,19000000,5000000,173.44,202.99,10.7784,9812000000,3508000000,2292000000,8791000000,6304000000,6499000000,8326000000,1021000000,13.65,-1479000000,222.81,109.82
2025-12-28,THC,14.7,20846000000.0,13.65,None,1.445,45.68,276000000,None,1373000000,1373000000,-240000000,-45000000,-94000000,None,-68000000,None,None,-508000000,26000000,117224500,None,5323000000,5323000000,857000000,None,None,1600000000,None,None,382000000,208000000,760000000,760000000,None,-0.211,0.36,-71000000,311000000,3.34,2015-12-31,12.82,800000000,8561000000.0,3003000000,-360000000,-88000000,241000000,241000000,None,932000000,None,190000000,None,None,4784000000,None,None,2000000,None,None,None,0.154,191000000,3003000000,-16000000,340000000,1416000000,None,None,None,None,None,None,None,0.854,4.392,0.85,None,None,None,None,None,-40000000,None,0.065,None,4620000000,2025-10-28,quarterly,3.7,USD,pre-market,None,-1807000000,0.0775,0.274,0.032,226.32,2881000000,4803000000,19000000,5000000,173.44,202.99,10.7784,9812000000,3508000000,2292000000,8791000000,6304000000,6499000000,8326000000,1021000000,13.65,-1479000000,222.81,109.82
2025-12-28,THC,14.7,20846000000.0,13.65,None,1.445,45.68,207000000,None,1373000000,1373000000,-44000000,-287000000,151000000,None,-98000000,None,None,-345000000,26000000,117224500,None,5323000000,5323000000,857000000,None,None,1600000000,None,None,382000000,185000000,42000000,42000000,None,-0.211,0.36,-71000000,311000000,3.34,2015-09-30,12.82,800000000,8561000000.0,3003000000,-360000000,-88000000,241000000,241000000,None,932000000,None,190000000,None,None,4784000000,None,None,28000000,None,None,None,0.154,482000000,3003000000,-16000000,340000000,1416000000,None,None,None,None,None,None,None,0.854,4.392,0.85,None,None,None,None,None,6000000,None,0.065,None,4620000000,2025-10-28,quarterly,3.7,USD,pre-market,None,-1807000000,0.0775,0.274,0.032,226.32,2881000000,4803000000,19000000,5000000,173.44,202.99,10.7784,9812000000,3508000000,2292000000,8791000000,6304000000,6499000000,8326000000,1021000000,13.65,-1479000000,222.81,109.82
2025-12-28,THC,14.7,20846000000.0,13.65,None,1.445,45.68,175000000,None,1373000000,1373000000,502000000,-798000000,114000000,None,110000000,None,None,-295000000,26000000,117224500,None,5323000000,5323000000,857000000,None,None,1600000000,None,None,382000000,197000000,12000000,12000000,None,-0.211,0.36,-71000000,311000000,3.34,2015-06-30,12.82,800000000,8561000000.0,3003000000,-360000000,-88000000,241000000,241000000,None,932000000,None,190000000,None,None,4784000000,None,None,-28000000,None,None,None,0.154,410000000,3003000000,-16000000,340000000,1416000000,None,None,None,None,None,None,None,0.854,4.392,0.85,None,None,None,None,None,3000000,None,0.065,None,4620000000,2025-10-28,quarterly,3.7,USD,pre-market,None,-1807000000,0.0775,0.274,0.032,226.32,2881000000,4803000000,19000000,5000000,173.44,202.99,10.7784,9812000000,3508000000,2292000000,8791000000,6304000000,6499000000,8326000000,1021000000,13.65,-1479000000,222.81,109.82
2025-12-28,THC,14.7,20846000000.0,13.65,None,1.445,45.68,184000000,None,1373000000,1373000000,236000000,-187000000,-8000000,None,-74000000,None,None,-484000000,26000000,117224500,None,5323000000,5323000000,857000000,None,None,1600000000,None,None,382000000,207000000,11000000,11000000,None,-0.211,0.36,-71000000,311000000,3.34,2015-03-31,12.82,800000000,8561000000.0,3003000000,-360000000,-88000000,241000000,241000000,None,932000000,None,190000000,None,None,4784000000,None,None,76000000,None,None,None,0.154,-57000000,3003000000,-16000000,340000000,1416000000,None,None,None,None,None,None,None,0.854,4.392,0.85,None,None,None,None,None,-245000000,None,0.065,None,4620000000,2025-10-28,quarterly,3.7,USD,pre-market,None,-1807000000,0.0775,0.274,0.032,226.32,2881000000,4803000000,19000000,5000000,173.44,202.99,10.7784,9812000000,3508000000,2292000000,8791000000,6304000000,6499000000,8326000000,1021000000,13.65,-1479000000,222.81,109.82
2025-12-28,THC,14.7,20846000000.0,13.65,None,1.445,45.68,199000000,None,1373000000,1373000000,182000000,-408000000,-7000000,None,-326000000,None,None,-587000000,26000000,117224500,None,5323000000,5323000000,857000000,None,None,1600000000,None,None,382000000,240000000,15000000,15000000,None,-0.211,0.36,-71000000,311000000,3.34,2014-12-31,12.82,800000000,8561000000.0,3003000000,-360000000,-88000000,241000000,241000000,None,932000000,None,190000000,None,None,4784000000,None,None,81000000,None,None,None,0.154,219000000,3003000000,-16000000,340000000,1416000000,None,None,None,None,None,None,None,0.854,4.392,0.85,None,None,None,None,None,6000000,None,0.065,None,4620000000,2025-10-28,quarterly,3.7,USD,pre-market,None,-1807000000,0.0775,0.274,0.032,226.32,2881000000,4803000000,19000000,5000000,173.44,202.99,10.7784,9812000000,3508000000,2292000000,8791000000,6304000000,6499000000,8326000000,1021000000,13.65,-1479000000,222.81,109.82
2025-12-28,THC,14.7,20846000000.0,13.65,None,1.445,45.68,211000000,None,1373000000,1373000000,-89000000,-338000000,-206000000,None,-66000000,None,None,-372000000,26000000,117224500,None,5323000000,5323000000,857000000,None,None,1600000000,None,None,382000000,207000000,10000000,10000000,None,-0.211,0.36,-71000000,311000000,3.34,2014-09-30,12.82,800000000,8561000000.0,3003000000,-360000000,-88000000,241000000,241000000,None,932000000,None,190000000,None,None,4784000000,None,None,18000000,None,None,None,0.154,221000000,3003000000,-16000000,340000000,1416000000,None,None,None,None,None,None,None,0.854,4.392,0.85,None,None,None,None,None,14000000,None,0.065,None,4620000000,2025-10-28,quarterly,3.7,USD,pre-market,None,-1807000000,0.0775,0.274,0.032,226.32,2881000000,4803000000,19000000,5000000,173.44,202.99,10.7784,9812000000,3508000000,2292000000,8791000000,6304000000,6499000000,8326000000,1021000000,13.65,-1479000000,222.81,109.82
2025-12-28,THC,14.7,20846000000.0,13.65,None,1.445,45.68,242000000,None,1373000000,1373000000,284000000,-285000000,265000000,None,138000000,None,None,-380000000,26000000,117224500,None,5323000000,5323000000,857000000,None,None,1600000000,None,None,382000000,209000000,9000000,9000000,None,-0.211,0.36,-71000000,311000000,3.34,2014-06-30,12.82,800000000,8561000000.0,3003000000,-360000000,-88000000,241000000,241000000,None,932000000,None,190000000,None,None,4784000000,None,None,-7000000,None,None,None,0.154,266000000,3003000000,-16000000,340000000,1416000000,None,None,None,None,None,None,None,0.854,4.392,0.85,None,None,None,None,None,5000000,None,0.065,None,4620000000,2025-10-28,quarterly,3.7,USD,pre-market,None,-1807000000,0.0775,0.274,0.032,226.32,2881000000,4803000000,19000000,5000000,173.44,202.99,10.7784,9812000000,3508000000,2292000000,8791000000,6304000000,6499000000,8326000000,1021000000,13.65,-1479000000,222.81,109.82
2025-12-28,THC,14.7,20846000000.0,13.65,None,1.445,45.68,281000000,None,1373000000,1373000000,338000000,-291000000,28000000,None,-60000000,None,None,-557000000,26000000,117224500,None,5323000000,5323000000,857000000,None,None,1600000000,None,None,382000000,193000000,11000000,11000000,None,-0.211,0.36,-71000000,311000000,3.34,2014-03-31,12.82,800000000,8561000000.0,3003000000,-360000000,-88000000,241000000,241000000,None,932000000,None,190000000,None,None,4784000000,None,None,-16000000,None,None,None,0.154,-19000000,3003000000,-16000000,340000000,1416000000,None,None,None,None,None,None,None,0.854,4.392,0.85,None,None,None,None,None,19000000,None,0.065,None,4620000000,2025-10-28,quarterly,3.7,USD,pre-market,None,-1807000000,0.0775,0.274,0.032,226.32,2881000000,4803000000,19000000,5000000,173.44,202.99,10.7784,9812000000,3508000000,2292000000,8791000000,6304000000,6499000000,8326000000,1021000000,13.65,-1479000000,222.81,109.82
2025-12-28,THC,14.7,20846000000.0,13.65,None,1.445,45.68,293000000,None,1373000000,1373000000,1431000000,-1655000000,31000000,None,29000000,None,None,-398000000,26000000,117224500,None,5323000000,5323000000,857000000,None,None,1600000000,None,None,382000000,191000000,5058000000,5058000000,None,-0.211,0.36,-71000000,311000000,3.34,2013-12-31,12.82,800000000,8561000000.0,3003000000,-360000000,-88000000,241000000,241000000,None,932000000,None,190000000,None,None,4784000000,None,None,-14000000,None,None,None,0.154,255000000,3003000000,-16000000,340000000,1416000000,None,None,None,None,None,None,None,0.854,4.392,0.85,None,None,None,None,None,-100000000,None,0.065,None,4620000000,2025-10-28,quarterly,3.7,USD,pre-market,None,-1807000000,0.0775,0.274,0.032,226.32,2881000000,4803000000,19000000,5000000,173.44,202.99,10.7784,9812000000,3508000000,2292000000,8791000000,6304000000,6499000000,8326000000,1021000000,13.65,-1479000000,222.81,109.82
2025-12-28,THC,14.7,20846000000.0,13.65,None,1.445,45.68,142000000,None,1373000000,1373000000,35000000,-249000000,-8000000,None,7000000,None,None,-217000000,26000000,117224500,None,5323000000,5323000000,857000000,None,None,1600000000,None,None,382000000,119000000,8000000,8000000,None,-0.211,0.36,-71000000,311000000,3.34,2013-09-30,12.82,800000000,8561000000.0,3003000000,-360000000,-88000000,241000000,241000000,None,932000000,None,190000000,None,None,4784000000,None,None,36000000,None,None,None,0.154,206000000,3003000000,-16000000,340000000,1416000000,None,None,None,None,None,None,None,0.854,4.392,0.85,None,None,None,None,None,-108000000,None,0.065,None,4620000000,2025-10-28,quarterly,3.7,USD,pre-market,None,-1807000000,0.0775,0.274,0.032,226.32,2881000000,4803000000,19000000,5000000,173.44,202.99,10.7784,9812000000,3508000000,2292000000,8791000000,6304000000,6499000000,8326000000,1021000000,13.65,-1479000000,222.81,109.82
2025-12-28,THC,14.7,20846000000.0,13.65,None,1.445,45.68,123000000,None,1373000000,1373000000,-9000000,-156000000,-5000000,None,-122000000,None,None,-194000000,26000000,117224500,None,5323000000,5323000000,857000000,None,None,1600000000,None,None,382000000,121000000,4000000,4000000,None,-0.211,0.36,-71000000,311000000,3.34,2013-06-30,12.82,800000000,8561000000.0,3003000000,-360000000,-88000000,241000000,241000000,None,932000000,None,190000000,None,None,4784000000,None,None,-43000000,None,None,None,0.154,160000000,3003000000,-16000000,340000000,1416000000,None,None,None,None,None,None,None,0.854,4.392,0.85,None,None,None,None,None,-92000000,None,0.065,None,4620000000,2025-10-28,quarterly,3.7,USD,pre-market,None,-1807000000,0.0775,0.274,0.032,226.32,2881000000,4803000000,19000000,5000000,173.44,202.99,10.7784,9812000000,3508000000,2292000000,8791000000,6304000000,6499000000,8326000000,1021000000,13.65,-1479000000,222.81,109.82
2025-12-28,THC,14.7,20846000000.0,13.65,None,1.445,45.68,133000000,None,1373000000,1373000000,-133000000,-104000000,-269000000,None,-44000000,None,None,-251000000,26000000,117224500,None,5323000000,5323000000,857000000,None,None,1600000000,None,None,382000000,114000000,6000000,6000000,None,-0.211,0.36,-71000000,311000000,3.34,2013-03-31,12.82,800000000,8561000000.0,3003000000,-360000000,-88000000,241000000,241000000,None,932000000,None,190000000,None,None,4784000000,None,None,-83000000,None,None,None,0.154,-32000000,3003000000,-16000000,340000000,1416000000,None,None,None,None,None,None,None,0.854,4.392,0.85,None,None,None,None,None,-100000000,None,0.065,None,4620000000,2025-10-28,quarterly,3.7,USD,pre-market,None,-1807000000,0.0775,0.274,0.032,226.32,2881000000,4803000000,19000000,5000000,173.44,202.99,10.7784,9812000000,3508000000,2292000000,8791000000,6304000000,6499000000,8326000000,1021000000,13.65,-1479000000,222.81,109.82
2025-12-28,THC,14.7,20846000000.0,13.65,None,1.445,45.68,148000000,None,1373000000,1373000000,341000000,-316000000,281000000,None,47000000,None,None,-215000000,26000000,117224500,None,5323000000,5323000000,857000000,None,None,1600000000,None,None,382000000,116000000,1000000,1000000,None,-0.211,0.36,-71000000,311000000,3.34,2012-12-31,12.82,800000000,8561000000.0,3003000000,-360000000,-88000000,241000000,241000000,None,932000000,None,190000000,None,None,4784000000,None,None,54000000,None,None,None,0.154,256000000,3003000000,-16000000,340000000,1416000000,None,None,None,None,None,None,None,0.854,4.392,0.85,None,None,None,None,None,-100000000,None,0.065,None,4620000000,2025-10-28,quarterly,3.7,USD,pre-market,None,-1807000000,0.0775,0.274,0.032,226.32,2881000000,4803000000,19000000,5000000,173.44,202.99,10.7784,9812000000,3508000000,2292000000,8791000000,6304000000,6499000000,8326000000,1021000000,13.65,-1479000000,222.81,109.82
2025-12-28,THC,14.7,20846000000.0,13.65,None,1.445,45.68,108000000,None,1373000000,1373000000,-37000000,-98000000,1000000,None,10000000,None,None,-203000000,26000000,117224500,None,5323000000,5323000000,857000000,None,None,1600000000,None,None,382000000,110000000,1000000,1000000,None,-0.211,0.36,-71000000,311000000,3.34,2012-09-30,12.82,800000000,8561000000.0,3003000000,-360000000,-88000000,241000000,241000000,None,932000000,None,190000000,None,None,4784000000,None,None,32000000,None,None,None,0.154,136000000,3003000000,-16000000,340000000,1416000000,None,None,None,None,None,None,None,0.854,4.392,0.85,None,None,None,None,None,0,None,0.065,None,4620000000,2025-10-28,quarterly,3.7,USD,pre-market,None,-1807000000,0.0775,0.274,0.032,226.32,2881000000,4803000000,19000000,5000000,173.44,202.99,10.7784,9812000000,3508000000,2292000000,8791000000,6304000000,6499000000,8326000000,1021000000,13.65,-1479000000,222.81,109.82
2025-12-28,THC,14.7,20846000000.0,13.65,None,1.445,45.68,116000000,None,1373000000,1373000000,-153000000,-112000000,-22000000,None,-108000000,None,None,-124000000,26000000,117224500,None,5323000000,5323000000,857000000,None,None,1600000000,None,None,382000000,104000000,6000000,6000000,None,-0.211,0.36,-71000000,311000000,3.34,2012-06-30,12.82,800000000,8561000000.0,3003000000,-360000000,-88000000,241000000,241000000,None,932000000,None,190000000,None,None,4784000000,None,None,-20000000,None,None,None,0.154,243000000,3003000000,-16000000,340000000,1416000000,None,None,None,None,None,None,None,0.854,4.392,0.85,None,None,None,None,None,-292000000,None,0.065,None,4620000000,2025-10-28,quarterly,3.7,USD,pre-market,None,-1807000000,0.0775,0.274,0.032,226.32,2881000000,4803000000,19000000,5000000,173.44,202.99,10.7784,9812000000,3508000000,2292000000,8791000000,6304000000,6499000000,8326000000,1021000000,13.65,-1479000000,222.81,109.82
2025-12-28,THC,14.7,20846000000.0,13.65,None,1.445,45.68,136000000,None,1373000000,1373000000,169000000,-136000000,-9000000,None,-8000000,None,None,-326000000,26000000,117224500,None,5323000000,5323000000,857000000,None,None,1600000000,None,None,382000000,100000000,6000000,6000000,None,-0.211,0.36,-71000000,311000000,3.34,2012-03-31,12.82,800000000,8561000000.0,3003000000,-360000000,-88000000,241000000,241000000,None,932000000,None,190000000,None,None,4784000000,None,None,67000000,None,None,None,0.154,-42000000,3003000000,-16000000,340000000,1416000000,None,None,None,None,None,None,None,0.854,4.392,0.85,None,None,None,None,None,-26000000,None,0.065,None,4620000000,2025-10-28,quarterly,3.7,USD,pre-market,None,-1807000000,0.0775,0.274,0.032,226.32,2881000000,4803000000,19000000,5000000,173.44,202.99,10.7784,9812000000,3508000000,2292000000,8791000000,6304000000,6499000000,8326000000,1021000000,13.65,-1479000000,222.81,109.82
2025-12-28,THC,14.7,20846000000.0,13.65,None,1.445,45.68,177000000,None,1373000000,1373000000,-66000000,-179000000,-72000000,None,-2000000,None,None,-240000000,26000000,117224500,None,5323000000,5323000000,857000000,None,None,1600000000,None,None,382000000,105000000,6000000,6000000,None,-0.211,0.36,-71000000,311000000,3.34,2011-12-31,12.82,800000000,8561000000.0,3003000000,-360000000,-88000000,241000000,241000000,None,932000000,None,190000000,None,None,4784000000,None,None,-66000000,None,None,None,0.154,173000000,3003000000,-16000000,340000000,1416000000,None,None,None,None,None,None,None,0.854,4.392,0.85,None,None,None,None,None,-178000000,None,0.065,None,4620000000,2025-10-28,quarterly,3.7,USD,pre-market,None,-1807000000,0.0775,0.274,0.032,226.32,2881000000,4803000000,19000000,5000000,173.44,202.99,10.7784,9812000000,3508000000,2292000000,8791000000,6304000000,6499000000,8326000000,1021000000,13.65,-1479000000,222.81,109.82
2025-12-28,THC,14.7,20846000000.0,13.65,None,1.445,45.68,100000000,None,1373000000,1373000000,-134000000,-93000000,-79000000,None,22000000,None,None,-155000000,26000000,117224500,None,5323000000,5323000000,857000000,None,None,1600000000,None,None,382000000,100000000,6000000,6000000,None,-0.211,0.36,-71000000,311000000,3.34,2011-09-30,12.82,800000000,8561000000.0,3003000000,-360000000,-88000000,241000000,241000000,None,932000000,None,190000000,None,None,4784000000,None,None,15000000,None,None,None,0.154,148000000,3003000000,-16000000,340000000,1416000000,None,None,None,None,None,None,None,0.854,4.392,0.85,None,None,None,None,None,-124000000,None,0.065,None,4620000000,2025-10-28,quarterly,3.7,USD,pre-market,None,-1807000000,0.0775,0.274,0.032,226.32,2881000000,4803000000,19000000,5000000,173.44,202.99,10.7784,9812000000,3508000000,2292000000,8791000000,6304000000,6499000000,8326000000,1021000000,13.65,-1479000000,222.81,109.82
2025-12-28,THC,14.7,20846000000.0,13.65,None,1.445,45.68,82000000,None,1373000000,1373000000,-79000000,-102000000,-3000000,None,59000000,None,None,-192000000,26000000,117224500,None,5323000000,5323000000,857000000,None,None,1600000000,None,None,382000000,97000000,6000000,6000000,None,-0.211,0.36,-71000000,311000000,3.34,2011-06-30,12.82,800000000,8561000000.0,3003000000,-360000000,-88000000,241000000,241000000,None,932000000,None,190000000,None,None,4784000000,None,None,63000000,None,None,None,0.154,178000000,3003000000,-16000000,340000000,1416000000,None,None,None,None,None,None,None,0.854,4.392,0.85,None,None,None,None,None,-72000000,None,0.065,None,4620000000,2025-10-28,quarterly,3.7,USD,pre-market,None,-1807000000,0.0775,0.274,0.032,226.32,2881000000,4803000000,19000000,5000000,173.44,202.99,10.7784,9812000000,3508000000,2292000000,8791000000,6304000000,6499000000,8326000000,1021000000,13.65,-1479000000,222.81,109.82
2025-12-28,THC,14.7,20846000000.0,13.65,None,1.445,45.68,116000000,None,1373000000,1373000000,-7000000,-129000000,-138000000,None,-113000000,None,None,-278000000,26000000,117224500,None,5323000000,5323000000,857000000,None,None,1600000000,None,None,382000000,101000000,6000000,6000000,None,-0.211,0.36,-71000000,311000000,3.34,2011-03-31,12.82,800000000,8561000000.0,3003000000,-360000000,-88000000,241000000,241000000,None,932000000,None,190000000,None,None,4784000000,None,None,82000000,None,None,None,0.154,-2000000,3003000000,-16000000,340000000,1416000000,None,None,None,None,None,None,None,0.854,4.392,0.85,None,None,None,None,None,0,None,0.065,None,4620000000,2025-10-28,quarterly,3.7,USD,pre-market,None,-1807000000,0.0775,0.274,0.032,226.32,2881000000,4803000000,19000000,5000000,173.44,202.99,10.7784,9812000000,3508000000,2292000000,8791000000,6304000000,6499000000,8326000000,1021000000,13.65,-1479000000,222.81,109.82
2025-12-28,THC,14.7,20846000000.0,13.65,None,1.445,45.68,196000000,None,1373000000,1373000000,-19000000,-149000000,None,None,-19000000,None,None,None,26000000,117224500,None,5323000000,5323000000,857000000,None,None,1600000000,None,None,382000000,132000000,14000000,14000000,None,-0.211,0.36,-71000000,311000000,3.34,2010-12-31,12.82,800000000,8561000000.0,3003000000,-360000000,-88000000,241000000,241000000,None,932000000,None,190000000,None,None,4784000000,None,None,82000000,None,None,None,0.154,175000000,3003000000,-16000000,340000000,1416000000,None,None,None,None,None,None,None,0.854,4.392,0.85,None,None,None,None,None,None,None,0.065,None,4620000000,2025-10-28,quarterly,3.7,USD,pre-market,None,-1807000000,0.0775,0.274,0.032,226.32,2881000000,4803000000,19000000,5000000,173.44,202.99,10.7784,9812000000,3508000000,2292000000,8791000000,6304000000,6499000000,8326000000,1021000000,13.65,-1479000000,222.81,109.82
2025-12-28,THC,14.7,20846000000.0,13.65,None,1.445,45.68,120000000,None,1373000000,1373000000,-296000000,-145000000,None,None,10000000,None,None,None,26000000,117224500,None,5323000000,5323000000,857000000,None,None,1600000000,None,None,382000000,101000000,6000000,6000000,None,-0.211,0.36,-71000000,311000000,3.34,2010-09-30,12.82,800000000,8561000000.0,3003000000,-360000000,-88000000,241000000,241000000,None,932000000,None,190000000,None,None,4784000000,None,None,940000000,None,None,None,0.154,128000000,3003000000,-16000000,340000000,1416000000,None,None,None,None,None,None,None,0.854,4.392,0.85,None,None,None,None,None,0,None,0.065,None,4620000000,2025-10-28,quarterly,3.7,USD,pre-market,None,-1807000000,0.0775,0.274,0.032,226.32,2881000000,4803000000,19000000,5000000,173.44,202.99,10.7784,9812000000,3508000000,2292000000,8791000000,6304000000,6499000000,8326000000,1021000000,13.65,-1479000000,222.81,109.82
2025-12-28,THC,14.7,20846000000.0,13.65,None,1.445,45.68,77000000,None,1373000000,1373000000,-11000000,-58000000,None,None,-11000000,None,None,None,26000000,117224500,None,5323000000,5323000000,857000000,None,None,1600000000,None,None,382000000,89000000,6000000,6000000,None,-0.211,0.36,-71000000,311000000,3.34,2010-06-30,12.82,800000000,8561000000.0,3003000000,-360000000,-88000000,241000000,241000000,None,932000000,None,190000000,None,None,4784000000,None,None,41000000,None,None,None,0.154,191000000,3003000000,-16000000,340000000,1416000000,None,None,None,None,None,None,None,0.854,4.392,0.85,None,None,None,None,None,0,None,0.065,None,4620000000,2025-10-28,quarterly,3.7,USD,pre-market,None,-1807000000,0.0775,0.274,0.032,226.32,2881000000,4803000000,19000000,5000000,173.44,202.99,10.7784,9812000000,3508000000,2292000000,8791000000,6304000000,6499000000,8326000000,1021000000,13.65,-1479000000,222.81,109.82
2025-12-28,THC,14.7,20846000000.0,13.65,None,1.445,45.68,83000000,None,1373000000,1373000000,-11000000,-68000000,None,None,3000000,None,None,None,26000000,117224500,None,5323000000,5323000000,857000000,None,None,1600000000,None,None,382000000,103000000,6000000,6000000,None,-0.211,0.36,-71000000,311000000,3.34,2010-03-31,12.82,800000000,8561000000.0,3003000000,-360000000,-88000000,241000000,241000000,None,932000000,None,190000000,None,None,4784000000,None,None,89000000,None,None,None,0.154,-22000000,3003000000,-16000000,340000000,1416000000,None,None,None,None,None,None,None,0.854,4.392,0.85,None,None,None,None,None,None,None,0.065,None,4620000000,2025-10-28,quarterly,3.7,USD,pre-market,None,-1807000000,0.0775,0.274,0.032,226.32,2881000000,4803000000,19000000,5000000,173.44,202.99,10.7784,9812000000,3508000000,2292000000,8791000000,6304000000,6499000000,8326000000,1021000000,13.65,-1479000000,222.81,109.82
2025-12-28,THC,14.7,20846000000.0,13.65,None,1.445,45.68,192000000,None,1373000000,1373000000,-2000000,-180000000,None,None,3000000,None,None,None,26000000,117224500,None,5323000000,5323000000,857000000,None,None,1600000000,None,None,382000000,95000000,2000000,2000000,None,-0.211,0.36,-71000000,311000000,3.34,2009-12-31,12.82,800000000,8561000000.0,3003000000,-360000000,-88000000,241000000,241000000,None,932000000,None,190000000,None,None,4784000000,None,None,-3000000,None,None,None,0.154,141000000,3003000000,-16000000,340000000,1416000000,None,None,None,None,None,None,None,0.854,4.392,0.85,None,None,None,None,None,-332000000,None,0.065,None,4620000000,2025-10-28,quarterly,3.7,USD,pre-market,None,-1807000000,0.0775,0.274,0.032,226.32,2881000000,4803000000,19000000,5000000,173.44,202.99,10.7784,9812000000,3508000000,2292000000,8791000000,6304000000,6499000000,8326000000,1021000000,13.65,-1479000000,222.81,109.82
2025-12-28,THC,14.7,20846000000.0,13.65,None,1.445,45.68,91000000,None,1373000000,1373000000,-52000000,-95000000,None,None,-9000000,None,None,None,26000000,117224500,None,5323000000,5323000000,857000000,None,None,1600000000,None,None,382000000,97000000,None,None,None,-0.211,0.36,-71000000,311000000,3.34,2009-09-30,12.82,800000000,8561000000.0,3003000000,-360000000,-88000000,241000000,241000000,None,932000000,None,190000000,None,None,4784000000,None,None,-1000000,None,None,None,0.154,120000000,3003000000,-16000000,340000000,1416000000,None,None,None,None,None,None,None,0.854,4.392,0.85,None,None,None,None,None,None,None,0.065,None,4620000000,2025-10-28,quarterly,3.7,USD,pre-market,None,-1807000000,0.0775,0.274,0.032,226.32,2881000000,4803000000,19000000,5000000,173.44,202.99,10.7784,9812000000,3508000000,2292000000,8791000000,6304000000,6499000000,8326000000,1021000000,13.65,-1479000000,222.81,109.82
2025-12-28,THC,14.7,20846000000.0,13.65,None,1.445,45.68,71000000,None,1373000000,1373000000,-40000000,-24000000,None,None,None,None,None,None,26000000,117224500,None,5323000000,5323000000,857000000,None,None,1600000000,None,None,382000000,98000000,None,None,None,-0.211,0.36,-71000000,311000000,3.34,2009-06-30,12.82,800000000,8561000000.0,3003000000,-360000000,-88000000,241000000,241000000,None,932000000,None,190000000,None,None,4784000000,None,None,-26000000,None,None,None,0.154,170000000,3003000000,-16000000,340000000,1416000000,None,None,None,None,None,None,None,0.854,4.392,0.85,None,None,None,None,None,None,None,0.065,None,4620000000,2025-10-28,quarterly,3.7,USD,pre-market,None,-1807000000,0.0775,0.274,0.032,226.32,2881000000,4803000000,19000000,5000000,173.44,202.99,10.7784,9812000000,3508000000,2292000000,8791000000,6304000000,6499000000,8326000000,1021000000,13.65,-1479000000,222.81,109.82
2025-12-28,THC,14.7,20846000000.0,13.65,None,1.445,45.68,102000000,None,1373000000,1373000000,-23000000,174000000,None,None,-16000000,None,None,None,26000000,117224500,None,5323000000,5323000000,857000000,None,None,1600000000,None,None,382000000,96000000,2000000,2000000,None,-0.211,0.36,-71000000,311000000,3.34,2009-03-31,12.82,800000000,8561000000.0,3003000000,-360000000,-88000000,241000000,241000000,None,932000000,None,190000000,None,None,4784000000,None,None,195000000,None,None,None,0.154,-6000000,3003000000,-16000000,340000000,1416000000,None,None,None,None,None,None,None,0.854,4.392,0.85,None,None,None,None,None,None,None,0.065,None,4620000000,2025-10-28,quarterly,3.7,USD,pre-market,None,-1807000000,0.0775,0.274,0.032,226.32,2881000000,4803000000,19000000,5000000,173.44,202.99,10.7784,9812000000,3508000000,2292000000,8791000000,6304000000,6499000000,8326000000,1021000000,13.65,-1479000000,222.81,109.82
2025-12-28,THC,14.7,20846000000.0,13.65,None,1.445,45.68,150000000,None,1373000000,1373000000,-1000000,-71000000,None,None,-6000000,None,None,None,26000000,117224500,None,5323000000,5323000000,857000000,None,None,1600000000,None,None,382000000,96000000,None,None,None,-0.211,0.36,-71000000,311000000,3.34,2008-12-31,12.82,800000000,8561000000.0,3003000000,-360000000,-88000000,241000000,241000000,None,932000000,None,190000000,None,None,4784000000,None,None,-33000000,None,None,None,0.154,67000000,3003000000,-16000000,340000000,1416000000,None,None,None,None,None,None,None,0.854,4.392,0.85,None,None,None,None,None,None,None,0.065,None,4620000000,2025-10-28,quarterly,3.7,USD,pre-market,None,-1807000000,0.0775,0.274,0.032,226.32,2881000000,4803000000,19000000,5000000,173.44,202.99,10.7784,9812000000,3508000000,2292000000,8791000000,6304000000,6499000000,8326000000,1021000000,13.65,-1479000000,222.81,109.82
2025-12-28,THC,14.7,20846000000.0,13.65,None,1.445,45.68,108000000,None,1373000000,1373000000,1000000,8000000,None,None,-10000000,None,None,None,26000000,117224500,None,5323000000,5323000000,857000000,None,None,1600000000,None,None,382000000,94000000,None,None,None,-0.211,0.36,-71000000,311000000,3.34,2008-09-30,12.82,800000000,8561000000.0,3003000000,-360000000,-88000000,241000000,241000000,None,932000000,None,190000000,None,None,4784000000,None,None,124000000,None,None,None,0.154,151000000,3003000000,-16000000,340000000,1416000000,None,None,None,None,None,None,None,0.854,4.392,0.85,None,None,None,None,None,None,None,0.065,None,4620000000,2025-10-28,quarterly,3.7,USD,pre-market,None,-1807000000,0.0775,0.274,0.032,226.32,2881000000,4803000000,19000000,5000000,173.44,202.99,10.7784,9812000000,3508000000,2292000000,8791000000,6304000000,6499000000,8326000000,1021000000,13.65,-1479000000,222.81,109.82
2025-12-28,THC,14.7,20846000000.0,13.65,None,1.445,45.68,101000000,None,1373000000,1373000000,1000000,-50000000,None,None,13000000,None,None,None,26000000,117224500,None,5323000000,5323000000,857000000,None,None,1600000000,None,None,382000000,93000000,None,None,None,-0.211,0.36,-71000000,311000000,3.34,2008-06-30,12.82,800000000,8561000000.0,3003000000,-360000000,-88000000,241000000,241000000,None,932000000,None,190000000,None,None,4784000000,None,None,-19000000,None,None,None,0.154,123000000,3003000000,-16000000,340000000,1416000000,None,None,None,None,None,None,None,0.854,4.392,0.85,None,None,None,None,None,None,None,0.065,None,4620000000,2025-10-28,quarterly,3.7,USD,pre-market,None,-1807000000,0.0775,0.274,0.032,226.32,2881000000,4803000000,19000000,5000000,173.44,202.99,10.7784,9812000000,3508000000,2292000000,8791000000,6304000000,6499000000,8326000000,1021000000,13.65,-1479000000,222.81,109.82
2025-12-28,THC,14.7,20846000000.0,13.65,None,1.445,45.68,188000000,None,1373000000,1373000000,1000000,-161000000,None,None,3000000,None,None,None,26000000,117224500,None,5323000000,5323000000,857000000,None,None,1600000000,None,None,382000000,90000000,None,None,None,-0.211,0.36,-71000000,311000000,3.34,2008-03-31,12.82,800000000,8561000000.0,3003000000,-360000000,-88000000,241000000,241000000,None,932000000,None,190000000,None,None,4784000000,None,None,-25000000,None,None,None,0.154,-133000000,3003000000,-16000000,340000000,1416000000,None,None,None,None,None,None,None,0.854,4.392,0.85,None,None,None,None,None,None,None,0.065,None,4620000000,2025-10-28,quarterly,3.7,USD,pre-market,None,-1807000000,0.0775,0.274,0.032,226.32,2881000000,4803000000,19000000,5000000,173.44,202.99,10.7784,9812000000,3508000000,2292000000,8791000000,6304000000,6499000000,8326000000,1021000000,13.65,-1479000000,222.81,109.82
2025-12-28,THC,14.7,20846000000.0,13.65,None,1.445,45.68,300000000,None,1373000000,1373000000,2000000,-197000000,None,None,-18000000,None,None,None,26000000,117224500,None,5323000000,5323000000,857000000,None,None,1600000000,None,None,382000000,93000000,None,None,None,-0.211,0.36,-71000000,311000000,3.34,2007-12-31,12.82,800000000,8561000000.0,3003000000,-360000000,-88000000,241000000,241000000,None,932000000,None,190000000,None,None,4784000000,None,None,-35000000,None,None,None,0.154,112000000,3003000000,-16000000,340000000,1416000000,None,None,None,None,None,None,None,0.854,4.392,0.85,None,None,None,None,None,None,None,0.065,None,4620000000,2025-10-28,quarterly,3.7,USD,pre-market,None,-1807000000,0.0775,0.274,0.032,226.32,2881000000,4803000000,19000000,5000000,173.44,202.99,10.7784,9812000000,3508000000,2292000000,8791000000,6304000000,6499000000,8326000000,1021000000,13.65,-1479000000,222.81,109.82
2025-12-28,THC,14.7,20846000000.0,13.65,None,1.445,45.68,171000000,None,1373000000,1373000000,-21000000,-82000000,None,None,-15000000,None,None,None,26000000,117224500,None,5323000000,5323000000,857000000,None,None,1600000000,None,None,382000000,91000000,None,None,None,-0.211,0.36,-71000000,311000000,3.34,2007-09-30,12.82,800000000,8561000000.0,3003000000,-360000000,-88000000,241000000,241000000,None,932000000,None,190000000,None,None,4784000000,None,None,-59000000,None,None,None,0.154,83000000,3003000000,-16000000,340000000,1416000000,None,None,None,None,None,None,None,0.854,4.392,0.85,None,None,None,None,None,None,None,0.065,None,4620000000,2025-10-28,quarterly,3.7,USD,pre-market,None,-1807000000,0.0775,0.274,0.032,226.32,2881000000,4803000000,19000000,5000000,173.44,202.99,10.7784,9812000000,3508000000,2292000000,8791000000,6304000000,6499000000,8326000000,1021000000,13.65,-1479000000,222.81,109.82
2025-12-28,THC,14.7,20846000000.0,13.65,None,1.445,45.68,148000000,None,1373000000,1373000000,1000000,-194000000,None,None,-3000000,None,None,None,26000000,117224500,None,5323000000,5323000000,857000000,None,None,1600000000,None,None,382000000,89000000,None,None,None,-0.211,0.36,-71000000,311000000,3.34,2007-06-30,12.82,800000000,8561000000.0,3003000000,-360000000,-88000000,241000000,241000000,None,932000000,None,190000000,None,None,4784000000,None,None,-30000000,None,None,None,0.154,285000000,3003000000,-16000000,340000000,1416000000,None,None,None,None,None,None,None,0.854,4.392,0.85,None,None,None,None,None,None,None,0.065,None,4620000000,2025-10-28,quarterly,3.7,USD,pre-market,None,-1807000000,0.0775,0.274,0.032,226.32,2881000000,4803000000,19000000,5000000,173.44,202.99,10.7784,9812000000,3508000000,2292000000,8791000000,6304000000,6499000000,8326000000,1021000000,13.65,-1479000000,222.81,109.82
2025-12-28,THC,14.7,20846000000.0,13.65,None,1.445,45.68,110000000,None,1373000000,1373000000,1000000,-47000000,None,None,10000000,None,None,None,26000000,117224500,None,5323000000,5323000000,857000000,None,None,1600000000,None,None,382000000,89000000,None,None,None,-0.211,0.36,-71000000,311000000,3.34,2007-03-31,12.82,800000000,8561000000.0,3003000000,-360000000,-88000000,241000000,241000000,None,932000000,None,190000000,None,None,4784000000,None,None,75000000,None,None,None,0.154,-154000000,3003000000,-16000000,340000000,1416000000,None,None,None,None,None,None,None,0.854,4.392,0.85,None,None,None,None,None,None,None,0.065,None,4620000000,2025-10-28,quarterly,3.7,USD,pre-market,None,-1807000000,0.0775,0.274,0.032,226.32,2881000000,4803000000,19000000,5000000,173.44,202.99,10.7784,9812000000,3508000000,2292000000,8791000000,6304000000,6499000000,8326000000,1021000000,13.65,-1479000000,222.81,109.82
2025-12-28,THC,14.7,20846000000.0,13.65,None,1.445,45.68,252000000,None,1373000000,1373000000,253000000,-257000000,None,None,-16000000,None,None,None,26000000,117224500,None,5323000000,5323000000,857000000,None,None,1600000000,None,None,382000000,95000000,None,None,None,-0.211,0.36,-71000000,311000000,3.34,2006-12-31,12.82,800000000,8561000000.0,3003000000,-360000000,-88000000,241000000,241000000,None,932000000,None,190000000,None,None,4784000000,None,None,-386000000,None,None,None,0.154,-21000000,3003000000,-16000000,340000000,1416000000,None,None,None,None,None,None,None,0.854,4.392,0.85,None,None,None,None,None,None,None,0.065,None,4620000000,2025-10-28,quarterly,3.7,USD,pre-market,None,-1807000000,0.0775,0.274,0.032,226.32,2881000000,4803000000,19000000,5000000,173.44,202.99,10.7784,9812000000,3508000000,2292000000,8791000000,6304000000,6499000000,8326000000,1021000000,13.65,-1479000000,222.81,109.82
2025-12-28,THC,14.7,20846000000.0,13.65,None,1.445,45.68,148000000,None,1373000000,1373000000,-3000000,44000000,None,None,10000000,None,None,None,26000000,117224500,None,5323000000,5323000000,857000000,None,None,1600000000,None,None,382000000,83000000,None,None,None,-0.211,0.36,-71000000,311000000,3.34,2006-09-30,12.82,800000000,8561000000.0,3003000000,-360000000,-88000000,241000000,241000000,None,932000000,None,190000000,None,None,4784000000,None,None,-89000000,None,None,None,0.154,200000000,3003000000,-16000000,340000000,1416000000,None,None,None,None,None,None,None,0.854,4.392,0.85,None,None,None,None,None,None,None,0.065,None,4620000000,2025-10-28,quarterly,3.7,USD,pre-market,None,-1807000000,0.0775,0.274,0.032,226.32,2881000000,4803000000,19000000,5000000,173.44,202.99,10.7784,9812000000,3508000000,2292000000,8791000000,6304000000,6499000000,8326000000,1021000000,13.65,-1479000000,222.81,109.82
2025-12-28,THC,14.7,20846000000.0,13.65,None,1.445,45.68,127000000,None,1373000000,1373000000,1000000,-88000000,None,None,-53000000,None,None,None,26000000,117224500,None,5323000000,5323000000,857000000,None,None,1600000000,None,None,382000000,82000000,None,None,None,-0.211,0.36,-71000000,311000000,3.34,2006-06-30,12.82,800000000,8561000000.0,3003000000,-360000000,-88000000,241000000,241000000,None,932000000,None,190000000,None,None,4784000000,None,None,-398000000,None,None,None,0.154,-320000000,3003000000,-16000000,340000000,1416000000,None,None,None,None,None,None,None,0.854,4.392,0.85,None,None,None,None,None,None,None,0.065,None,4620000000,2025-10-28,quarterly,3.7,USD,pre-market,None,-1807000000,0.0775,0.274,0.032,226.32,2881000000,4803000000,19000000,5000000,173.44,202.99,10.7784,9812000000,3508000000,2292000000,8791000000,6304000000,6499000000,8326000000,1021000000,13.65,-1479000000,222.81,109.82
2025-12-28,THC,14.7,20846000000.0,13.65,None,1.445,45.68,116000000,None,1373000000,1373000000,1000000,-78000000,None,None,14000000,None,None,None,26000000,117224500,None,5323000000,5323000000,857000000,None,None,1600000000,None,None,382000000,82000000,None,None,None,-0.211,0.36,-71000000,311000000,3.34,2006-03-31,12.82,800000000,8561000000.0,3003000000,-360000000,-88000000,241000000,241000000,None,932000000,None,190000000,None,None,4784000000,None,None,70000000,None,None,None,0.154,-321000000,3003000000,-16000000,340000000,1416000000,None,None,None,None,None,None,None,0.854,4.392,0.85,None,None,None,None,None,None,None,0.065,None,4620000000,2025-10-28,quarterly,3.7,USD,pre-market,None,-1807000000,0.0775,0.274,0.032,226.32,2881000000,4803000000,19000000,5000000,173.44,202.99,10.7784,9812000000,3508000000,2292000000,8791000000,6304000000,6499000000,8326000000,1021000000,13.65,-1479000000,222.81,109.82
2025-12-28,THC,14.7,20846000000.0,13.65,None,1.445,45.68,218000000,None,1373000000,1373000000,348000000,-185000000,None,None,10000000,None,None,None,26000000,117224500,None,5323000000,5323000000,857000000,None,None,1600000000,None,None,382000000,89000000,None,None,None,-0.211,0.36,-71000000,311000000,3.34,2005-12-31,12.82,800000000,8561000000.0,3003000000,-360000000,-88000000,241000000,241000000,None,932000000,None,190000000,None,None,4784000000,None,None,-292000000,None,None,None,0.154,78000000,3003000000,-16000000,340000000,1416000000,None,None,None,None,None,None,None,0.854,4.392,0.85,None,None,None,None,None,None,None,0.065,None,4620000000,2025-10-28,quarterly,3.7,USD,pre-market,None,-1807000000,0.0775,0.274,0.032,226.32,2881000000,4803000000,19000000,5000000,173.44,202.99,10.7784,9812000000,3508000000,2292000000,8791000000,6304000000,6499000000,8326000000,1021000000,13.65,-1479000000,222.81,109.82
2025-12-28,THC,14.7,20846000000.0,13.65,None,1.445,45.68,136000000,None,1373000000,1373000000,-2000000,-97000000,None,None,5000000,None,None,None,26000000,117224500,None,5323000000,5323000000,857000000,None,None,1600000000,None,None,382000000,92000000,None,None,None,-0.211,0.36,-71000000,311000000,3.34,2005-09-30,12.82,800000000,8561000000.0,3003000000,-360000000,-88000000,241000000,241000000,None,932000000,None,190000000,None,None,4784000000,None,None,-401000000,None,None,None,0.154,-15000000,3003000000,-16000000,340000000,1416000000,None,None,None,None,None,None,None,0.854,4.392,0.85,None,None,None,None,None,None,None,0.065,None,4620000000,2025-10-28,quarterly,3.7,USD,pre-market,None,-1807000000,0.0775,0.274,0.032,226.32,2881000000,4803000000,19000000,5000000,173.44,202.99,10.7784,9812000000,3508000000,2292000000,8791000000,6304000000,6499000000,8326000000,1021000000,13.65,-1479000000,222.81,109.82
2025-12-28,THC,14.7,20846000000.0,13.65,None,1.445,45.68,931000000,None,1373000000,1373000000,-3685000000,3429000000,None,None,-86000000,None,None,None,26000000,117224500,None,5323000000,5323000000,857000000,None,None,1600000000,None,None,382000000,818000000,None,None,None,-0.211,0.36,-71000000,311000000,3.34,2024-12-31,12.82,800000000,8561000000.0,3003000000,-360000000,-88000000,241000000,241000000,None,932000000,None,190000000,None,None,4784000000,None,None,4064000000,None,None,None,0.154,2047000000,3003000000,-16000000,340000000,1416000000,None,None,None,None,None,None,None,0.854,4.392,0.85,None,None,None,None,None,-672000000,None,0.065,None,4620000000,2025-10-28,annual,3.7,USD,pre-market,None,-1807000000,0.0775,0.274,0.032,226.32,2881000000,4803000000,19000000,5000000,173.44,202.99,10.7784,9812000000,3508000000,2292000000,8791000000,6304000000,6499000000,8326000000,1021000000,13.65,-1479000000,222.81,109.82
2025-12-28,THC,14.7,20846000000.0,13.65,None,1.445,45.68,751000000,None,1373000000,1373000000,-1035000000,-969000000,None,None,-139000000,None,None,None,26000000,117224500,None,5323000000,5323000000,857000000,None,None,1600000000,None,None,382000000,870000000,None,None,None,-0.211,0.36,-71000000,311000000,3.34,2023-12-31,12.82,800000000,8561000000.0,3003000000,-360000000,-88000000,241000000,241000000,None,932000000,None,190000000,None,None,4784000000,None,None,1311000000,None,None,None,0.154,2374000000,3003000000,-16000000,340000000,1416000000,None,None,None,None,None,None,None,0.854,4.392,0.85,None,None,None,None,None,-200000000,None,0.065,None,4620000000,2025-10-28,annual,3.7,USD,pre-market,None,-1807000000,0.0775,0.274,0.032,226.32,2881000000,4803000000,19000000,5000000,173.44,202.99,10.7784,9812000000,3508000000,2292000000,8791000000,6304000000,6499000000,8326000000,1021000000,13.65,-1479000000,222.81,109.82
2025-12-28,THC,14.7,20846000000.0,13.65,None,1.445,45.68,762000000,None,1373000000,1373000000,-1781000000,-808000000,-1506000000,None,-64000000,None,None,-140000000,26000000,117224500,None,5323000000,5323000000,857000000,None,None,1600000000,None,None,382000000,841000000,560000000,560000000,None,-0.211,0.36,-71000000,311000000,3.34,2022-12-31,12.82,800000000,8561000000.0,3003000000,-360000000,-88000000,241000000,241000000,None,932000000,None,190000000,None,None,4784000000,None,None,1001000000,None,None,None,0.154,1083000000,3003000000,-16000000,340000000,1416000000,None,None,None,None,None,None,None,0.854,4.392,0.85,None,None,None,None,None,-250000000,None,0.065,None,4620000000,2025-10-28,annual,3.7,USD,pre-market,None,-1807000000,0.0775,0.274,0.032,226.32,2881000000,4803000000,19000000,5000000,173.44,202.99,10.7784,9812000000,3508000000,2292000000,8791000000,6304000000,6499000000,8326000000,1021000000,13.65,-1479000000,222.81,109.82
2025-12-28,THC,14.7,20846000000.0,13.65,None,1.445,45.68,658000000,None,1373000000,1373000000,-936000000,-714000000,-82000000,None,-52000000,None,None,-197000000,26000000,117224500,None,5323000000,5323000000,857000000,None,None,1600000000,None,None,382000000,855000000,423000000,423000000,None,-0.211,0.36,-71000000,311000000,3.34,2021-12-31,12.82,800000000,8561000000.0,3003000000,-360000000,-88000000,241000000,241000000,None,932000000,None,190000000,None,None,4784000000,None,None,1476000000,None,None,None,0.154,1568000000,3003000000,-16000000,340000000,1416000000,None,None,None,None,None,None,None,0.854,4.392,0.85,None,None,None,None,None,-2000000,None,0.065,None,4620000000,2025-10-28,annual,3.7,USD,pre-market,None,-1807000000,0.0775,0.274,0.032,226.32,2881000000,4803000000,19000000,5000000,173.44,202.99,10.7784,9812000000,3508000000,2292000000,8791000000,6304000000,6499000000,8326000000,1021000000,13.65,-1479000000,222.81,109.82
2025-12-28,THC,14.7,20846000000.0,13.65,None,1.445,45.68,540000000,None,1373000000,1373000000,385000000,-1608000000,2184000000,None,-145000000,None,None,195000000,26000000,117224500,None,5323000000,5323000000,857000000,None,None,1600000000,None,None,382000000,857000000,287000000,287000000,None,-0.211,0.36,-71000000,311000000,3.34,2020-12-31,12.82,800000000,8561000000.0,3003000000,-360000000,-88000000,241000000,241000000,None,932000000,None,190000000,None,None,4784000000,None,None,768000000,None,None,None,0.154,3407000000,3003000000,-16000000,340000000,1416000000,None,None,None,None,None,None,None,0.854,4.392,0.85,None,None,None,None,None,185000000,None,0.065,None,4620000000,2025-10-28,annual,3.7,USD,pre-market,None,-1807000000,0.0775,0.274,0.032,226.32,2881000000,4803000000,19000000,5000000,173.44,202.99,10.7784,9812000000,3508000000,2292000000,8791000000,6304000000,6499000000,8326000000,1021000000,13.65,-1479000000,222.81,109.82
2025-12-28,THC,14.7,20846000000.0,13.65,None,1.445,45.68,670000000,None,1373000000,1373000000,-763000000,-619000000,-149000000,None,-94000000,None,None,-247000000,26000000,117224500,None,5323000000,5323000000,857000000,None,None,1600000000,None,None,382000000,850000000,307000000,307000000,None,-0.211,0.36,-71000000,311000000,3.34,2019-12-31,12.82,800000000,8561000000.0,3003000000,-360000000,-88000000,241000000,241000000,None,932000000,None,190000000,None,None,4784000000,None,None,171000000,None,None,None,0.154,1233000000,3003000000,-16000000,340000000,1416000000,None,None,None,None,None,None,None,0.854,4.392,0.85,None,None,None,None,None,22000000,None,0.065,None,4620000000,2025-10-28,annual,3.7,USD,pre-market,None,-1807000000,0.0775,0.274,0.032,226.32,2881000000,4803000000,19000000,5000000,173.44,202.99,10.7784,9812000000,3508000000,2292000000,8791000000,6304000000,6499000000,8326000000,1021000000,13.65,-1479000000,222.81,109.82
2025-12-28,THC,14.7,20846000000.0,13.65,None,1.445,45.68,617000000,None,1373000000,1373000000,-1134000000,-115000000,-200000000,None,17000000,None,None,-134000000,26000000,117224500,None,5323000000,5323000000,857000000,None,None,1600000000,None,None,382000000,802000000,288000000,288000000,None,-0.211,0.36,-71000000,311000000,3.34,2018-12-31,12.82,800000000,8561000000.0,3003000000,-360000000,-88000000,241000000,241000000,None,932000000,None,190000000,None,None,4784000000,None,None,459000000,None,None,None,0.154,1049000000,3003000000,-16000000,340000000,1416000000,None,None,None,None,None,None,None,0.854,4.392,0.85,None,None,None,None,None,-611000000,None,0.065,None,4620000000,2025-10-28,annual,3.7,USD,pre-market,None,-1807000000,0.0775,0.274,0.032,226.32,2881000000,4803000000,19000000,5000000,173.44,202.99,10.7784,9812000000,3508000000,2292000000,8791000000,6304000000,6499000000,8326000000,1021000000,13.65,-1479000000,222.81,109.82
2025-12-28,THC,14.7,20846000000.0,13.65,None,1.445,45.68,707000000,None,1373000000,1373000000,-1326000000,21000000,-105000000,None,-35000000,None,None,-1448000000,26000000,117224500,None,5323000000,5323000000,857000000,None,None,1600000000,None,None,382000000,870000000,987000000,987000000,None,-0.211,0.36,-71000000,311000000,3.34,2017-12-31,12.82,800000000,8561000000.0,3003000000,-360000000,-88000000,241000000,241000000,None,932000000,None,190000000,None,None,4784000000,None,None,-320000000,None,None,None,0.154,1200000000,3003000000,-16000000,340000000,1416000000,None,None,None,None,None,None,None,0.854,4.392,0.85,None,None,None,None,None,-40000,None,0.065,None,4620000000,2025-10-28,annual,3.7,USD,pre-market,None,-1807000000,0.0775,0.274,0.032,226.32,2881000000,4803000000,19000000,5000000,173.44,202.99,10.7784,9812000000,3508000000,2292000000,8791000000,6304000000,6499000000,8326000000,1021000000,13.65,-1479000000,222.81,109.82
2025-12-28,THC,14.7,20846000000.0,13.65,None,1.445,45.68,875000000,None,1373000000,1373000000,232000000,-430000000,360000000,None,-83000000,None,None,-1604000000,26000000,117224500,None,5323000000,5323000000,857000000,None,None,1600000000,None,None,382000000,850000000,218000000,218000000,None,-0.211,0.36,-71000000,311000000,3.34,2016-12-31,12.82,800000000,8561000000.0,3003000000,-360000000,-88000000,241000000,241000000,None,932000000,None,190000000,None,None,4784000000,None,None,176000000,None,None,None,0.154,558000000,3003000000,-16000000,340000000,1416000000,None,None,None,None,None,None,None,0.854,4.392,0.85,None,None,None,None,None,-160000000,None,0.065,None,4620000000,2025-10-28,annual,3.7,USD,pre-market,None,-1807000000,0.0775,0.274,0.032,226.32,2881000000,4803000000,19000000,5000000,173.44,202.99,10.7784,9812000000,3508000000,2292000000,8791000000,6304000000,6499000000,8326000000,1021000000,13.65,-1479000000,222.81,109.82
2025-12-28,THC,14.7,20846000000.0,13.65,None,1.445,45.68,842000000,None,1373000000,1373000000,454000000,-1317000000,163000000,None,-130000000,None,None,-1632000000,26000000,117224500,None,5323000000,5323000000,857000000,None,None,1600000000,None,None,382000000,797000000,110000000,110000000,None,-0.211,0.36,-71000000,311000000,3.34,2015-12-31,12.82,800000000,8561000000.0,3003000000,-360000000,-88000000,241000000,241000000,None,932000000,None,190000000,None,None,4784000000,None,None,78000000,None,None,None,0.154,1026000000,3003000000,-16000000,340000000,1416000000,None,None,None,None,None,None,None,0.854,4.392,0.85,None,None,None,None,None,-40000000,None,0.065,None,4620000000,2025-10-28,annual,3.7,USD,pre-market,None,-1807000000,0.0775,0.274,0.032,226.32,2881000000,4803000000,19000000,5000000,173.44,202.99,10.7784,9812000000,3508000000,2292000000,8791000000,6304000000,6499000000,8326000000,1021000000,13.65,-1479000000,222.81,109.82
2025-12-28,THC,14.7,20846000000.0,13.65,None,1.445,45.68,933000000,None,1373000000,1373000000,715000000,-1322000000,80000000,None,-314000000,None,None,-1896000000,26000000,117224500,None,5323000000,5323000000,857000000,None,None,1600000000,None,None,382000000,849000000,45000000,45000000,None,-0.211,0.36,-71000000,311000000,3.34,2014-12-31,12.82,800000000,8561000000.0,3003000000,-360000000,-88000000,241000000,241000000,None,932000000,None,190000000,None,None,4784000000,None,None,76000000,None,None,None,0.154,687000000,3003000000,-16000000,340000000,1416000000,None,None,None,None,None,None,None,0.854,4.392,0.85,None,None,None,None,None,44000000,None,0.065,None,4620000000,2025-10-28,annual,3.7,USD,pre-market,None,-1807000000,0.0775,0.274,0.032,226.32,2881000000,4803000000,19000000,5000000,173.44,202.99,10.7784,9812000000,3508000000,2292000000,8791000000,6304000000,6499000000,8326000000,1021000000,13.65,-1479000000,222.81,109.82
2025-12-28,THC,14.7,20846000000.0,13.65,None,1.445,45.68,691000000,None,1373000000,1373000000,1324000000,-2164000000,-251000000,None,-203000000,None,None,-1060000000,26000000,117224500,None,5323000000,5323000000,857000000,None,None,1600000000,None,None,382000000,545000000,27000000,27000000,None,-0.211,0.36,-71000000,311000000,3.34,2013-12-31,12.82,800000000,8561000000.0,3003000000,-360000000,-88000000,241000000,241000000,None,932000000,None,190000000,None,None,4784000000,None,None,-104000000,None,None,None,0.154,589000000,3003000000,-16000000,340000000,1416000000,None,None,None,None,None,None,None,0.854,4.392,0.85,None,None,None,None,None,-400000000,None,0.065,None,4620000000,2025-10-28,annual,3.7,USD,pre-market,None,-1807000000,0.0775,0.274,0.032,226.32,2881000000,4803000000,19000000,5000000,173.44,202.99,10.7784,9812000000,3508000000,2292000000,8791000000,6304000000,6499000000,8326000000,1021000000,13.65,-1479000000,222.81,109.82
2025-12-28,THC,14.7,20846000000.0,13.65,None,1.445,45.68,508000000,None,1373000000,1373000000,320000000,-662000000,251000000,None,-59000000,None,None,-868000000,26000000,117224500,None,5323000000,5323000000,857000000,None,None,1600000000,None,None,382000000,430000000,14000000,14000000,None,-0.211,0.36,-71000000,311000000,3.34,2012-12-31,12.82,800000000,8561000000.0,3003000000,-360000000,-88000000,241000000,241000000,None,932000000,None,190000000,None,None,4784000000,None,None,133000000,None,None,None,0.154,593000000,3003000000,-16000000,340000000,1416000000,None,None,None,None,None,None,None,0.854,4.392,0.85,None,None,None,None,None,-418000000,None,0.065,None,4620000000,2025-10-28,annual,3.7,USD,pre-market,None,-1807000000,0.0775,0.274,0.032,226.32,2881000000,4803000000,19000000,5000000,173.44,202.99,10.7784,9812000000,3508000000,2292000000,8791000000,6304000000,6499000000,8326000000,1021000000,13.65,-1479000000,222.81,109.82
2025-12-28,THC,14.7,20846000000.0,13.65,None,1.445,45.68,475000000,None,1373000000,1373000000,-286000000,-503000000,-292000000,None,-35000000,None,None,-865000000,26000000,117224500,None,5323000000,5323000000,857000000,None,None,1600000000,None,None,382000000,398000000,24000000,24000000,None,-0.211,0.36,-71000000,311000000,3.34,2011-12-31,12.82,800000000,8561000000.0,3003000000,-360000000,-88000000,241000000,241000000,None,932000000,None,190000000,None,None,4784000000,None,None,94000000,None,None,None,0.154,497000000,3003000000,-16000000,340000000,1416000000,None,None,None,None,None,None,None,0.854,4.392,0.85,None,None,None,None,None,-374000000,None,0.065,None,4620000000,2025-10-28,annual,3.7,USD,pre-market,None,-1807000000,0.0775,0.274,0.032,226.32,2881000000,4803000000,19000000,5000000,173.44,202.99,10.7784,9812000000,3508000000,2292000000,8791000000,6304000000,6499000000,8326000000,1021000000,13.65,-1479000000,222.81,109.82
2025-12-28,THC,14.7,20846000000.0,13.65,None,1.445,45.68,476000000,None,1373000000,1373000000,-337000000,-420000000,-285000000,None,-15000000,None,None,-744000000,26000000,117224500,None,5323000000,5323000000,857000000,None,None,1600000000,None,None,382000000,380000000,32000000,32000000,None,-0.211,0.36,-71000000,311000000,3.34,2010-12-31,12.82,800000000,8561000000.0,3003000000,-360000000,-88000000,241000000,241000000,None,932000000,None,190000000,None,None,4784000000,None,None,1152000000,None,None,None,0.154,472000000,3003000000,-16000000,340000000,1416000000,None,None,None,None,None,None,None,0.854,4.392,0.85,None,None,None,None,None,0,None,0.065,None,4620000000,2025-10-28,annual,3.7,USD,pre-market,None,-1807000000,0.0775,0.274,0.032,226.32,2881000000,4803000000,19000000,5000000,173.44,202.99,10.7784,9812000000,3508000000,2292000000,8791000000,6304000000,6499000000,8326000000,1021000000,13.65,-1479000000,222.81,109.82
2025-12-28,THC,14.7,20846000000.0,13.65,None,1.445,45.68,456000000,None,1373000000,1373000000,-117000000,-125000000,None,None,-22000000,None,None,None,26000000,117224500,None,5323000000,5323000000,857000000,None,None,1600000000,None,None,382000000,413000000,None,None,None,-0.211,0.36,-71000000,311000000,3.34,2009-12-31,12.82,800000000,8561000000.0,3003000000,-360000000,-88000000,241000000,241000000,None,932000000,None,190000000,None,None,4784000000,None,None,197000000,None,None,None,0.154,425000000,3003000000,-16000000,340000000,1416000000,None,None,None,None,None,None,None,0.854,4.392,0.85,None,None,None,None,None,None,None,0.065,None,4620000000,2025-10-28,annual,3.7,USD,pre-market,None,-1807000000,0.0775,0.274,0.032,226.32,2881000000,4803000000,19000000,5000000,173.44,202.99,10.7784,9812000000,3508000000,2292000000,8791000000,6304000000,6499000000,8326000000,1021000000,13.65,-1479000000,222.81,109.82
2025-12-28,THC,14.7,20846000000.0,13.65,None,1.445,45.68,547000000,None,1373000000,1373000000,1000000,-274000000,None,None,-1000000,None,None,None,26000000,117224500,None,5323000000,5323000000,857000000,None,None,1600000000,None,None,382000000,371000000,None,None,None,-0.211,0.36,-71000000,311000000,3.34,2008-12-31,12.82,800000000,8561000000.0,3003000000,-360000000,-88000000,241000000,241000000,None,932000000,None,190000000,None,None,4784000000,None,None,32000000,None,None,None,0.154,208000000,3003000000,-16000000,340000000,1416000000,None,None,None,None,None,None,None,0.854,4.392,0.85,None,None,None,None,None,None,None,0.065,None,4620000000,2025-10-28,annual,3.7,USD,pre-market,None,-1807000000,0.0775,0.274,0.032,226.32,2881000000,4803000000,19000000,5000000,173.44,202.99,10.7784,9812000000,3508000000,2292000000,8791000000,6304000000,6499000000,8326000000,1021000000,13.65,-1479000000,222.81,109.82
2025-12-28,THC,14.7,20846000000.0,13.65,None,1.445,45.68,729000000,None,1373000000,1373000000,-18000000,-520000000,None,None,-28000000,None,None,None,26000000,117224500,None,5323000000,5323000000,857000000,None,None,1600000000,None,None,382000000,336000000,None,None,None,-0.211,0.36,-71000000,311000000,3.34,2007-12-31,12.82,800000000,8561000000.0,3003000000,-360000000,-88000000,241000000,241000000,None,932000000,None,190000000,None,None,4784000000,None,None,-84000000,None,None,None,0.154,326000000,3003000000,-16000000,340000000,1416000000,None,None,None,None,None,None,None,0.854,4.392,0.85,None,None,None,None,None,None,None,0.065,None,4620000000,2025-10-28,annual,3.7,USD,pre-market,None,-1807000000,0.0775,0.274,0.032,226.32,2881000000,4803000000,19000000,5000000,173.44,202.99,10.7784,9812000000,3508000000,2292000000,8791000000,6304000000,6499000000,8326000000,1021000000,13.65,-1479000000,222.81,109.82
2025-12-28,THC,14.7,20846000000.0,13.65,None,1.445,45.68,643000000,None,1373000000,1373000000,252000000,-379000000,None,None,-46000000,None,None,None,26000000,117224500,None,5323000000,5323000000,857000000,None,None,1600000000,None,None,382000000,337000000,None,None,None,-0.211,0.36,-71000000,311000000,3.34,2006-12-31,12.82,800000000,8561000000.0,3003000000,-360000000,-88000000,241000000,241000000,None,932000000,None,190000000,None,None,4784000000,None,None,-813000000,None,None,None,0.154,-462000000,3003000000,-16000000,340000000,1416000000,None,None,None,None,None,None,None,0.854,4.392,0.85,None,None,None,None,None,None,None,0.065,None,4620000000,2025-10-28,annual,3.7,USD,pre-market,None,-1807000000,0.0775,0.274,0.032,226.32,2881000000,4803000000,19000000,5000000,173.44,202.99,10.7784,9812000000,3508000000,2292000000,8791000000,6304000000,6499000000,8326000000,1021000000,13.65,-1479000000,222.81,109.82
2025-12-28,THC,14.7,20846000000.0,13.65,None,1.445,45.68,578000000,None,1373000000,1373000000,348000000,-392000000,None,None,8000000,None,None,None,26000000,117224500,None,5323000000,5323000000,857000000,None,None,1600000000,None,None,382000000,327000000,None,None,None,-0.211,0.36,-71000000,311000000,3.34,2005-12-31,12.82,800000000,8561000000.0,3003000000,-360000000,-88000000,241000000,241000000,None,932000000,None,190000000,None,None,4784000000,None,None,-288000000,None,None,None,0.154,763000000,3003000000,-16000000,340000000,1416000000,None,None,None,None,None,None,None,0.854,4.392,0.85,None,None,None,None,None,None,None,0.065,None,4620000000,2025-10-28,annual,3.7,USD,pre-market,None,-1807000000,0.0775,0.274,0.032,226.32,2881000000,4803000000,19000000,5000000,173.44,202.99,10.7784,9812000000,3508000000,2292000000,8791000000,6304000000,6499000000,8326000000,1021000000,13.65,-1479000000,222.81,109.82
