date,symbol,eps,revenue_ttm,pe_ratio,accumulateddepreciationamortizationppe,beta,book_value,capitalexpenditures,capitalleaseobligations,cashandcashequivalentsatcarryingvalue,cashandshortterminvestments,cashflowfromfinancing,cashflowfrominvestment,changeincashandcashequivalents,changeinexchangerate,changeininventory,changeinoperatingassets,changeinoperatingliabilities,changeinreceivables,commonstock,commonstocksharesoutstanding,comprehensiveincomenetoftax,costofgoodsandservicessold,costofrevenue,currentaccountspayable,currentdebt,currentlongtermdebt,currentnetreceivables,deferredrevenue,depreciation,depreciationandamortization,depreciationdepletionandamortization,dividend_per_share,dividend_yield,dividendpayout,dividendpayoutcommonstock,dividendpayoutpreferredstock,earnings_growth_yoy,earnings_surprise,ebit,ebitda,estimated_eps,fiscaldateending,forward_pe,goodwill,gross_profit_ttm,grossprofit,incomebeforetax,incometaxexpense,intangibleassets,intangibleassetsexcludinggoodwill,interestanddebtexpense,interestexpense,interestincome,inventory,investmentincomenet,investments,longtermdebt,longtermdebtnoncurrent,longterminvestments,netincome,netincomefromcontinuingoperations,netinterestincome,noninterestincome,operating_margin_ttm,operatingcashflow,operatingexpenses,operatingincome,othercurrentassets,othercurrentliabilities,othernoncurrentassets,othernoncurrentliabilities,othernonoperatingincome,paymentsforoperatingactivities,paymentsforrepurchaseofcommonstock,paymentsforrepurchaseofequity,paymentsforrepurchaseofpreferredstock,price_to_book,price_to_sales_ttm,proceedsfromissuanceofcommonstock,proceedsfromissuanceoflongtermdebtandcapitalsecuritiesnet,proceedsfromissuanceofpreferredstock,proceedsfromoperatingactivities,proceedsfromrepaymentsofshorttermdebt,proceedsfromrepurchaseofequity,proceedsfromsaleoftreasurystock,profit_margin,profitloss,propertyplantequipment,report_date,report_type,reported_eps,reportedcurrency,reporttime,researchanddevelopment,retainedearnings,return_on_assets_ttm,return_on_equity_ttm,revenue_growth_yoy,revenue_per_share_ttm,sellinggeneralandadministrative,shortlongtermdebttotal,shorttermdebt,shortterminvestments,sma_200,sma_50,surprise_pct,totalassets,totalcurrentassets,totalcurrentliabilities,totalliabilities,totalnoncurrentassets,totalnoncurrentliabilities,totalrevenue,totalshareholderequity,trailing_pe,treasurystock,week_52_high,week_52_low
1999-09-30,TKO,,,,,,,,,,,,,,,,,,,,,,,,,,,,,,,,,,,,,,0.0,,,,,,,,,,,,,,,,,,,,,,,,,,,,,,,,,,,,,,,,,,,,,,,,,,,1999-10-31,,0.118,,pre-market,,,,,,,,,,,,,,,,,,,,,,,,,
1999-12-31,TKO,,,,,,,,,,,,,,,,,,,,,,,,,,,,,,,,,,,,,,0.0,,,,,,,,,,,,,,,,,,,,,,,,,,,,,,,,,,,,,,,,,,,,,,,,,,,2000-01-31,,0.2298,,pre-market,,,,,,,,,,,,,,,,,,,,,,,,,
2000-03-31,TKO,,,,,,,,,,,,,,,,,,,,,,,,,,,,,,,,,,,,,,0.0,,,,,,,,,,,,,,,,,,,,,,,,,,,,,,,,,,,,,,,,,,,,,,,,,,,2000-04-30,,0.14,,pre-market,,,,,,,,,,,,,,,,,,,,,,,,,
2000-06-30,TKO,,,,,,,,,,,,,,,,,,,,,,,,,,,,,,,,,,,,,,0.0,,,,,,,,,,,,,,,,,,,,,,,,,,,,,,,,,,,,,,,,,,,,,,,,,,,2000-07-31,,0.2166,,pre-market,,,,,,,,,,,,,,,,,,,,,,,,,
2000-09-30,TKO,,,,,,,,,,,,,,,,,,,,,,,,,,,,,,,,,,,,,,0.0,,,,,,,,,,,,,,,,,,,,,,,,,,,,,,,,,,,,,,,,,,,,,,,,,,,2000-10-31,,0.1296,,pre-market,,,,,,,,,,,,,,,,,,,,,,,,,
2000-12-31,TKO,,,,,,,,,,,,,,,,,,,,,,,,,,,,,,,,,,,,,,0.0,,,,,,,,,,,,,,,,,,,,,,,,,,,,,,,,,,,,,,,,,,,,,,,,,,,2001-01-31,,0.1602,,pre-market,,,,,,,,,,,,,,,,,,,,,,,,,
2001-03-31,TKO,,,,,,,,,,,,,,,,,,,,,,,,,,,,,,,,,,,,,,0.0,,,,,,,,,,,,,,,,,,,,,,,,,,,,,,,,,,,,,,,,,,,,,,,,,,,2001-04-30,,0.23,,pre-market,,,,,,,,,,,,,,,,,,,,,,,,,
2001-06-30,TKO,,,,,,,,,,,,,,,,,,,,,,,,,,,,,,,,,,,,,,0.0,,,,,,,,,,,,,,,,,,,,,,,,,,,,,,,,,,,,,,,,,,,,,,,,,,,2001-07-31,,0.1644,,pre-market,,,,,,,,,,,,,,,,,,,,,,,,,
2001-09-30,TKO,,,,,,,,,,,,,,,,,,,,,,,,,,,,,,,,,,,,,,0.0,,,,,,,,,,,,,,,,,,,,,,,,,,,,,,,,,,,,,,,,,,,,,,,,,,,2001-10-31,,0.0664,,pre-market,,,,,,,,,,,,,,,,,,,,,,,,,
2001-12-31,TKO,,,,,,,,,,,,,,,,,,,,,,,,,,,,,,,,,,,,,,0.0,,,,,,,,,,,,,,,,,,,,,,,,,,,,,,,,,,,,,,,,,,,,,,,,,,,2002-02-20,,0.1295,,pre-market,,,,,,,,,,,,,,,,,,,,,,,,,
2002-03-31,TKO,,,,,,,,,,,,,,,,,,,,,,,,,,,,,,,,,,,,,,0.0,,,,,,,,,,,,,,,,,,,,,,,,,,,,,,,,,,,,,,,,,,,,,,,,,,,2002-06-26,,0.2192,,pre-market,,,,,,,,,,,,,,,,,,,,,,,,,
2002-06-30,TKO,,,,,,,,,,,,,,,,,,,,,,,,,,,,,,,,,,,,,,0.0,,,,,,,,,,,,,,,,,,,,,,,,,,,,,,,,,,,,,,,,,,,,,,,,,,,2002-08-21,,0.0355,,pre-market,,,,,,,,,,,,,,,,,,,,,,,,,
2002-09-30,TKO,,,,,,,,,,,,,,,,,,,,,,,,,,,,,,,,,,,,,,0.0,,,,,,,,,,,,,,,,,,,,,,,,,,,,,,,,,,,,,,,,,,,,,,,,,,,2002-11-21,,-0.0228,,pre-market,,,,,,,,,,,,,,,,,,,,,,,,,
2002-12-31,TKO,,,,,,,,,,,,,,,,,,,,,,,,,,,,,,,,,,,,,,0.0,,,,,,,,,,,,,,,,,,,,,,,,,,,,,,,,,,,,,,,,,,,,,,,,,,,2003-02-26,,-0.2273,,pre-market,,,,,,,,,,,,,,,,,,,,,,,,,
2003-03-31,TKO,,,,,,,,,,,,,,,,,,,,,,,,,,,,,,,,,,,,,,0.0,,,,,,,,,,,,,,,,,,,,,,,,,,,,,,,,,,,,,,,,,,,,,,,,,,,2003-06-13,,-0.0583,,pre-market,,,,,,,,,,,,,,,,,,,,,,,,,
2003-06-30,TKO,,,,,,,,,,,,,,,,,,,,,,,,,,,,,,,,,,,,,,0.0,,,,,,,,,,,,,,,,,,,,,,,,,,,,,,,,,,,,,,,,,,,,,,,,,,,2003-08-26,,0.0383,,pre-market,,,,,,,,,,,,,,,,,,,,,,,,,
2003-09-30,TKO,,,,,,,,,,,,,,,,,,,,,,,,,,,,,,,,,,,,,,0.0,,,,,,,,,,,,,,,,,,,,,,,,,,,,,,,,,,,,,,,,,,,,,,,,,,,2003-11-17,,0.2501,,pre-market,,,,,,,,,,,,,,,,,,,,,,,,,
2003-12-31,TKO,,,,,,,,,,,,,,,,,,,,,,,,,,,,,,,,,,,,,,0.0,,,,,,,,,,,,,,,,,,,,,,,,,,,,,,,,,,,,,,,,,,,,,,,,,,,2004-02-18,,0.1298,,pre-market,,,,,,,,,,,,,,,,,,,,,,,,,
2004-03-31,TKO,,,,,,,,,,,,,,,,,,,,,,,,,,,,,,,,,,,,,,0.0,,,,,,,,,,,,,,,,,,,,,,,,,,,,,,,,,,,,,,,,,,,,,,,,,,,2004-06-22,,0.2843,,pre-market,,,,,,,,,,,,,,,,,,,,,,,,,
2004-06-30,TKO,,,,,,,,,,,,,,,,,,,,,,,,,,,,,,,,,,,,,,0.0,,,,,,,,,,,,,,,,,,,,,,,,,,,,,,,,,,,,,,,,,,,,,,,,,,,2004-08-23,,0.1099,,pre-market,,,,,,,,,,,,,,,,,,,,,,,,,
2004-09-30,TKO,,,,,,,,,,,,,,,,,,,,,,,,,,,,,,,,,,,,,,0.0,,,,,,,,,,,,,,,,,,,,,,,,,,,,,,,,,,,,,,,,,,,,,,,,,,,2004-11-22,,0.064,,pre-market,,,,,,,,,,,,,,,,,,,,,,,,,
2004-12-31,TKO,,,,,,,,,,,,,,,,,,,,,,,,,,,,,,,,,,,,,,0.0,,,,,,,,,,,,,,,,,,,,,,,,,,,,,,,,,,,,,,,,,,,,,,,,,,,2005-02-23,,0.1574,,pre-market,,,,,,,,,,,,,,,,,,,,,,,,,
2005-06-30,TKO,,,,,,,,,,,,,,,,,,,,,,,,,,,,,,,,,,,,,,0.0,,,,,,,,,,,,,,,,,,,,,,,,,,,,,,,,,,,,,,,,,,,,,,,,,,,2005-09-07,,0.2325,,pre-market,,,,,,,,,,,,,,,,,,,,,,,,,
2005-09-30,TKO,,,,,,,,,,,,,,,,,,,,,,,,,,,,,,,,,,,,,,0.0,,,,,,,,,,,,,,,,,,,,,,,,,,,,,,,,,,,,,,,,,,,,,,,,,,,2005-12-01,,0.167,,pre-market,,,,,,,,,,,,,,,,,,,,,,,,,
2005-12-31,TKO,,,,,,,,,,,,,,,,,,,,,,,,,,,,,,,,,,,,,,0.0,,,,,,,,,,,,,,,,,,,,,,,,,,,,,,,,,,,,,,,,,,,,,,,,,,,2006-03-02,,0.1931,,pre-market,,,,,,,,,,,,,,,,,,,,,,,,,
2006-03-31,TKO,,,,,,,,,,,,,,,,,,,,,,,,,,,,,,,,,,,,,,0.0,,,,,,,,,,,,,,,,,,,,,,,,,,,,,,,,,,,,,,,,,,,,,,,,,,,2006-06-13,,0.1485,,pre-market,,,,,,,,,,,,,,,,,,,,,,,,,
2006-06-30,TKO,,,,,,,,,,,,,,,,,,,,,,,,,,,,,,,,,,,,,,0.0,,,,,,,,,,,,,,,,,,,,,,,,,,,,,,,,,,,,,,,,,,,,,,,,,,,2006-08-31,,0.2054,,pre-market,,,,,,,,,,,,,,,,,,,,,,,,,
2006-09-30,TKO,,,,,,,,,,,,,,,,,,,,,,,,,,,,,,,,,,,,,,0.0,,,,,,,,,,,,,,,,,,,,,,,,,,,,,,,,,,,,,,,,,,,,,,,,,,,2006-09-30,,0.1287,,pre-market,,,,,,,,,,,,,,,,,,,,,,,,,
2007-03-31,TKO,,,,,,,,,,,,,,,,,,,,,,,,,,,,,,,,,,,,,,0.0,,,,,,,,,,,,,,,,,,,,,,,,,,,,,,,,,,,,,,,,,,,,,,,,,,,2007-05-03,,0.2107,,pre-market,,,,,,,,,,,,,,,,,,,,,,,,,
2007-06-30,TKO,,,,,,,,,,,,,,,,,,,,,,,,,,,,,,,,,,,,,,0.0,,,,,,,,,,,,,,,,,,,,,,,,,,,,,,,,,,,,,,,,,,,,,,,,,,,2007-08-02,,0.0977,,pre-market,,,,,,,,,,,,,,,,,,,,,,,,,
2007-09-30,TKO,,,,,,,,,,,,,,,,,,,,,,,,,,,,,,,,,,,,,,0.0,,,,,,,,,,,,,,,,,,,,,,,,,,,,,,,,,,,,,,,,,,,,,,,,,,,2007-11-01,,0.1166,,pre-market,,,,,,,,,,,,,,,,,,,,,,,,,
2007-12-31,TKO,,,,,,,,,,,,,,,,,,,,,,,,,,,,,,,,,,,,,,0.0,,,,,,,,,,,,,,,,,,,,,,,,,,,,,,,,,,,,,,,,,,,,,,,,,,,2008-02-12,,0.2995,,pre-market,,,,,,,,,,,,,,,,,,,,,,,,,
2008-03-31,TKO,,,,,,,,,,,,,,,,,,,,,,,,,,,,,,,,,,,,,,0.0,,,,,,,,,,,,,,,,,,,,,,,,,,,,,,,,,,,,,,,,,,,,,,,,,,,2008-05-06,,0.2674,,pre-market,,,,,,,,,,,,,,,,,,,,,,,,,
2008-06-30,TKO,,,,,,,,,,,,,,,,,,,,,,,,,,,,,,,,,,,,,,0.0,,,,,,,,,,,,,,,,,,,,,,,,,,,,,,,,,,,,,,,,,,,,,,,,,,,2008-08-05,,0.0955,,pre-market,,,,,,,,,,,,,,,,,,,,,,,,,
2008-09-30,TKO,,,,,,,,,,,,,,,,,,,,,,,,,,,,,,,,,,,,,,0.0,,,,,,,,,,,,,,,,,,,,,,,,,,,,,,,,,,,,,,,,,,,,,,,,,,,2008-11-06,,0.0715,,pre-market,,,,,,,,,,,,,,,,,,,,,,,,,
2008-12-31,TKO,,,,,,,,,,,,,,,,,,,,,,,,,,,,,,,,,,,,,,0.0,,,,,,,,,,,,,,,,,,,,,,,,,,,,,,,,,,,,,,,,,,,,,,,,,,,2009-02-24,,0.1866,,pre-market,,,,,,,,,,,,,,,,,,,,,,,,,
2009-03-31,TKO,,,,,,,,,,,,,,,,,,,,,,,,,,,,,,,,,,,,,,0.0,,,,,,,,,,,,,,,,,,,,,,,,,,,,,,,,,,,,,,,,,,,,,,,,,,,2009-05-07,,0.1397,,pre-market,,,,,,,,,,,,,,,,,,,,,,,,,
2009-06-30,TKO,,,,,,,,,,,,,,,,,,,,,,,,,,,,,,,,,,,,,,0.0,,,,,,,,,,,,,,,,,,,,,,,,,,,,,,,,,,,,,,,,,,,,,,,,,,,2009-08-06,,0.2676,,pre-market,,,,,,,,,,,,,,,,,,,,,,,,,
2009-09-30,TKO,,,,,,,,,,,,,,,,,,,,,,,,,,,,,,,,,,,,,,0.0,,,,,,,,,,,,,,,,,,,,,,,,,,,,,,,,,,,,,,,,,,,,,,,,,,,2009-11-05,,0.1201,,pre-market,,,,,,,,,,,,,,,,,,,,,,,,,
2009-12-31,TKO,,,,,,,,,,,,,,,,,,,,,,,,,,,,,,,,,,,,,,0.0,,,,,,,,,,,,,,,,,,,,,,,,,,,,,,,,,,,,,,,,,,,,,,,,,,,2010-02-11,,0.1499,,pre-market,,,,,,,,,,,,,,,,,,,,,,,,,
2010-03-31,TKO,,,,,,,,,,,,,,,,,,,,,,,,,,,,,,,,,,,,,,0.0,,,,,,,,,,,,,,,,,,,,,,,,,,,,,,,,,,,,,,,,,,,,,,,,,,,2010-05-06,,0.3289,,pre-market,,,,,,,,,,,,,,,,,,,,,,,,,
2010-06-30,TKO,,,,,,,,,,,,,,,,,,,,,,,,,,,,,,,,,,,,,,0.0,,,,,,,,,,,,,,,,,,,,,,,,,,,,,,,,,,,,,,,,,,,,,,,,,,,2010-08-05,,0.0831,,pre-market,,,,,,,,,,,,,,,,,,,,,,,,,
2010-09-30,TKO,,,,,,,,,,,,,,,,,,,,,,,,,,,,,,,,,,,,,,0.0,,,,,,,,,,,,,,,,,,,,,,,,,,,,,,,,,,,,,,,,,,,,,,,,,,,2010-11-04,,0.1903,,pre-market,,,,,,,,,,,,,,,,,,,,,,,,,
2010-12-31,TKO,,,,,,,,,,,,,,,,,,,,,,,,,,,,,,,,,,,,,,0.0,,,,,,,,,,,,,,,,,,,,,,,,,,,,,,,,,,,,,,,,,,,,,,,,,,,2011-02-10,,0.1078,,pre-market,,,,,,,,,,,,,,,,,,,,,,,,,
2011-03-31,TKO,,,,,,,,,,,,,,,,,,,,,,,,,,,,,,,,,,,,,,0.0,,,,,,,,,,,,,,,,,,,,,,,,,,,,,,,,,,,,,,,,,,,,,,,,,,,2011-05-05,,0.1136,,pre-market,,,,,,,,,,,,,,,,,,,,,,,,,
2011-06-30,TKO,,,,,,,,,,,,,,,,,,,,,,,,,,,,,,,,,,,,,,0.0,,,,,,,,,,,,,,,,,,,,,,,,,,,,,,,,,,,,,,,,,,,,,,,,,,,2011-08-04,,0.1908,,pre-market,,,,,,,,,,,,,,,,,,,,,,,,,
2011-09-30,TKO,,,,,,,,,,,,,,,,,,,,,,,,,,,,,,,,,,,,,,0.0,,,,,,,,,,,,,,,,,,,,,,,,,,,,,,,,,,,,,,,,,,,,,,,,,,,2011-11-03,,0.1418,,pre-market,,,,,,,,,,,,,,,,,,,,,,,,,
2011-12-31,TKO,,,,,,,,,,,,,,,,,,,,,,,,,,,,,,,,,,,,,,0.0,,,,,,,,,,,,,,,,,,,,,,,,,,,,,,,,,,,,,,,,,,,,,,,,,,,2012-02-23,,-0.1153,,pre-market,,,,,,,,,,,,,,,,,,,,,,,,,
2012-03-31,TKO,,,,,,,,,,,,,,,,,,,,,,,,,,,,,,,,,,,,,,0.0,,,,,,,,,,,,,,,,,,,,,,,,,,,,,,,,,,,,,,,,,,,,,,,,,,,2012-05-03,,0.2049,,pre-market,,,,,,,,,,,,,,,,,,,,,,,,,
2012-06-30,TKO,,,,,,,,,,,,,,,,,,,,,,,,,,,,,,,,,,,,,,0.0,,,,,,,,,,,,,,,,,,,,,,,,,,,,,,,,,,,,,,,,,,,,,,,,,,,2012-08-02,,0.1595,,pre-market,,,,,,,,,,,,,,,,,,,,,,,,,
2012-09-30,TKO,,,,,,,,,,,,,,,,,,,,,,,,,,,,,,,,,,,,,,0.0,,,,,,,,,,,,,,,,,,,,,,,,,,,,,,,,,,,,,,,,,,,,,,,,,,,2012-11-01,,0.0471,,pre-market,,,,,,,,,,,,,,,,,,,,,,,,,
2012-12-31,TKO,,,,,,,,,,,,,,,,,,,,,,,,,,,,,,,,,,,,,,0.0,,,,,,,,,,,,,,,,,,,,,,,,,,,,,,,,,,,,,,,,,,,,,,,,,,,2013-02-28,,0.0084,,pre-market,,,,,,,,,,,,,,,,,,,,,,,,,
2013-03-31,TKO,,,,,,,,,,,,,,,,,,,,,,,,,,,,,,,,,,,,,,0.0,,,,,,,,,,,,,,,,,,,,,,,,,,,,,,,,,,,,,,,,,,,,,,,,,,,2013-05-02,,0.0403,,pre-market,,,,,,,,,,,,,,,,,,,,,,,,,
2013-06-30,TKO,,,,,,,,,,,,,,,,,,,,,,,,,,,,,,,,,,,,,,0.0,,,,,,,,,,,,,,,,,,,,,,,,,,,,,,,,,,,,,,,,,,,,,,,,,,,2013-08-01,,0.0688,,pre-market,,,,,,,,,,,,,,,,,,,,,,,,,
2013-09-30,TKO,,,,,,,,,,,,,,,,,,,,,,,,,,,,,,,,,,,,,,-0.12,,,0.01,,,,,,,,,,,,,,,,,,,,,,,,,,,,,,,,,,,,,,,,,,,,,,,,2013-10-31,,-0.11,,pre-market,,,,,,,,,,,,,-1200.0,,,,,,,,,,,,
2013-12-31,TKO,,,,,,,,,,,,,,,,,,,,,,,,,,,,,,,,,,,,,,-0.07,,,-0.04,,,,,,,,,,,,,,,,,,,,,,,,,,,,,,,,,,,,,,,,,,,,,,,,2014-02-20,,-0.11,,pre-market,,,,,,,,,,,,,-175.0,,,,,,,,,,,,
2014-03-31,TKO,,,,,,,,,,,,,,,,,,,,,,,,,,,,,,,,,,,,,,0.07,,,-0.18,,,,,,,,,,,,,,,,,,,,,,,,,,,,,,,,,,,,,,,,,,,,,,,,2014-05-01,,-0.11,,pre-market,,,,,,,,,,,,,38.8889,,,,,,,,,,,,
2014-06-30,TKO,,,,,,,,,,,,,,,,,,,,,,,,,,,,,,,,,,,,,,0.02,,,-0.2,,,,,,,,,,,,,,,,,,,,,,,,,,,,,,,,,,,,,,,,,,,,,,,,2014-07-31,,-0.18,,pre-market,,,,,,,,,,,,,10.0,,,,,,,,,,,,
2014-09-30,TKO,,,,,,,,,,,,,,,,,,,,,,,,,,,,,,,,,,,,,,0.14,,,-0.17,,,,,,,,,,,,,,,,,,,,,,,,,,,,,,,,,,,,,,,,,,,,,,,,2014-10-30,,-0.03,,pre-market,,,,,,,,,,,,,82.3529,,,,,,,,,,,,
2014-12-31,TKO,,,,,,,,,,,,,,,,,,,,,,,,,,,,,,,,,,,,,,0.06,,,-0.08,,,,,,,,,,,,,,,,,,,,,,,,,,,,,,,,,,,,,,,,,,,,,,,,2015-02-12,,-0.02,,pre-market,,,,,,,,,,,,,75.0,,,,,,,,,,,,
2015-03-31,TKO,,,,,,,,,,,,,,,,,,,,,,,,,,,,,,,,,,,,,,0.11,,,0.02,,,,,,,,,,,,,,,,,,,,,,,,,,,,,,,,,,,,,,,,,,,,,,,,2015-04-30,,0.13,,pre-market,,,,,,,,,,,,,550.0,,,,,,,,,,,,
2015-06-30,TKO,,,,,,,,,,,,,,,,,,,,,,,,,,,,,,,,,,,,,,0.08,,,-0.01,,,,,,,,,,,,,,,,,,,,,,,,,,,,,,,,,,,,,,,,,,,,,,,,2015-07-30,,0.07,,pre-market,,,,,,,,,,,,,800.0,,,,,,,,,,,,
2015-09-30,TKO,,,,,,,,,,,,,,,,,,,,,,,,,,,,,,,,,,,,,,0.05,,,0.09,,,,,,,,,,,,,,,,,,,,,,,,,,,,,,,,,,,,,,,,,,,,,,,,2015-10-29,,0.14,,pre-market,,,,,,,,,,,,,55.5556,,,,,,,,,,,,
2015-12-31,TKO,,,,,,,,,,,,,,,,,,,,,,,,,,,,,,,,,,,,,,0.04,,,0.0,,,,,,,,,,,,,,,,,,,,,,,,,,,,,,,,,,,,,,,,,,,,,,,,2016-02-11,,0.04,,pre-market,,,,,,,,,,,,,55.5556,,,,,,,,,,,,
2016-03-31,TKO,,,,,,,,,,,,,,,,,,,,,,,,,,,,,,,,,,,,,,0.08,,,0.1,,,,,,,,,,,,,,,,,,,,,,,,,,,,,,,,,,,,,,,,,,,,,,,,2016-05-10,,0.18,,pre-market,,,,,,,,,,,,,80.0,,,,,,,,,,,,
2016-06-30,TKO,,,,,,,,,,,,,,,,,,,,,,,,,,,,,,,,,,,,,,-0.01,,,0.02,,,,,,,,,,,,,,,,,,,,,,,,,,,,,,,,,,,,,,,,,,,,,,,,2016-07-28,,0.01,,pre-market,,,,,,,,,,,,,-50.0,,,,,,,,,,,,
2016-09-30,TKO,,,,,,,,,,,,,,,,,,,,,,,,,,,,,,,,,,,,,,-0.03,,,0.17,,,,,,,,,,,,,,,,,,,,,,,,,,,,,,,,,,,,,,,,,,,,,,,,2016-10-27,,0.14,,pre-market,,,,,,,,,,,,,-17.6471,,,,,,,,,,,,
2016-12-31,TKO,,,,,,,,,,,,,,,,,,,,,,,,,,,,,,,,,,,,,,-0.02,,,0.12,,,,,,,,,,,,,,,,,,,,,,,,,,,,,,,,,,,,,,,,,,,,,,,,2017-02-09,,0.1,,pre-market,,,,,,,,,,,,,-16.6667,,,,,,,,,,,,
2017-03-31,TKO,,,,,,,,,,,,,,,,,,,,,,,,,,,,,,,,,,,,,,-0.09,,,0.1,,,,,,,,,,,,,,,,,,,,,,,,,,,,,,,,,,,,,,,,,,,,,,,,2017-05-04,,0.01,,pre-market,,,,,,,,,,,,,-90.0,,,,,,,,,,,,
2017-06-30,TKO,,,,,,,,,,,,,,,,,,,,,,,,,,,,,,,,,,,,,,0.02,,,0.04,,,,,,,,,,,,,,,,,,,,,,,,,,,,,,,,,,,,,,,,,,,,,,,,2017-07-27,,0.06,,pre-market,,,,,,,,,,,,,50.0,,,,,,,,,,,,
2017-09-30,TKO,,,,,,,,,,,,,,,,,,,,,,,,,,,,,,,,,,,,,,0.08,,,0.2,,,,,,,,,,,,,,,,,,,,,,,,,,,,,,,,,,,,,,,,,,,,,,,,2017-10-26,,0.28,,pre-market,,,,,,,,,,,,,40.0,,,,,,,,,,,,
2017-12-31,TKO,,,,,,,,,,,,,,,,,,,,,,,,,,,,,,,,,,,,,,0.01,,,0.19,,,,,,,,,,,,,,,,,,,,,,,,,,,,,,,,,,,,,,,,,,,,,,,,2018-02-08,,0.2,,pre-market,,,,,,,,,,,,,5.2632,,,,,,,,,,,,
2018-03-31,TKO,,,,,,,,,,,,,,,,,,,,,,,,,,,,,,,,,,,,,,0.05,,,0.13,,,,,,,,,,,,,,,,,,,,,,,,,,,,,,,,,,,,,,,,,,,,,,,,2018-05-03,,0.18,,pre-market,,,,,,,,,,,,,38.4615,,,,,,,,,,,,
2018-06-30,TKO,,,,,,,,,,,,,,,,,,,,,,,,,,,,,,,,,,,,,,-0.05,,,0.16,,,,,,,,,,,,,,,,,,,,,,,,,,,,,,,,,,,,,,,,,,,,,,,,2018-07-26,,0.11,,pre-market,,,,,,,,,,,,,-31.25,,,,,,,,,,,,
2018-09-30,TKO,,,,,,,,,,,,,,,,,,,,,,,,,,,,,,,,,,,,,,0.18,,,0.19,,,,,,,,,,,,,,,,,,,,,,,,,,,,,,,,,,,,,,,,,,,,,,,,2018-10-25,,0.37,,pre-market,,,,,,,,,,,,,94.7368,,,,,,,,,,,,
2018-12-31,TKO,,,,,,,,,,,,,,,,,,,,,,,,,,,,,,,,,,,,,,0.18,,,0.28,,,,,,,,,,,,,,,,,,,,,,,,,,,,,,,,,,,,,,,,,,,,,,,,2019-02-07,,0.46,,pre-market,,,,,,,,,,,,,64.2857,,,,,,,,,,,,
2019-03-31,TKO,,,,,,,,,,,,,,,,,,,,,,,,,,,,,,,,,,,,,,-0.09,,,-0.02,,,,,,,,,,,,,,,,,,,,,,,,,,,,,,,,,,,,,,,,,,,,,,,,2019-04-25,,-0.11,,pre-market,,,,,,,,,,,,,-450.0,,,,,,,,,,,,
2019-06-30,TKO,,,,,,,,,,,,,,,,,,,,,,,,,,,,,,,,,,,,,,0.1,,,0.01,,,,,,,,,,,,,,,,,,,,,,,,,,,,,,,,,,,,,,,,,,,,,,,,2019-07-25,,0.11,,pre-market,,,,,,,,,,,,,1000.0,,,,,,,,,,,,
2019-09-30,TKO,,,,,,,,,,,,,,,,,,,,,,,,,,,,,,,,,,,,,,0.04,,,0.02,,,,,,,,,,,,,,,,,,,,,,,,,,,,,,,,,,,,,,,,,,,,,,,,2019-10-31,,0.06,,pre-market,,,,,,,,,,,,,200.0,,,,,,,,,,,,
2019-12-31,TKO,,,,,,,,,,,,,,,,,,,,,,,,,,,,,,,,,,,,,,0.05,,,0.73,,,,,,,,,,,,,,,,,,,,,,,,,,,,,,,,,,,,,,,,,,,,,,,,2020-02-06,,0.78,,pre-market,,,,,,,,,,,,,6.8493,,,,,,,,,,,,
2020-03-31,TKO,,,,,,,,,,,,,,,,,,,,,,,,,,,,,,,,,,,,,,0.05,,,0.26,,,,,,,,,,,,,,,,,,,,,,,,,,,,,,,,,,,,,,,,,,,,,,,,2020-04-23,,0.31,,pre-market,,,,,,,,,,,,,19.2308,,,,,,,,,,,,
2020-06-30,TKO,,,,,,,,,,,,,,,,,,,,,,,,,,,,,,,,,,,,,,0.37,,,0.15,,,,,,,,,,,,,,,,,,,,,,,,,,,,,,,,,,,,,,,,,,,,,,,,2020-07-30,,0.52,,pre-market,,,,,,,,,,,,,246.6667,,,,,,,,,,,,
2020-09-30,TKO,,,,,,,,,,,,,,,,,,,,,,,,,,,,,,,,,,,,,,0.1857,,,0.3843,,,,,,,,,,,,,,,,,,,,,,,,,,,,,,,,,,,,,,,,,,,,,,,,2020-10-29,,0.57,,pre-market,,,,,,,,,,,,,48.3216,,,,,,,,,,,,
2020-12-31,TKO,,,,,,,,,,,,,,,,,,,,,,,,,,,,,,,,,,,,,,-0.1198,,,0.2798,,,,,,,,,,,,,,,,,,,,,,,,,,,,,,,,,,,,,,,,,,,,,,,,2021-02-04,,0.16,,pre-market,,,,,,,,,,,,,-42.8163,,,,,,,,,,,,
2021-03-31,TKO,,,,,,,,,,,,,,,,,,,,,,,,,,,,,,,,,,,,,,0.2827,,,0.2273,,,,,,,,,,,,,,,,,,,,,,,,,,,,,,,,,,,,,,,,,,,,,,,,2021-04-22,,0.51,,pre-market,,,,,,,,,,,,,124.3731,,,,,,,,,,,,
2021-06-30,TKO,,,,,,,,,,,,,,,,,,,,,,,,,,,,,,,,,,,,,,0.0899,,,0.2501,,,,,,,,,,,,,,,,,,,,,,,,,,,,,,,,,,,,,,,,,,,,,,,,2021-07-29,,0.34,,pre-market,,,,,,,,,,,,,35.9456,,,,,,,,,,,,
2021-09-30,TKO,,,,,,,,,,,,,,,,,,,,,,,,,,,,,,,,,,,,,,0.1653,,,0.3547,,,,,,,,,,,,,,,,,,,,,,,,,,,,,,,,,,,,,,,,,,,,,,,,2021-11-04,,0.52,,pre-market,,,,,,,,,,,,,46.6028,,,,,,,,,,,,
2021-12-31,TKO,,,,,,,,,,,,,,,,,,,,,,,,,,,,,,,,,,,,,,0.2226,,,0.5374,,,,,,,,,,,,,,,,,,,,,,,,,,,,,,,,,,,,,,,,,,,,,,,,2022-02-03,,0.76,,pre-market,,,,,,,,,,,,,41.4217,,,,,,,,,,,,
2022-03-31,TKO,,,,,,,,,,,,,,,,,,,,,,,,,,,,,,,,,,,,,,0.1153,,,0.6547,,,,,,,,,,,,,,,,,,,,,,,,,,,,,,,,,,,,,,,,,,,,,,,,2022-05-05,,0.77,,pre-market,,,,,,,,,,,,,17.6111,,,,,,,,,,,,
2022-06-30,TKO,,,,,,,,,,,,,,,,,,,,,,,,,,,,,,,,,,,,,,0.0127,,,0.5673,,,,,,,,,,,,,,,,,,,,,,,,,,,,,,,,,,,,,,,,,,,,,,,,2022-08-16,,0.58,,pre-market,,,,,,,,,,,,,2.2387,,,,,,,,,,,,
2022-09-30,TKO,,,,,,,,,,,,,,,,,,,,,,,,,,,,,,,,,,,,,,-0.0132,,,0.5032,,,,,,,,,,,,,,,,,,,,,,,,,,,,,,,,,,,,,,,,,,,,,,,,2022-11-02,,0.49,,pre-market,,,,,,,,,,,,,-2.6232,,,,,,,,,,,,
2022-12-31,TKO,,,,,,,,,,,,,,,,,,,,,,,,,,,,,,,,,,,,,,-0.07,,,0.59,,,,,,,,,,,,,,,,,,,,,,,,,,,,,,,,,,,,,,,,,,,,,,,,2023-02-02,,0.52,,pre-market,,,,,,,,,,,,,-11.8644,,,,,,,,,,,,
2023-03-31,TKO,,,,,,,,,,,,,,,,,,,,,,,,,,,,,,,,,,,,,,0.01,,,0.42,,,,,,,,,,,,,,,,,,,,,,,,,,,,,,,,,,,,,,,,,,,,,,,,2023-05-03,,0.43,,pre-market,,,,,,,,,,,,,2.381,,,,,,,,,,,,
2023-06-30,TKO,,,,,,,,,,,,,,,,,,,,,,,,,,,,,,,,,,,,,,-0.24,,,0.91,,,,,,,,,,,,,,,,,,,,,,,,,,,,,,,,,,,,,,,,,,,,,,,,2023-08-02,,0.67,,pre-market,,,,,,,,,,,,,-26.3736,,,,,,,,,,,,
2023-09-30,TKO,,,,,,,,,,,,,,,,,,,,,,,,,,,,,,,,,,,,,,0.23,,,0.58,,,,,,,,,,,,,,,,,,,,,,,,,,,,,,,,,,,,,,,,,,,,,,,,2023-11-07,,0.81,,post-market,,,,,,,,,,,,,39.6552,,,,,,,,,,,,
2023-12-31,TKO,,,,,,,,,,,,,,,,,,,,,,,,,,,,,,,,,,,,,,-0.71,,,0.55,,,,,,,,,,,,,,,,,,,,,,,,,,,,,,,,,,,,,,,,,,,,,,,,2024-02-27,,-0.16,,post-market,,,,,,,,,,,,,-129.0909,,,,,,,,,,,,
2024-03-31,TKO,,,,,,,,,,,,,,,,,,,,,,,,,,,,,,,,,,,,,,-1.71,,,0.45,,,,,,,,,,,,,,,,,,,,,,,,,,,,,,,,,,,,,,,,,,,,,,,,2024-05-08,,-1.26,,post-market,,,,,,,,,,,,,-380.0,,,,,,,,,,,,
2024-06-30,TKO,,,,,,,,,,,,,,,,,,,,,,,,,,,,,,,,,,,,,,-0.15,,,0.87,,,,,,,,,,,,,,,,,,,,,,,,,,,,,,,,,,,,,,,,,,,,,,,,2024-07-31,,0.72,,pre-market,,,,,,,,,,,,,-17.2414,,,,,,,,,,,,
2024-09-30,TKO,,,,,,,,,,,,,,,,,,,,,,,,,,,,,,,,,,,,,,-0.23,,,0.51,,,,,,,,,,,,,,,,,,,,,,,,,,,,,,,,,,,,,,,,,,,,,,,,2024-11-06,,0.28,,post-market,,,,,,,,,,,,,-45.098,,,,,,,,,,,,
2024-12-31,TKO,,,,,,,,,,,,,,,,,,,,,,,,,,,,,,,,,,,,,,0.11,,,0.17,,,,,,,,,,,,,,,,,,,,,,,,,,,,,,,,,,,,,,,,,,,,,,,,2025-02-26,,0.28,,pre-market,,,,,,,,,,,,,64.7059,,,,,,,,,,,,
2025-03-31,TKO,,,,,,,,,,,,,,,,,,,,,,,,,,,,,,,,,,,,,,0.1353,,,0.5547,,,,,,,,,,,,,,,,,,,,,,,,,,,,,,,,,,,,,,,,,,,,,,,,2025-05-06,,0.69,,pre-market,,,,,,,,,,,,,24.3916,,,,,,,,,,,,
2025-06-30,TKO,,,,,,,,,,,,,,,,,,,,,,,,,,,,,,,,,,,,,,0.04,,,1.13,,,,,,,,,,,,,,,,,,,,,,,,,,,,,,,,,,,,,,,,,,,,,,,,2025-08-06,,1.17,,pre-market,,,,,,,,,,,,,3.5398,,,,,,,,,,,,
2025-09-30,TKO,,,,,,,,,,,,,,,,,,,,,,,,,,,,,,,,,,,,,,-0.17,,,0.64,,,,,,,,,,,,,,,,,,,,,,,,,,,,,,,,,,,,,,,,,,,,,,,,2025-11-05,,0.47,,pre-market,,,,,,,,,,,,,-26.5625,,,,,,,,,,,,
2025-12-28,TKO,2.61,2545175000.0,83.31,,0.254,48.42,,,,,,,,,,,,,,,,,,,,,,,,,,1.52,0.007,,,,0.65,-0.17,,,0.64,,41.84,,2370100000.0,,,,,,,,,,,,,,,,,,,0.156,,,,,,,,,,,,,4.502,7.02,,,,,,,,0.0899,,,2025-11-05,,0.47,,pre-market,,,0.0303,0.0813,-0.273,31.22,,,,,176.61,192.89,-26.5625,,,,,,,,,83.31,,218.11,131.77
2025-12-28,TKO,2.61,2545175000.0,83.31,,0.254,48.42,,,,,,,,,,,,,,,None,568784000,568784000,,,,,,None,129131000,,1.52,0.007,,,,0.65,-0.17,170403000,299534000,0.64,2025-09-30,41.84,,2370100000.0,551130000,119561000,12771000,,,None,50842000,49220000,,None,,,,,41005000,106790000,-50842000,None,0.156,,354006000,197124000,,,,,None,,,,,4.502,7.02,,,,,,,,0.0899,,,2025-11-05,quarterly,0.47,USD,pre-market,None,,0.0303,0.0813,-0.273,31.22,379167000,,,,176.61,192.89,-26.5625,,,,,,,1119914000,,83.31,,218.11,131.77
2025-12-28,TKO,2.61,2545175000.0,83.31,,0.254,48.42,,,,,,,,,,,,,,,None,575780000,575780000,,,,,,None,99397000,,1.52,0.007,,,,0.65,-0.17,360466000,459863000,0.64,2025-06-30,41.84,,2370100000.0,732662000,319569000,46472000,,,None,48207000,40897000,,None,,,,,98365000,273097000,-48207000,None,0.156,,346096000,386566000,,,,,None,,,,,4.502,7.02,,,,,,,,0.0899,,,2025-11-05,quarterly,0.47,USD,pre-market,None,,0.0303,0.0813,-0.273,31.22,364357000,,,,176.61,192.89,-26.5625,,,,,,,1308442000,,83.31,,218.11,131.77
2025-12-28,TKO,2.61,2545175000.0,83.31,,0.254,48.42,,,,,,,,,,,,,,,None,668152000,668152000,,,,,,None,100535000,,1.52,0.007,,,,0.65,-0.17,228978000,329513000,0.64,2025-03-31,41.84,,2370100000.0,600648000,186738000,21182000,,,None,44765000,42241000,,None,,,,,58408000,165556000,-44765000,None,0.156,,315536000,285112000,,,,,None,,,,,4.502,7.02,,,,,,,,0.0899,,,2025-11-05,quarterly,0.47,USD,pre-market,None,,0.0303,0.0813,-0.273,31.22,363285000,,,,176.61,192.89,-26.5625,,,,,,,1268800000,,83.31,,218.11,131.77
2025-12-28,TKO,2.61,2545175000.0,83.31,,0.254,48.42,,,,,,,,,,,,,,,None,315690000,315690000,,,,,,None,83714000,,1.52,0.007,,,,0.65,-0.17,100604000,184318000,0.64,2024-12-31,41.84,,2370100000.0,326506000,41357000,-6123000,,,None,56247000,59226000,,None,,,,,30980000,47501000,-56247000,None,0.156,,221445000,105061000,,,,,None,,,,,4.502,7.02,,,,,,,,0.0899,,,2025-11-05,quarterly,0.47,USD,pre-market,None,,0.0303,0.0813,-0.273,31.22,224580000,,,,176.61,192.89,-26.5625,,,,,,,642196000,,83.31,,218.11,131.77
2025-12-28,TKO,2.61,2545175000.0,83.31,,0.254,48.42,,,,,,,,,,,,,,,None,305240000,305240000,,,,,,None,98148000,,1.52,0.007,,,,0.65,-0.17,137754000,235902000,0.64,2024-09-30,41.84,,2370100000.0,376033000,75499000,17777000,,,None,62644000,62255000,,None,,,,,23136000,57722000,-62644000,None,0.156,,194069000,181964000,,,,,None,,,,,4.502,7.02,,,,,,,,0.0899,,,2025-11-05,quarterly,0.47,USD,pre-market,None,,0.0303,0.0813,-0.273,31.22,239660000,,,,176.61,192.89,-26.5625,,,,,,,681273000,,83.31,,218.11,131.77
2025-12-28,TKO,2.61,2545175000.0,83.31,,0.254,48.42,,,,,,,,,,,,,,,None,710150000,710150000,,,,,,None,118912000,,1.52,0.007,,,,0.65,-0.17,114653000,233565000,0.64,2024-06-30,41.84,,2370100000.0,483041000,52792000,6609000,,,None,62979000,None,,None,,,,,59107000,150664000,-65758000,None,0.156,,356393000,126648000,,,,,None,,,,,4.502,7.02,,,,,,,,0.0899,,,2025-11-05,quarterly,0.47,USD,pre-market,None,,0.0303,0.0813,-0.273,31.22,232602000,,,,176.61,192.89,-26.5625,,,,,,,1193191000,,83.31,,218.11,131.77
2025-12-28,TKO,2.61,2545175000.0,83.31,,0.254,48.42,,,,,,,,,,,,,,,None,727715000,727715000,,,,,,None,122069000,,1.52,0.007,,,,0.65,-0.17,-181814000,-59745000,0.64,2024-03-31,41.84,,2370100000.0,494733000,-240184000,-5731000,,,None,61177000,None,,None,,,,,-103840000,-249510000,-64466000,None,0.156,,313045000,181688000,,,,,None,,,,,4.502,7.02,,,,,,,,0.0899,,,2025-11-05,quarterly,0.47,USD,pre-market,None,,0.0303,0.0813,-0.273,31.22,531880000,,,,176.61,192.89,-26.5625,,,,,,,1222448000,,83.31,,218.11,131.77
2025-12-28,TKO,2.61,2545175000.0,83.31,,0.254,48.42,,,,,,,,,,,,,,,None,315000000,315000000,,,,,,None,102700000,,1.52,0.007,,,,0.65,-0.17,64300000,167000000,0.64,2023-12-31,41.84,,2370100000.0,299000000,-2300000,13800000,,,None,66599999,None,,None,,,,,-13300000,-16101000,-66603000,None,0.156,,201000000,98000000,,,,,None,,,,,4.502,7.02,,,,,,,,0.0899,,,2025-11-05,quarterly,0.47,USD,pre-market,None,,0.0303,0.0813,-0.273,31.22,236058000,,,,176.61,192.89,-26.5625,,,,,,,614000000,,83.31,,218.11,131.77
2025-12-28,TKO,2.61,2545175000.0,83.31,,0.254,48.42,,,,,,,,,,,,,,,None,162010000,162010000,,,,,,None,36112000,,1.52,0.007,,,,0.65,-0.17,93141000,129253000,0.64,2023-09-30,41.84,,2370100000.0,287048000,33176000,11156000,,,None,60636000,None,,None,,,,,-21886000,22000000,-60600000,None,0.156,,193211000,93837000,,,,,None,,,,,4.502,7.02,,,,,,,,0.0899,,,2025-11-05,quarterly,0.47,USD,pre-market,None,,0.0303,0.0813,-0.273,31.22,193200000,,,,176.61,192.89,-26.5625,,,,,,,449058000,,83.31,,218.11,131.77
2025-12-28,TKO,2.61,2545175000.0,83.31,,0.254,48.42,,,,,,,,,,,,,,,None,97839000,97839000,,,,,,None,15050000,,1.52,0.007,,,,0.65,-0.17,143335000,158385000,0.64,2023-06-30,41.84,,2370100000.0,207346000,84723000,2869000,,,None,57895000,1263000,,None,,,,,81414000,81854000,-57895000,None,0.156,,52110000,155236000,,,,,None,,,,,4.502,7.02,,,,,,,,0.0899,,,2025-11-05,quarterly,0.47,USD,pre-market,None,,0.0303,0.0813,-0.273,31.22,83857000,,,,176.61,192.89,-26.5625,,,,,,,305185000,,83.31,,218.11,131.77
2025-12-28,TKO,2.61,2545175000.0,83.31,,0.254,48.42,,,,,,,,,,,,,,,None,104304000,104304000,,,,,,None,15152000,,1.52,0.007,,,,0.65,-0.17,145751000,160903000,0.64,2023-03-31,41.84,,2370100000.0,202426000,91580000,3630000,,,None,53908000,1052000,,None,,,,,87602000,87950000,-53908000,None,0.156,,45089000,157337000,,,,,None,,,,,4.502,7.02,,,,,,,,0.0899,,,2025-11-05,quarterly,0.47,USD,pre-market,None,,0.0303,0.0813,-0.273,31.22,59872000,,,,176.61,192.89,-26.5625,,,,,,,306730000,,83.31,,218.11,131.77
2025-12-28,TKO,2.61,2545175000.0,83.31,,0.254,48.42,,,,,,,,,,,,,,,None,97100000,97100000,,,,,,None,15000000,,1.52,0.007,,,,0.65,-0.17,119300000,134300000,0.64,2022-12-31,41.84,,2370100000.0,174600000,70300000,1800000,,,None,48800000,2736000,,None,,,,,68373000,68482000,-48800000,None,0.156,,54200000,120400000,,,,,None,,,,,4.502,7.02,,,,,,,,0.0899,,,2025-11-05,quarterly,0.47,USD,pre-market,None,,0.0303,0.0813,-0.273,31.22,67348000,,,,176.61,192.89,-26.5625,,,,,,,271700000,,83.31,,218.11,131.77
2025-12-28,TKO,2.61,2545175000.0,83.31,,0.254,48.42,,,,,,,,,,,,,,,None,114566000,114566000,,,,,,None,18679000,,1.52,0.007,,,,0.65,-0.17,170036000,188715000,0.64,2022-09-30,41.84,,2370100000.0,226133000,134717000,5044000,,,None,35319000,None,,None,,,,,129042000,129673000,-35319000,None,0.156,,56497000,169636000,,,,,None,,,,,4.502,7.02,,,,,,,,0.0899,,,2025-11-05,quarterly,0.47,USD,pre-market,None,,0.0303,0.0813,-0.273,31.22,56497000,,,,176.61,192.89,-26.5625,,,,,,,340699000,,83.31,,218.11,131.77
2025-12-28,TKO,2.61,2545175000.0,83.31,,0.254,48.42,,,,,,,,,,,,,,,None,206337000,206337000,,,,,,None,21226000,,1.52,0.007,,,,0.65,-0.17,69062000,90288000,0.64,2022-06-30,41.84,,2370100000.0,121798000,64427000,15328000,,,None,4635000,None,,None,,,,,49099000,94621000,-27650000,None,0.156,,52470000,69328000,,,,,None,,,,,4.502,7.02,,,,,,,,0.0899,,,2025-11-05,quarterly,0.47,USD,pre-market,None,,0.0303,0.0813,-0.273,31.22,53705000,,,,176.61,192.89,-26.5625,,,,,,,328135000,,83.31,,218.11,131.77
2025-12-28,TKO,2.61,2545175000.0,83.31,,0.254,48.42,,,,,,,,,,,,,,,None,190392000,190392000,,,,,,None,24091000,,1.52,0.007,,,,0.65,-0.17,92730000,116821000,0.64,2022-03-31,41.84,,2370100000.0,143056000,86385000,20344000,,,None,6345000,None,,None,,,,,66041000,None,None,None,0.156,,50647000,92409000,,,,,None,,,,,4.502,7.02,,,,,,,,0.0899,,,2025-11-05,quarterly,0.47,USD,pre-market,None,,0.0303,0.0813,-0.273,31.22,None,,,,176.61,192.89,-26.5625,,,,,,,333448000,,83.31,,218.11,131.77
2025-12-28,TKO,2.61,2545175000.0,83.31,,0.254,48.42,,,,,,,,,,,,,,,None,180038000,180038000,,,,,,None,15044000,,1.52,0.007,,,,0.65,-0.17,87359000,102403000,0.64,2021-12-31,41.84,,2370100000.0,130219000,79257000,18368000,,,None,8102000,None,,None,,,,,60889000,None,None,None,0.156,,49545000,80674000,,,,,None,,,,,4.502,7.02,,,,,,,,0.0899,,,2025-11-05,quarterly,0.47,None,pre-market,None,,0.0303,0.0813,-0.273,31.22,None,,,,176.61,192.89,-26.5625,,,,,,,310257000,,83.31,,218.11,131.77
2025-12-28,TKO,2.61,2545175000.0,83.31,,0.254,48.42,,,,,,,,,,,,,,,None,149200000,149200000,,,,,,None,16646000,,1.52,0.007,,,,0.65,-0.17,64276000,80922000,0.64,2021-09-30,41.84,,2370100000.0,106653000,55768000,12282000,,,None,8508000,None,,None,,,,,43486000,None,None,None,0.156,,42717000,63936000,,,,,None,,,,,4.502,7.02,,,,,,,,0.0899,,,2025-11-05,quarterly,0.47,None,pre-market,None,,0.0303,0.0813,-0.273,31.22,None,,,,176.61,192.89,-26.5625,,,,,,,255853000,,83.31,,218.11,131.77
2025-12-28,TKO,2.61,2545175000.0,83.31,,0.254,48.42,,,,,,,,,,,,,,,None,166841000,166841000,,,,,,None,25313000,,1.52,0.007,,,,0.65,-0.17,46225000,71538000,0.64,2021-06-30,41.84,,2370100000.0,98699000,37733000,8532000,,,None,8492000,None,,None,,,,,29201000,None,None,None,0.156,,52348000,46351000,,,,,None,,,,,4.502,7.02,,,,,,,,0.0899,,,2025-11-05,quarterly,0.47,None,pre-market,None,,0.0303,0.0813,-0.273,31.22,None,,,,176.61,192.89,-26.5625,,,,,,,265540000,,83.31,,218.11,131.77
2025-12-28,TKO,2.61,2545175000.0,83.31,,0.254,48.42,,,,,,,,,,,,,,,None,152996000,152996000,,,,,,None,20921000,,1.52,0.007,,,,0.65,-0.17,65612000,86533000,0.64,2021-03-31,41.84,,2370100000.0,110528000,57104000,13272000,,,None,8508000,None,,None,,,,,43832000,None,None,None,0.156,,45472000,65056000,,,,,None,,,,,4.502,7.02,,,,,,,,0.0899,,,2025-11-05,quarterly,0.47,None,pre-market,None,,0.0303,0.0813,-0.273,31.22,None,,,,176.61,192.89,-26.5625,,,,,,,263524000,,83.31,,218.11,131.77
2025-12-28,TKO,2.61,2545175000.0,83.31,,0.254,48.42,,,,,,,,,,,,,,,None,1292717000,1292717000,,,,,,None,392842000,,1.52,0.007,,,,0.65,-0.17,283465000,676307000,0.64,2024-12-31,41.84,,2370100000.0,1511624000,32083000,25706000,,,None,249115000,251382000,,None,,,,,9408000,6377000,-249115000,None,0.156,,736644000,774980000,,,,,None,,,,,4.502,7.02,,,,,,,,0.0899,,,2025-11-05,annual,0.47,USD,pre-market,None,,0.0303,0.0813,-0.273,31.22,1228722000,,,,176.61,192.89,-26.5625,,,,,,,2804341000,,83.31,,218.11,131.77
2025-12-28,TKO,2.61,2545175000.0,83.31,,0.254,48.42,,,,,,,,,,,,,,,None,679214000,679214000,,,,,,None,164616000,,1.52,0.007,,,,0.65,-0.17,446477000,611093000,0.64,2023-12-31,41.84,,2370100000.0,995754000,207169000,31446000,,,None,239042000,239308000,,None,,,,,-35227000,175723000,-239042000,None,0.156,,409562000,586192000,,,,,None,,,,,4.502,7.02,,,,,,,,0.0899,,,2025-11-05,annual,0.47,USD,pre-market,None,,0.0303,0.0813,-0.273,31.22,549091000,,,,176.61,192.89,-26.5625,,,,,,,1674968000,,83.31,,218.11,131.77
2025-12-28,TKO,2.61,2545175000.0,83.31,,0.254,48.42,,,,,,,,,,,,,,,None,385618000,385618000,,,,,,None,60032000,,1.52,0.007,,,,0.65,-0.17,543116000,603148000,0.64,2022-12-31,41.84,,2370100000.0,754529000,403340000,14318000,,,None,139567000,16999000,,None,,,,,387275000,389022000,-139567000,None,0.156,,209389000,545140000,,,,,None,,,,,4.502,7.02,,,,,,,,0.0899,,,2025-11-05,annual,0.47,USD,pre-market,None,,0.0303,0.0813,-0.273,31.22,240387000,,,,176.61,192.89,-26.5625,,,,,,,1140147000,,83.31,,218.11,131.77
2025-12-28,TKO,2.61,2545175000.0,83.31,,0.254,48.42,,,,,,,,,,,,,,,None,649075000,649075000,,,,,,None,77924000,,1.52,0.007,,,,0.65,-0.17,263472000,341396000,0.64,2021-12-31,41.84,,2370100000.0,446099000,229862000,52454000,,,None,33610000,33215000,,None,,,,,177408000,273625000,-102247000,None,0.156,,190082000,256017000,,,,,None,,,,,4.502,7.02,,,,,,,,0.0899,,,2025-11-05,annual,0.47,USD,pre-market,None,,0.0303,0.0813,-0.273,31.22,190082000,,,,176.61,192.89,-26.5625,,,,,,,1095174000,,83.31,,218.11,131.77
2025-12-28,TKO,2.61,2545175000.0,83.31,,0.254,48.42,,,,,,,,,,,,,,,None,592096000,592096000,,,,,,None,86188000,,1.52,0.007,,,,0.65,-0.17,206710000,292898000,0.64,2020-12-31,41.84,,2370100000.0,382111000,171109000,39338000,,,None,35601000,33782000,,None,,,,,131770999,178325000,-118550000,None,0.156,,173567000,208544000,,,,,None,,,,,4.502,7.02,,,,,,,,0.0899,,,2025-11-05,annual,0.47,USD,pre-market,None,,0.0303,0.0813,-0.273,31.22,169867000,,,,176.61,192.89,-26.5625,,,,,,,974207000,,83.31,,218.11,131.77
2025-12-28,TKO,2.61,2545175000.0,83.31,,0.254,48.42,,,,,,,,,,,,,,,None,672326000,672326000,,,,,,None,83280000,,1.52,0.007,,,,0.65,-0.17,120799000,204079000,0.64,2019-12-31,41.84,,2370100000.0,288116000,94678000,17617000,,,None,26121000,None,,None,,,,,77061000,None,None,None,0.156,,171606000,116510000,,,,,None,,,,,4.502,7.02,,,,,,,,0.0899,,,2025-11-05,annual,0.47,None,pre-market,None,,0.0303,0.0813,-0.273,31.22,None,,,,176.61,192.89,-26.5625,,,,,,,960442000,,83.31,,218.11,131.77
2025-12-28,TKO,2.61,2545175000.0,83.31,,0.254,48.42,,,,,,,,,,,,,,,None,634251000,634251000,,,,,,None,70155000,,1.52,0.007,,,,0.65,-0.17,121442000,191597000,0.64,2018-12-31,41.84,,2370100000.0,295909000,106037000,6449000,,,None,15405000,None,,None,,,,,99588000,None,None,None,0.156,,181431000,114478000,,,,,None,,,,,4.502,7.02,,,,,,,,0.0899,,,2025-11-05,annual,0.47,None,pre-market,None,,0.0303,0.0813,-0.273,31.22,None,,,,176.61,192.89,-26.5625,,,,,,,930160000,,83.31,,218.11,131.77
2025-12-28,TKO,2.61,2545175000.0,83.31,,0.254,48.42,,,,,,,,,,,,,,,None,559103000,559103000,,,,,,None,65072000,,1.52,0.007,,,,0.65,-0.17,78796000,143868000,0.64,2017-12-31,41.84,,2370100000.0,241856000,64060000,31420000,,,None,14736000,None,,None,,,,,32640000,None,None,None,0.156,,160806000,81050000,,,,,None,,,,,4.502,7.02,,,,,,,,0.0899,,,2025-11-05,annual,0.47,None,pre-market,None,,0.0303,0.0813,-0.273,31.22,None,,,,176.61,192.89,-26.5625,,,,,,,800959000,,83.31,,218.11,131.77
2025-12-28,TKO,2.61,2545175000.0,83.31,,0.254,48.42,,,,,,,,,,,,,,,None,453620000,453620000,,,,,,None,62015000,,1.52,0.007,,,,0.65,-0.17,56233000,118248000,0.64,2016-12-31,41.84,,2370100000.0,275596000,53213000,19372000,,,None,3020000,None,,None,,,,,33841000,None,None,None,0.156,,219132000,56464000,,,,,None,,,,,4.502,7.02,,,,,,,,0.0899,,,2025-11-05,annual,0.47,None,pre-market,None,,0.0303,0.0813,-0.273,31.22,None,,,,176.61,192.89,-26.5625,,,,,,,729216000,,83.31,,218.11,131.77
2025-12-28,TKO,2.61,2545175000.0,83.31,,0.254,48.42,,,,,,,,,,,,,,,None,419586000,419586000,,,,,,None,60622000,,1.52,0.007,,,,0.65,-0.17,38593000,99215000,0.64,2015-12-31,41.84,,2370100000.0,239182000,36226000,12082000,,,None,2367000,None,,None,,,,,24144000,None,None,None,0.156,,192773000,46409000,,,,,None,,,,,4.502,7.02,,,,,,,,0.0899,,,2025-11-05,annual,0.47,None,pre-market,None,,0.0303,0.0813,-0.273,31.22,None,,,,176.61,192.89,-26.5625,,,,,,,658768000,,83.31,,218.11,131.77
2025-12-28,TKO,2.61,2545175000.0,83.31,None,0.254,48.42,,305456000,861410000,861410000,,,,,,,,,2000,199061830,None,419586000,419586000,265922000,None,36392000,583172000,None,None,60622000,,1.52,0.007,,,,0.65,-0.17,38593000,99215000,0.64,2025-09-30,41.84,8444710000,2370100000.0,239182000,36226000,12082000,3453416000,3453416000,None,2367000,None,41584000,None,None,3701067000,None,123472000,24144000,None,None,None,0.156,,192773000,46409000,767715000,670535000,None,273898000,None,,,,,4.502,7.02,,,,,,,,0.0899,,889875000,2025-11-05,quarterly,0.47,USD,pre-market,None,-752388000,0.0303,0.0813,-0.273,31.22,None,4042915000,75066000,None,176.61,192.89,-26.5625,15546959000,2212297000,1519491000,6097637000,13334662000,4578146000,658768000,3821025000,83.31,None,218.11,131.77
2025-12-28,TKO,2.61,2545175000.0,83.31,None,0.254,48.42,,310454000,535061000,535061000,,,,,,,,,2000,199279343,None,419586000,419586000,283865000,None,27014000,694321000,None,None,60622000,,1.52,0.007,,,,0.65,-0.17,38593000,99215000,0.64,2025-06-30,41.84,8442513000,2370100000.0,239182000,36226000,12082000,3527638000,3527638000,None,2367000,None,46489000,None,None,2722300000,None,122983000,24144000,None,None,None,0.156,,192773000,46409000,637018000,687929000,None,170721000,None,,,,,4.502,7.02,,,,,,,,0.0899,,905794000,2025-11-05,quarterly,0.47,USD,pre-market,None,-130008000,0.0303,0.0813,-0.273,31.22,None,3059768000,65192000,None,176.61,192.89,-26.5625,15341705000,1912889000,1476466000,4978987000,13428816000,3502521000,658768000,4265329000,83.31,None,218.11,131.77
2025-12-28,TKO,2.61,2545175000.0,83.31,None,0.254,48.42,,313882000,470860000,470860000,,,,,,,,,2000,181521000,None,419586000,419586000,213798000,None,27010000,557523000,None,None,60622000,,1.52,0.007,,,,0.65,-0.17,38593000,99215000,0.64,2025-03-31,41.84,8442068000,2370100000.0,239182000,36226000,12082000,3591252000,3591252000,None,2367000,None,6527000,None,None,2728516000,None,110904000,24144000,None,None,None,0.156,,192773000,46409000,484318000,545344000,None,256309000,None,,,,,4.502,7.02,,,,,,,,0.0899,,924930000,2025-11-05,quarterly,0.47,USD,pre-market,None,-231217000,0.0303,0.0813,-0.273,31.22,None,3069408000,64658000,None,176.61,192.89,-26.5625,15010070000,1519228000,1219300000,4815200000,13490841000,3595900000,658768000,4162000000,83.31,None,218.11,131.77
2025-12-28,TKO,2.61,2545175000.0,83.31,None,0.254,48.42,,276103000,525556000,525556000,,,,,,,,,2000,171970000,None,419586000,419586000,29681000,None,26513000,221409000,None,None,60622000,,1.52,0.007,,,,0.65,-0.17,38593000,99215000,0.64,2024-12-31,41.84,7664219000,2370100000.0,239182000,36226000,12082000,3263469000,3263469000,None,2367000,None,None,None,None,2732761000,None,32162000,24144000,None,None,None,0.156,,192773000,46409000,122602000,495443000,None,7457000,None,,,,,4.502,7.02,,,,,,,,0.0899,,805020000,2025-11-05,quarterly,0.47,USD,pre-market,None,-291728000,0.0303,0.0813,-0.273,31.22,None,3035377000,44296000,-44000,176.61,192.89,-26.5625,12699936000,869567000,670657000,3981405000,11830369000,3310748000,658768000,4091023000,83.31,None,218.11,131.77
2025-12-28,TKO,2.61,2545175000.0,83.31,None,0.254,48.42,,269229000,457410000,457410000,,,,,,,,,2000,171601095,None,419586000,419586000,31712000,None,22171000,284961000,None,None,60622000,,1.52,0.007,,,,0.65,-0.17,38593000,99215000,0.64,2024-09-30,41.84,7663992000,2370100000.0,239182000,36226000,12082000,3325151000,3325151000,None,2367000,None,None,None,None,2697327000,None,33163000,24144000,None,None,None,0.156,,192773000,46409000,151446000,627577000,None,5875000,None,,,,,4.502,7.02,,,,,,,,0.0899,,794771000,2025-11-05,quarterly,0.47,USD,pre-market,None,-322810000,0.0303,0.0813,-0.273,31.22,None,2988727000,36437000,None,176.61,192.89,-26.5625,12770403000,893817000,763433000,4094551000,11876586000,3331118000,658768000,4044561000,83.31,None,218.11,131.77
2025-12-28,TKO,2.61,2545175000.0,83.31,None,0.254,48.42,,271725000,277532000,277532000,,,,,,,,,2000,81851388,None,419586000,419586000,31879000,None,22247000,325523000,None,None,60622000,,1.52,0.007,,,,0.65,-0.17,38593000,99215000,0.64,2024-06-30,41.84,7665280000,2370100000.0,239182000,36226000,12082000,3401891000,3401891000,None,2367000,None,None,None,None,2702820000,None,15956000,24144000,None,None,None,0.156,,192773000,46409000,146111000,584639000,None,5860000,None,,,,,4.502,7.02,,,,,,,,0.0899,,None,2025-11-05,quarterly,0.47,USD,pre-market,None,-346425000,0.0303,0.0813,-0.273,31.22,None,2996792000,37125000,None,176.61,192.89,-26.5625,12719812000,749166000,753188000,4091668000,11970646000,3338480000,658768000,3991620000,83.31,None,218.11,131.77
2025-12-28,TKO,2.61,2545175000.0,83.31,None,0.254,48.42,,298067000,245812000,245812000,,,,,,,,,2000,82351654,None,419586000,419586000,22587000,None,22321000,171555000,None,None,60622000,,1.52,0.007,,,,0.65,-0.17,38593000,99215000,0.64,2024-03-31,41.84,7666148000,2370100000.0,239182000,36226000,12082000,3483021000,3483021000,None,2367000,None,1,None,None,2708361000,None,15993000,24144000,None,None,None,0.156,,192773000,46409000,164393000,417948000,None,137865000,None,,,,,4.502,7.02,,,,,,,,0.0899,,None,2025-11-05,quarterly,0.47,USD,pre-market,None,-239067000,0.0303,0.0813,-0.273,31.22,None,3028749000,38174000,None,176.61,192.89,-26.5625,12722266000,581760000,590491000,4091884000,12140506000,3501393000,658768000,4034777000,83.31,None,218.11,131.77
2025-12-28,TKO,2.61,2545175000.0,83.31,None,0.254,48.42,,290580000,235839000,235839000,,,,,,,,,2000,82735036,None,419586000,419586000,42040000,None,22367000,147035000,None,None,60622000,,1.52,0.007,,,,0.65,-0.17,38593000,99215000,0.64,2023-12-31,41.84,7666485000,2370100000.0,239182000,36226000,12082000,3563663000,3563663000,None,2367000,None,None,None,None,2713948000,None,16392000,24144000,None,None,None,0.156,,192773000,46409000,109556000,276360000,None,3046000,None,,,,,4.502,7.02,,,,,,,,0.0899,,None,2025-11-05,quarterly,0.47,USD,pre-market,None,-135227000,0.0303,0.0813,-0.273,31.22,None,3026895000,34748000,None,176.61,192.89,-26.5625,12690739000,492430000,472140000,3840193000,12198309000,3368053000,658768000,4108980000,83.31,None,218.11,131.77
2025-12-28,TKO,2.61,2545175000.0,83.31,None,0.254,48.42,,276200000,188592000,188592000,,,,,,,,,2000,83161406,None,419586000,419586000,20898000,None,26700000,195773000,None,None,60622000,,1.52,0.007,,,,0.65,-0.17,38593000,99215000,0.64,2023-09-30,41.84,7644053000,2370100000.0,239182000,36226000,12082000,3679868000,3679868000,None,2367000,None,None,None,None,2719500000,None,17100000,24144000,None,None,None,0.156,,192773000,46409000,116611000,247360000,None,3000000,None,,,,,4.502,7.02,,,,,,,,0.0899,,839593000,2025-11-05,quarterly,0.47,USD,pre-market,None,-21886000,0.0303,0.0813,-0.273,31.22,None,3022300000,36723000,None,176.61,192.89,-26.5625,12736453000,500976000,399454000,3764903000,12235477000,3365449000,658768000,4164954000,83.31,None,218.11,131.77
2025-12-28,TKO,2.61,2545175000.0,83.31,None,0.254,48.42,,23624000,317769000,317769000,,,,,,,,,829000,77861000,None,419586000,419586000,10328000,None,22514000,161949000,None,None,60622000,,1.52,0.007,,,,0.65,-0.17,38593000,99215000,0.64,2023-06-30,41.84,2602639000,2370100000.0,239182000,36226000,12082000,452381000,452381000,None,2367000,None,2223000,None,None,20622000,None,4436000,24144000,None,None,None,0.156,,192773000,46409000,55518000,119009000,None,6246000,None,,,,,4.502,7.02,,,,,,,,0.0899,,678800000,2025-11-05,quarterly,0.47,USD,pre-market,None,162316000,0.0303,0.0813,-0.273,31.22,None,414636000,18298000,206054000,176.61,192.89,-26.5625,1507220000,743513000,196947000,597909000,763707000,400962000,658768000,909311000,83.31,None,218.11,131.77
2025-12-28,TKO,2.61,2545175000.0,83.31,None,0.254,48.42,,24577000,197656000,197656000,,,,,,,,,745000,83162446,None,419586000,419586000,7075000,None,22585000,103299000,None,None,60622000,,1.52,0.007,,,,0.65,-0.17,38593000,99215000,0.64,2023-03-31,41.84,2602639000,2370100000.0,239182000,36226000,12082000,464157000,464157000,None,2367000,None,3984000,None,None,20733000,None,5153000,24144000,None,None,None,0.156,,192773000,46409000,66675000,91772000,None,7508000,None,,,,,4.502,7.02,,,,,,,,0.0899,,664468000,2025-11-05,quarterly,0.47,USD,pre-market,None,120079000,0.0303,0.0813,-0.273,31.22,None,628835000,229635000,267692999,176.61,192.89,-26.5625,1386730000,639307000,395881000,800038000,747423000,404157000,658768000,586692000,83.31,None,218.11,131.77
2025-12-28,TKO,2.61,2545175000.0,83.31,None,0.254,48.42,,24387000,180574000,180574000,,,,,,,,,568070000,88700000,None,419586000,419586000,16842000,None,22683000,45448000,None,None,60622000,,1.52,0.007,,,,0.65,-0.17,38593000,99215000,0.64,2022-12-31,41.84,2602639000,2370100000.0,239182000,36226000,12082000,475765000,475765000,None,2367000,None,258000,None,None,20848000,None,5416000,24144000,None,None,None,0.156,,192773000,46409000,42278000,117237000,None,12818000,None,,,,,4.502,7.02,,,,,,,,0.0899,,642062000,2025-11-05,quarterly,0.47,USD,pre-market,None,92335000,0.0303,0.0813,-0.273,31.22,None,2783385000,24476000,258487000,176.61,192.89,-26.5625,3580730000,268300000,230179000,3001906000,3312430000,2771727000,658768000,568916000,83.31,None,218.11,131.77
2025-12-28,TKO,2.61,2545175000.0,83.31,None,0.254,48.42,,None,181688000,181688000,,,,,,,,,744000,83162446,None,419586000,419586000,13391000,None,None,143271000,None,None,60622000,,1.52,0.007,,,,0.65,-0.17,38593000,99215000,0.64,2022-09-30,41.84,None,2370100000.0,239182000,36226000,12082000,None,None,None,2367000,None,2464000,None,None,None,None,None,24144000,None,None,None,0.156,,192773000,46409000,70535000,147076000,None,None,None,,,,,4.502,7.02,,,,,,,,0.0899,,198324000,2025-11-05,quarterly,0.47,USD,pre-market,None,62437000,0.0303,0.0813,-0.273,31.22,None,628449000,229950000,259305000,176.61,192.89,-26.5625,1333086000,657263000,448969000,861850000,675823000,412881000,658768000,471236000,83.31,None,218.11,131.77
2025-12-28,TKO,2.61,2545175000.0,83.31,None,0.254,48.42,,None,110126000,110126000,,,,,,,,,742000,87857000,None,419586000,419586000,25285000,None,None,176680000,None,None,60622000,,1.52,0.007,,,,0.65,-0.17,38593000,99215000,0.64,2022-06-30,41.84,None,2370100000.0,239182000,36226000,12082000,None,None,None,2367000,None,4837000,None,None,None,None,None,24144000,None,None,None,0.156,,192773000,46409000,53497000,98694000,None,None,None,,,,,4.502,7.02,,,,,,,,0.0899,,None,2025-11-05,quarterly,0.47,None,pre-market,None,29964000,0.0303,0.0813,-0.273,31.22,None,629533000,230398000,333386000,176.61,192.89,-26.5625,1279054000,678526000,425204000,838222000,600528000,413018000,658768000,440832000,83.31,None,218.11,131.77
2025-12-28,TKO,2.61,2545175000.0,83.31,None,0.254,48.42,,None,105594000,105594000,,,,,,,,,744000,83162446,None,419586000,419586000,20692000,None,None,163192000,None,None,60622000,,1.52,0.007,,,,0.65,-0.17,38593000,99215000,0.64,2022-03-31,41.84,None,2370100000.0,239182000,36226000,12082000,None,None,None,2367000,None,9200000,None,None,None,None,None,24144000,None,None,None,0.156,,192773000,46409000,30716000,90396000,None,None,None,,,,,4.502,7.02,,,,,,,,0.0899,,None,2025-11-05,quarterly,0.47,USD,pre-market,None,-1759000,0.0303,0.0813,-0.273,31.22,None,633747000,230079000,342219000,176.61,192.89,-26.5625,1245348000,650921000,426847000,843904000,594426999,417057000,658768000,401444000,83.31,None,218.11,131.77
2025-12-28,TKO,2.61,2545175000.0,83.31,None,0.254,48.42,,None,874688000,874688000,,,,,,,,,1251416000,83700000,None,419586000,419586000,11636000,None,None,59337000,None,None,60622000,,1.52,0.007,,,,0.65,-0.17,38593000,99215000,0.64,2021-12-31,41.84,2602639000,2370100000.0,239182000,36226000,12082000,522346000,522346000,None,2367000,None,8032999,None,None,None,None,None,24144000,None,None,None,0.156,,192773000,46409000,14233000,100517000,None,None,None,,,,,4.502,7.02,,,,,,,,0.0899,,None,2025-11-05,quarterly,0.47,None,pre-market,None,-51393000,0.0303,0.0813,-0.273,31.22,None,2851817000,24477000,280957000,176.61,192.89,-26.5625,4296175000,948258000,187320000,3037583000,3347916000,2850263000,658768000,1248892000,83.31,None,218.11,131.77
2025-12-28,TKO,2.61,2545175000.0,83.31,None,0.254,48.42,,None,271034000,271034000,,,,,,,,,758000,84264000,None,419586000,419586000,17307000,None,None,125448000,None,None,60622000,,1.52,0.007,,,,0.65,-0.17,38593000,99215000,0.64,2021-09-30,41.84,None,2370100000.0,239182000,36226000,12082000,None,None,None,2367000,None,7314000,None,None,None,None,None,24144000,None,None,None,0.156,,192773000,46409000,28501000,92059000,None,None,None,,,,,4.502,7.02,,,,,,,,0.0899,,None,2025-11-05,quarterly,0.47,None,pre-market,None,-45822000,0.0303,0.0813,-0.273,31.22,None,613659000,214108000,177732000,176.61,192.89,-26.5625,1166613000,610029000,387150000,793850000,556584000,406700000,658768000,372763000,83.31,None,218.11,131.77
2025-12-28,TKO,2.61,2545175000.0,83.31,None,0.254,48.42,,None,322603000,322603000,,,,,,,,,761000,85452000,None,419586000,419586000,12301000,None,None,113869000,None,None,60622000,,1.52,0.007,,,,0.65,-0.17,38593000,99215000,0.64,2021-06-30,41.84,None,2370100000.0,239182000,36226000,12082000,None,None,None,2367000,None,7042000,None,None,None,None,None,24144000,None,None,None,0.156,,192773000,46409000,57454000,115820000,None,None,None,,,,,4.502,7.02,,,,,,,,0.0899,,None,2025-11-05,quarterly,0.47,None,pre-market,None,-61970000,0.0303,0.0813,-0.273,31.22,None,616396000,212803000,120189000,176.61,192.89,-26.5625,1165937000,621157000,396323000,804998000,544779999,408675000,658768000,360939000,83.31,None,218.11,131.77
2025-12-28,TKO,2.61,2545175000.0,83.31,None,0.254,48.42,,None,300418000,300418000,,,,,,,,,764000,85686000,None,419586000,419586000,13510000,None,None,83760000,None,None,60622000,,1.52,0.007,,,,0.65,-0.17,38593000,99215000,0.64,2021-03-31,41.84,None,2370100000.0,239182000,36226000,12082000,None,None,None,2367000,None,8401000,None,None,None,None,None,24144000,None,None,None,0.156,,192773000,46409000,60941000,108656000,None,None,None,,,,,4.502,7.02,,,,,,,,0.0899,,None,2025-11-05,quarterly,0.47,None,pre-market,None,-66415000,0.0303,0.0813,-0.273,31.22,None,620995000,211016000,160696000,176.61,192.89,-26.5625,1177056000,614216000,406817000,819775000,562840000,412957999,658768000,357281000,83.31,None,218.11,131.77
2025-12-28,TKO,2.61,2545175000.0,83.31,None,0.254,48.42,,276103000,525556000,525556000,,,,,,,,,2000,171875000,None,419586000,419586000,29681000,None,26513000,221409000,None,None,60622000,,1.52,0.007,,,,0.65,-0.17,38593000,99215000,0.64,2024-12-31,41.84,7664219000,2370100000.0,239182000,36226000,12082000,3263469000,3263469000,None,2367000,None,None,None,None,2732761000,None,32162000,24144000,None,None,None,0.156,,192773000,46409000,122602000,495443000,None,7457000,None,,,,,4.502,7.02,,,,,,,,0.0899,,805020000,2025-11-05,annual,0.47,USD,pre-market,None,-291728000,0.0303,0.0813,-0.273,31.22,None,3035377000,44296000,None,176.61,192.89,-26.5625,12699936000,869567000,670657000,3981405000,11830369000,3310748000,658768000,4091023000,83.31,None,218.11,131.77
2025-12-28,TKO,2.61,2545175000.0,83.31,None,0.254,48.42,,290580000,235839000,235839000,,,,,,,,,2000,82808019,None,419586000,419586000,42040000,None,22367000,147035000,None,None,60622000,,1.52,0.007,,,,0.65,-0.17,38593000,99215000,0.64,2023-12-31,41.84,7666485000,2370100000.0,239182000,36226000,12082000,3563663000,3563663000,None,2367000,None,None,None,None,2713948000,None,16392000,24144000,None,None,None,0.156,,192773000,46409000,109556000,276360000,None,3046000,None,,,,,4.502,7.02,,,,,,,,0.0899,,899633000,2025-11-05,annual,0.47,USD,pre-market,None,-135227000,0.0303,0.0813,-0.273,31.22,None,3026895000,34748000,None,176.61,192.89,-26.5625,12690739000,492430000,472140000,3840193000,12198309000,3368053000,658768000,4108980000,83.31,None,218.11,131.77
2025-12-28,TKO,2.61,2545175000.0,83.31,None,0.254,48.42,,24387000,180574000,180574000,,,,,,,,,568070000,83162446,None,419586000,419586000,16842000,None,22683000,45448000,None,None,60622000,,1.52,0.007,,,,0.65,-0.17,38593000,99215000,0.64,2022-12-31,41.84,2602639000,2370100000.0,239182000,36226000,12082000,475765000,475765000,None,2367000,None,258000,None,None,20848000,None,5416000,24144000,None,None,None,0.156,,192773000,46409000,42278000,117237000,None,12818000,None,,,,,4.502,7.02,,,,,,,,0.0899,,642062000,2025-11-05,annual,0.47,USD,pre-market,None,92335000,0.0303,0.0813,-0.273,31.22,None,2783385000,24476000,258487000,176.61,192.89,-26.5625,3580730000,268300000,230179000,3001906000,3312430000,2771727000,658768000,568916000,83.31,None,218.11,131.77
2025-12-28,TKO,2.61,2545175000.0,83.31,None,0.254,48.42,,20169000,874688000,874688000,,,,,,,,,1251416000,83162446,None,419586000,419586000,11636000,None,22894000,59337000,None,None,60622000,,1.52,0.007,,,,0.65,-0.17,38593000,99215000,0.64,2021-12-31,41.84,2602639000,2370100000.0,239182000,36226000,12082000,522346000,522346000,None,2367000,None,8032999,None,None,21284000,None,1749000,24144000,None,None,None,0.156,,192773000,46409000,14233000,100517000,None,22923000,None,,,,,4.502,7.02,,,,,,,,0.0899,,495010000,2025-11-05,annual,0.47,USD,pre-market,None,-51393000,0.0303,0.0813,-0.273,31.22,None,2851817000,24477000,280957000,176.61,192.89,-26.5625,4296175000,948258000,187320000,3037583000,3347916000,2850263000,658768000,1248892000,83.31,None,218.11,131.77
2025-12-28,TKO,2.61,2545175000.0,83.31,None,0.254,48.42,,None,462102000,462102000,,,,,,,,,778000,83162446,None,419586000,419586000,7274000,None,None,52007000,None,None,60622000,,1.52,0.007,,,,0.65,-0.17,38593000,99215000,0.64,2020-12-31,41.84,None,2370100000.0,239182000,36226000,12082000,15425000,15425000,None,2367000,None,8385999,None,None,21700000,None,None,24144000,None,None,None,0.156,,192773000,46409000,73062000,118668000,None,None,None,,,,,4.502,7.02,,,,,,,,0.0899,,485865000,2025-11-05,annual,0.47,USD,pre-market,None,-56327000,0.0303,0.0813,-0.273,31.22,None,719962000,308645000,131294999,176.61,192.89,-26.5625,1318887000,726852000,497474000,934893000,592035000,437419000,658768000,383994000,83.31,None,218.11,131.77
2025-12-28,TKO,2.61,2545175000.0,83.31,None,0.254,48.42,,None,90447000,90447000,,,,,,,,,773000,90231000,None,419586000,419586000,9282000,None,None,124771000,None,None,60622000,,1.52,0.007,,,,0.65,-0.17,38593000,99215000,0.64,2019-12-31,41.84,None,2370100000.0,239182000,36226000,12082000,None,None,None,2367000,None,8252000,None,None,None,None,None,24144000,None,None,None,0.156,,192773000,46409000,20806000,71310000,None,None,None,,,,,4.502,7.02,,,,,,,,0.0899,,None,2025-11-05,annual,0.47,None,pre-market,None,-133663999,0.0303,0.0813,-0.273,31.22,None,578945000,206811000,160034000,176.61,192.89,-26.5625,1014000000,404310000,344344000,738674000,609690000,394330000,658768000,275326000,83.31,None,218.11,131.77
2025-12-28,TKO,2.61,2545175000.0,83.31,None,0.254,48.42,,None,167457000,167457000,,,,,,,,,780000,88619000,None,419586000,419586000,12198000,None,None,78925000,None,None,60622000,,1.52,0.007,,,,0.65,-0.17,38593000,99215000,0.64,2018-12-31,41.84,None,2370100000.0,239182000,36226000,12082000,None,None,None,2367000,None,7753000,None,None,None,None,None,24144000,None,None,None,0.156,,192773000,46409000,28187000,107960000,None,None,None,,,,,4.502,7.02,,,,,,,,0.0899,,None,2025-11-05,annual,0.47,None,pre-market,None,-101326000,0.0303,0.0813,-0.273,31.22,None,213904000,188208000,191686000,176.61,192.89,-26.5625,705328000,474008000,357539000,389091000,231320000,31552000,658768000,316237000,83.31,None,218.11,131.77
2025-12-28,TKO,2.61,2545175000.0,83.31,None,0.254,48.42,,None,137700000,137700000,,,,,,,,,771000,78471000,None,419586000,419586000,12727000,None,None,65245000,None,None,60622000,,1.52,0.007,,,,0.65,-0.17,38593000,99215000,0.64,2017-12-31,41.84,None,2370100000.0,239182000,36226000,12082000,None,None,None,2367000,None,8332000,None,None,None,None,None,24144000,None,None,None,0.156,,192773000,46409000,19961000,65011000,None,None,None,,,,,4.502,7.02,,,,,,,,0.0899,,None,2025-11-05,annual,0.47,None,pre-market,None,-172391000,0.0303,0.0813,-0.273,31.22,None,213496000,4638000,159744000,176.61,192.89,-26.5625,614507000,390982000,138194000,361548000,223524999,223354000,658768000,252959000,83.31,None,218.11,131.77
2025-12-28,TKO,2.61,2545175000.0,83.31,None,0.254,48.42,,None,211976000,211976000,,,,,,,,,764000,77539000,None,419586000,419586000,10118000,None,None,53155000,None,None,60622000,,1.52,0.007,,,,0.65,-0.17,38593000,99215000,0.64,2016-12-31,41.84,None,2370100000.0,239182000,36226000,12082000,None,None,None,2367000,None,6531000,None,None,None,None,None,24144000,None,None,None,0.156,,192773000,46409000,22480000,60241999,None,None,None,,,,,4.502,7.02,,,,,,,,0.0899,,None,2025-11-05,annual,0.47,None,pre-market,None,-167303000,0.0303,0.0813,-0.273,31.22,None,202725000,6121000,55164000,176.61,192.89,-26.5625,606076000,349306000,133133999,366333000,256770000,233199000,658768000,239743000,83.31,None,218.11,131.77
2025-12-28,TKO,2.61,2545175000.0,83.31,None,0.254,48.42,,None,38019000,38019000,,,,,,,,,759000,76333000,None,419586000,419586000,8583000,None,None,58437000,None,None,60622000,,1.52,0.007,,,,0.65,-0.17,38593000,99215000,0.64,2015-12-31,41.84,None,2370100000.0,239182000,36226000,12082000,None,None,None,2367000,None,6167000,None,None,None,None,None,24144000,None,None,None,0.156,,192773000,46409000,12778000,61417999,None,None,None,,,,,4.502,7.02,,,,,,,,0.0899,,None,2025-11-05,annual,0.47,None,pre-market,None,-164096000,0.0303,0.0813,-0.273,31.22,None,21575000,4440000,64357000,176.61,192.89,-26.5625,410728000,179758000,131592999,201411000,230970000,69818000,658768000,209317000,83.31,None,218.11,131.77
2025-12-28,TKO,2.61,2545175000.0,83.31,None,0.254,48.42,17851000,None,38019000,38019000,-63917000,-23998000,None,None,None,None,None,None,759000,76333000,None,419586000,419586000,8583000,None,None,58437000,None,None,60622000,136472000,1.52,0.007,209552000,209552000,None,0.65,-0.17,38593000,99215000,0.64,2025-09-30,41.84,None,2370100000.0,239182000,36226000,12082000,None,None,None,2367000,None,6167000,None,None,None,None,None,106790000,None,None,None,0.156,416775000,192773000,46409000,12778000,61417999,None,None,None,None,None,None,None,4.502,7.02,None,None,None,None,None,-826149000,None,0.0899,None,None,2025-11-05,quarterly,0.47,USD,pre-market,None,-164096000,0.0303,0.0813,-0.273,31.22,None,21575000,4440000,64357000,176.61,192.89,-26.5625,410728000,179758000,131592999,201411000,230970000,69818000,658768000,209317000,83.31,None,218.11,131.77
2025-12-28,TKO,2.61,2545175000.0,83.31,None,0.254,48.42,27285000,None,38019000,38019000,-160364000,-18682000,None,None,None,None,None,None,759000,76333000,None,419586000,419586000,8583000,None,None,58437000,None,None,60622000,93192000,1.52,0.007,153390000,153390000,None,0.65,-0.17,38593000,99215000,0.64,2025-06-30,41.84,None,2370100000.0,239182000,36226000,12082000,None,None,None,2367000,None,6167000,None,None,None,None,None,273097000,None,None,None,0.156,396221000,192773000,46409000,12778000,61417999,None,None,None,None,None,None,None,4.502,7.02,None,None,None,None,None,None,None,0.0899,None,None,2025-11-05,quarterly,0.47,USD,pre-market,None,-164096000,0.0303,0.0813,-0.273,31.22,None,21575000,4440000,64357000,176.61,192.89,-26.5625,410728000,179758000,131592999,201411000,230970000,69818000,658768000,209317000,83.31,None,218.11,131.77
2025-12-28,TKO,2.61,2545175000.0,83.31,None,0.254,48.42,27285000,None,38019000,38019000,-185671000,-30988000,None,None,None,None,None,None,759000,76333000,None,419586000,419586000,8583000,None,None,58437000,None,None,60622000,106740000,1.52,0.007,75396000,75396000,None,0.65,-0.17,38593000,99215000,0.64,2025-03-31,41.84,None,2370100000.0,239182000,36226000,12082000,None,None,None,2367000,None,6167000,None,None,None,None,None,165556000,None,None,None,0.156,162824000,192773000,46409000,12778000,61417999,None,None,None,None,None,None,None,4.502,7.02,None,None,None,None,None,None,None,0.0899,None,None,2025-11-05,quarterly,0.47,USD,pre-market,None,-164096000,0.0303,0.0813,-0.273,31.22,None,21575000,4440000,64357000,176.61,192.89,-26.5625,410728000,179758000,131592999,201411000,230970000,69818000,658768000,209317000,83.31,None,218.11,131.77
2025-12-28,TKO,2.61,2545175000.0,83.31,None,0.254,48.42,20309000,None,38019000,38019000,7332000,6086000,None,None,None,None,None,None,759000,76333000,None,419586000,419586000,8583000,None,None,58437000,None,None,60622000,63481000,1.52,0.007,25478000,25478000,None,0.65,-0.17,38593000,99215000,0.64,2024-12-31,41.84,None,2370100000.0,239182000,36226000,12082000,None,None,None,2367000,None,6167000,None,None,None,None,None,47501000,None,None,None,0.156,56838000,192773000,46409000,12778000,61417999,None,None,None,None,None,None,None,4.502,7.02,None,None,None,None,None,-165000000,None,0.0899,None,None,2025-11-05,quarterly,0.47,USD,pre-market,None,-164096000,0.0303,0.0813,-0.273,31.22,None,21575000,4440000,64357000,176.61,192.89,-26.5625,410728000,179758000,131592999,201411000,230970000,69818000,658768000,209317000,83.31,None,218.11,131.77
2025-12-28,TKO,2.61,2545175000.0,83.31,None,0.254,48.42,43568000,None,38019000,38019000,-40286000,-16839000,None,None,None,None,None,None,759000,76333000,None,419586000,419586000,8583000,None,None,58437000,None,None,60622000,103815000,1.52,0.007,29444000,29444000,None,0.65,-0.17,38593000,99215000,0.64,2024-09-30,41.84,None,2370100000.0,239182000,36226000,12082000,None,None,None,2367000,None,6167000,None,None,None,None,None,3609000,None,None,None,0.156,236532000,192773000,46409000,12778000,61417999,None,None,None,None,None,None,None,4.502,7.02,None,None,None,None,None,-165000000,None,0.0899,None,None,2025-11-05,quarterly,0.47,USD,pre-market,None,-164096000,0.0303,0.0813,-0.273,31.22,None,21575000,4440000,64357000,176.61,192.89,-26.5625,410728000,179758000,131592999,201411000,230970000,69818000,658768000,209317000,83.31,None,218.11,131.77
2025-12-28,TKO,2.61,2545175000.0,83.31,None,0.254,48.42,26855000,None,38019000,38019000,-245015000,-28165000,None,None,None,None,None,None,759000,76333000,None,419586000,419586000,8583000,None,None,58437000,None,None,60622000,118912000,1.52,0.007,11690000,11690000,None,0.65,-0.17,38593000,99215000,0.64,2024-06-30,41.84,None,2370100000.0,239182000,36226000,12082000,None,None,None,2367000,None,6167000,None,None,None,None,None,59107000,None,None,None,0.156,307129000,192773000,46409000,12778000,61417999,None,None,None,None,None,None,None,4.502,7.02,None,None,None,None,None,-165000000,None,0.0899,None,None,2025-11-05,quarterly,0.47,USD,pre-market,None,-164096000,0.0303,0.0813,-0.273,31.22,None,21575000,4440000,64357000,176.61,192.89,-26.5625,410728000,179758000,131592999,201411000,230970000,69818000,658768000,209317000,83.31,None,218.11,131.77
2025-12-28,TKO,2.61,2545175000.0,83.31,None,0.254,48.42,37356000,None,38019000,38019000,-13265000,-55087000,None,None,None,None,None,None,759000,76333000,None,419586000,419586000,8583000,None,None,58437000,None,None,60622000,122069000,1.52,0.007,644000,644000,None,0.65,-0.17,38593000,99215000,0.64,2024-03-31,41.84,None,2370100000.0,239182000,36226000,12082000,None,None,None,2367000,None,6167000,None,None,None,None,None,-103840000,None,None,None,0.156,44873000,192773000,46409000,12778000,61417999,None,None,None,None,None,None,None,4.502,7.02,None,None,None,None,None,None,None,0.0899,None,None,2025-11-05,quarterly,0.47,USD,pre-market,None,-164096000,0.0303,0.0813,-0.273,31.22,None,21575000,4440000,64357000,176.61,192.89,-26.5625,410728000,179758000,131592999,201411000,230970000,69818000,658768000,209317000,83.31,None,218.11,131.77
2025-12-28,TKO,2.61,2545175000.0,83.31,None,0.254,48.42,36065000,None,38019000,38019000,-139208000,-35300000,None,None,None,None,None,None,759000,76333000,None,419586000,419586000,8583000,None,None,58437000,None,None,60622000,102700000,1.52,0.007,36094000,36094000,None,0.65,-0.17,38593000,99215000,0.64,2023-12-31,41.84,None,2370100000.0,239182000,36226000,12082000,None,None,None,2367000,None,6167000,None,None,None,None,None,-13300000,None,None,None,0.156,220726000,192773000,46409000,12778000,61417999,None,None,None,None,None,None,None,4.502,7.02,None,None,None,None,None,-100000000,None,0.0899,None,None,2025-11-05,quarterly,0.47,USD,pre-market,None,-164096000,0.0303,0.0813,-0.273,31.22,None,21575000,4440000,64357000,176.61,192.89,-26.5625,410728000,179758000,131592999,201411000,230970000,69818000,658768000,209317000,83.31,None,218.11,131.77
2025-12-28,TKO,2.61,2545175000.0,83.31,None,0.254,48.42,3364000,None,38019000,38019000,-107169000,377789000,None,None,6346000,None,None,None,759000,76333000,None,419586000,419586000,8583000,None,None,58437000,None,None,60622000,45374000,1.52,0.007,98984000,98984000,None,0.65,-0.17,38593000,99215000,0.64,2023-09-30,41.84,None,2370100000.0,239182000,36226000,12082000,None,None,None,2367000,None,6167000,None,None,None,None,None,22020000,None,None,None,0.156,66976000,192773000,46409000,12778000,61417999,None,None,None,None,None,None,None,4.502,7.02,None,None,None,None,None,59895000,None,0.0899,None,None,2025-11-05,quarterly,0.47,USD,pre-market,None,-164096000,0.0303,0.0813,-0.273,31.22,None,21575000,4440000,64357000,176.61,192.89,-26.5625,410728000,179758000,131592999,201411000,230970000,69818000,658768000,209317000,83.31,None,218.11,131.77
2025-12-28,TKO,2.61,2545175000.0,83.31,None,0.254,48.42,4623000,None,38019000,38019000,-68520000,-25175000,None,None,1638000,None,None,None,759000,76333000,None,419586000,419586000,8583000,None,None,58437000,None,None,60622000,15050000,1.52,0.007,60084000,60084000,None,0.65,-0.17,38593000,99215000,0.64,2023-06-30,41.84,None,2370100000.0,239182000,36226000,12082000,None,None,None,2367000,None,6167000,None,None,None,None,None,81854000,None,None,None,0.156,110980000,192773000,46409000,12778000,61417999,None,None,None,None,None,None,None,4.502,7.02,None,None,None,None,None,18800000,None,0.0899,None,None,2025-11-05,quarterly,0.47,USD,pre-market,None,-164096000,0.0303,0.0813,-0.273,31.22,None,21575000,4440000,64357000,176.61,192.89,-26.5625,410728000,179758000,131592999,201411000,230970000,69818000,658768000,209317000,83.31,None,218.11,131.77
2025-12-28,TKO,2.61,2545175000.0,83.31,None,0.254,48.42,4581000,None,38019000,38019000,-109575000,-41404000,None,None,-1050000,None,None,None,759000,76333000,None,419586000,419586000,8583000,None,None,58437000,None,None,60622000,15152000,1.52,0.007,101425000,101425000,None,0.65,-0.17,38593000,99215000,0.64,2023-03-31,41.84,None,2370100000.0,239182000,36226000,12082000,None,None,None,2367000,None,6167000,None,None,None,None,None,87950000,None,None,None,0.156,69699000,192773000,46409000,12778000,61417999,None,None,None,None,None,None,None,4.502,7.02,None,None,None,None,None,18800000,None,0.0899,None,None,2025-11-05,quarterly,0.47,USD,pre-market,None,-164096000,0.0303,0.0813,-0.273,31.22,None,21575000,4440000,64357000,176.61,192.89,-26.5625,410728000,179758000,131592999,201411000,230970000,69818000,658768000,209317000,83.31,None,218.11,131.77
2025-12-28,TKO,2.61,2545175000.0,83.31,None,0.254,48.42,2856000,None,38019000,38019000,-359317000,-177933000,None,None,-477000,None,None,None,759000,76333000,None,419586000,419586000,8583000,None,None,58437000,None,None,60622000,4498000,1.52,0.007,301167000,301167000,None,0.65,-0.17,38593000,99215000,0.64,2022-12-31,41.84,None,2370100000.0,239182000,36226000,12082000,None,None,None,2367000,None,6167000,None,None,None,None,None,68482000,None,None,None,0.156,124942000,192773000,46409000,12778000,61417999,None,None,None,None,None,None,None,4.502,7.02,None,None,None,None,None,-37523000,None,0.0899,None,None,2025-11-05,quarterly,0.47,USD,pre-market,None,-164096000,0.0303,0.0813,-0.273,31.22,None,21575000,4440000,64357000,176.61,192.89,-26.5625,410728000,179758000,131592999,201411000,230970000,69818000,658768000,209317000,83.31,None,218.11,131.77
2025-12-28,TKO,2.61,2545175000.0,83.31,None,0.254,48.42,59392000,None,38019000,38019000,-770860000,116094000,None,None,2632000,None,None,None,759000,76333000,None,419586000,419586000,8583000,None,None,58437000,None,None,60622000,18679000,1.52,0.007,776905000,776905000,None,0.65,-0.17,38593000,99215000,0.64,2022-09-30,41.84,None,2370100000.0,239182000,36226000,12082000,None,None,None,2367000,None,6167000,None,None,None,None,None,129673000,None,None,None,0.156,224399000,192773000,46409000,12778000,61417999,None,None,None,None,None,None,None,4.502,7.02,None,None,None,None,None,40006000,None,0.0899,None,None,2025-11-05,quarterly,0.47,USD,pre-market,None,-164096000,0.0303,0.0813,-0.273,31.22,None,21575000,4440000,64357000,176.61,192.89,-26.5625,410728000,179758000,131592999,201411000,230970000,69818000,658768000,209317000,83.31,None,218.11,131.77
2025-12-28,TKO,2.61,2545175000.0,83.31,None,0.254,48.42,47453000,None,38019000,38019000,-12206000,-40194000,None,None,4345000,None,None,None,759000,76333000,None,419586000,419586000,8583000,None,None,58437000,None,None,60622000,21226000,1.52,0.007,8901000,8901000,None,0.65,-0.17,38593000,99215000,0.64,2022-06-30,41.84,None,2370100000.0,239182000,36226000,12082000,None,None,None,2367000,None,6167000,None,None,None,None,None,49099000,None,None,None,0.156,56932000,192773000,46409000,12778000,61417999,None,None,None,None,None,None,None,4.502,7.02,None,None,None,None,None,-10000000,None,0.0899,None,None,2025-11-05,quarterly,0.47,USD,pre-market,None,-164096000,0.0303,0.0813,-0.273,31.22,None,21575000,4440000,64357000,176.61,192.89,-26.5625,410728000,179758000,131592999,201411000,230970000,69818000,658768000,209317000,83.31,None,218.11,131.77
2025-12-28,TKO,2.61,2545175000.0,83.31,None,0.254,48.42,21487000,None,38019000,38019000,-38998000,-85686000,None,None,-872000,None,None,None,759000,76333000,None,419586000,419586000,8583000,None,None,58437000,None,None,60622000,24091000,1.52,0.007,8931000,8931000,None,0.65,-0.17,38593000,99215000,0.64,2022-03-31,41.84,None,2370100000.0,239182000,36226000,12082000,None,None,None,2367000,None,6167000,None,None,None,None,None,66041000,None,None,None,0.156,95450000,192773000,46409000,12778000,61417999,None,None,None,None,None,None,None,4.502,7.02,None,None,None,None,None,-30006000,None,0.0899,None,None,2025-11-05,quarterly,0.47,USD,pre-market,None,-164096000,0.0303,0.0813,-0.273,31.22,None,21575000,4440000,64357000,176.61,192.89,-26.5625,410728000,179758000,131592999,201411000,230970000,69818000,658768000,209317000,83.31,None,218.11,131.77
2025-12-28,TKO,2.61,2545175000.0,83.31,None,0.254,48.42,14831000,None,38019000,38019000,-63126000,-115322000,None,None,-1034000,None,None,None,759000,76333000,None,419586000,419586000,8583000,None,None,58437000,None,None,60622000,15044000,1.52,0.007,9019000,9019000,None,0.65,-0.17,38593000,99215000,0.64,2021-12-31,41.84,None,2370100000.0,239182000,36226000,12082000,None,None,None,2367000,None,6167000,None,None,None,None,None,60889000,None,None,None,0.156,42242000,192773000,46409000,12778000,61417999,None,None,None,None,None,None,None,4.502,7.02,None,None,None,None,None,-50000000,None,0.0899,None,None,2025-11-05,quarterly,0.47,None,pre-market,None,-164096000,0.0303,0.0813,-0.273,31.22,None,21575000,4440000,64357000,176.61,192.89,-26.5625,410728000,179758000,131592999,201411000,230970000,69818000,658768000,209317000,83.31,None,218.11,131.77
2025-12-28,TKO,2.61,2545175000.0,83.31,None,0.254,48.42,12098000,None,38019000,38019000,-37560000,-70945000,None,None,-545000,None,None,None,759000,76333000,None,419586000,419586000,8583000,None,None,58437000,None,None,60622000,16646000,1.52,0.007,9105000,9105000,None,0.65,-0.17,38593000,99215000,0.64,2021-09-30,41.84,None,2370100000.0,239182000,36226000,12082000,None,None,None,2367000,None,6167000,None,None,None,None,None,43486000,None,None,None,0.156,56936000,192773000,46409000,12778000,61417999,None,None,None,None,None,None,None,4.502,7.02,None,None,None,None,None,-21880000,None,0.0899,None,None,2025-11-05,quarterly,0.47,None,pre-market,None,-164096000,0.0303,0.0813,-0.273,31.22,None,21575000,4440000,64357000,176.61,192.89,-26.5625,410728000,179758000,131592999,201411000,230970000,69818000,658768000,209317000,83.31,None,218.11,131.77
2025-12-28,TKO,2.61,2545175000.0,83.31,None,0.254,48.42,6135000,None,38019000,38019000,-30720000,33393000,None,None,2457000,None,None,None,759000,76333000,None,419586000,419586000,8583000,None,None,58437000,None,None,60622000,25313000,1.52,0.007,9129000,9129000,None,0.65,-0.17,38593000,99215000,0.64,2021-06-30,41.84,None,2370100000.0,239182000,36226000,12082000,None,None,None,2367000,None,6167000,None,None,None,None,None,29201000,None,None,None,0.156,19512000,192773000,46409000,12778000,61417999,None,None,None,None,None,None,None,4.502,7.02,None,None,None,None,None,-18750000,None,0.0899,None,None,2025-11-05,quarterly,0.47,None,pre-market,None,-164096000,0.0303,0.0813,-0.273,31.22,None,21575000,4440000,64357000,176.61,192.89,-26.5625,410728000,179758000,131592999,201411000,230970000,69818000,658768000,209317000,83.31,None,218.11,131.77
2025-12-28,TKO,2.61,2545175000.0,83.31,None,0.254,48.42,6167000,None,38019000,38019000,-185650000,-35940000,None,None,282000,None,None,None,759000,76333000,None,419586000,419586000,8583000,None,None,58437000,None,None,60622000,20921000,1.52,0.007,9160000,9160000,None,0.65,-0.17,38593000,99215000,0.64,2021-03-31,41.84,None,2370100000.0,239182000,36226000,12082000,None,None,None,2367000,None,6167000,None,None,None,None,None,43832000,None,None,None,0.156,59906000,192773000,46409000,12778000,61417999,None,None,None,None,None,None,None,4.502,7.02,None,None,None,None,None,-75000000,None,0.0899,None,None,2025-11-05,quarterly,0.47,None,pre-market,None,-164096000,0.0303,0.0813,-0.273,31.22,None,21575000,4440000,64357000,176.61,192.89,-26.5625,410728000,179758000,131592999,201411000,230970000,69818000,658768000,209317000,83.31,None,218.11,131.77
2025-12-28,TKO,2.61,2545175000.0,83.31,None,0.254,48.42,74949000,None,38019000,38019000,-232263000,-59048000,None,None,None,None,None,None,759000,76333000,None,419586000,419586000,8583000,None,None,58437000,None,None,60622000,392842000,1.52,0.007,67256000,67256000,None,0.65,-0.17,38593000,99215000,0.64,2024-12-31,41.84,None,2370100000.0,239182000,36226000,12082000,None,None,None,2367000,None,6167000,None,None,None,None,None,6377000,None,None,None,0.156,583410000,192773000,46409000,12778000,61417999,None,None,None,None,None,None,None,4.502,7.02,None,None,None,None,None,-165000000,None,0.0899,None,None,2025-11-05,annual,0.47,USD,pre-market,None,-164096000,0.0303,0.0813,-0.273,31.22,None,21575000,4440000,64357000,176.61,192.89,-26.5625,410728000,179758000,131592999,201411000,230970000,69818000,658768000,209317000,83.31,None,218.11,131.77
2025-12-28,TKO,2.61,2545175000.0,83.31,None,0.254,48.42,48633000,None,38019000,38019000,-424472000,12279000,None,None,None,None,None,None,759000,76333000,None,419586000,419586000,8583000,None,None,58437000,None,None,60622000,164616000,1.52,0.007,296587000,296587000,None,0.65,-0.17,38593000,99215000,0.64,2023-12-31,41.84,None,2370100000.0,239182000,36226000,12082000,None,None,None,2367000,None,6167000,None,None,None,None,None,175723000,None,None,None,0.156,468381000,192773000,46409000,12778000,61417999,None,None,None,None,None,None,None,4.502,7.02,None,None,None,None,None,-100000000,None,0.0899,None,None,2025-11-05,annual,0.47,USD,pre-market,None,-164096000,0.0303,0.0813,-0.273,31.22,None,21575000,4440000,64357000,176.61,192.89,-26.5625,410728000,179758000,131592999,201411000,230970000,69818000,658768000,209317000,83.31,None,218.11,131.77
2025-12-28,TKO,2.61,2545175000.0,83.31,None,0.254,48.42,12404000,None,38019000,38019000,-1181381000,-177933000,None,None,5628000,None,None,None,759000,76333000,None,419586000,419586000,8583000,None,None,58437000,None,None,60622000,60032000,1.52,0.007,1095904000,1095904000,None,0.65,-0.17,38593000,99215000,0.64,2022-12-31,41.84,None,2370100000.0,239182000,36226000,12082000,None,None,None,2367000,None,6167000,None,None,None,None,None,389022000,None,None,None,0.156,501723000,192773000,46409000,12778000,61417999,None,None,None,None,None,None,None,4.502,7.02,None,None,None,None,None,-2877000,None,0.0899,None,None,2025-11-05,annual,0.47,USD,pre-market,None,-164096000,0.0303,0.0813,-0.273,31.22,None,21575000,4440000,64357000,176.61,192.89,-26.5625,410728000,179758000,131592999,201411000,230970000,69818000,658768000,209317000,83.31,None,218.11,131.77
2025-12-28,TKO,2.61,2545175000.0,83.31,None,0.254,48.42,11131000,None,38019000,38019000,162507000,-193143000,None,None,1160000,None,None,None,759000,76333000,None,419586000,419586000,8583000,None,None,58437000,None,None,60622000,63250000,1.52,0.007,269079000,269079000,None,0.65,-0.17,38593000,99215000,0.64,2021-12-31,41.84,None,2370100000.0,239182000,36226000,12082000,None,None,None,2367000,None,6167000,None,None,None,None,None,273625000,None,None,None,0.156,441235000,192773000,46409000,12778000,61417999,None,None,None,None,None,None,None,4.502,7.02,None,None,None,None,None,-2877000,None,0.0899,None,None,2025-11-05,annual,0.47,USD,pre-market,None,-164096000,0.0303,0.0813,-0.273,31.22,None,21575000,4440000,64357000,176.61,192.89,-26.5625,410728000,179758000,131592999,201411000,230970000,69818000,658768000,209317000,83.31,None,218.11,131.77
2025-12-28,TKO,2.61,2545175000.0,83.31,None,0.254,48.42,21685000,None,38019000,38019000,-199610000,11876000,None,None,-1287000,None,None,None,759000,76333000,None,419586000,419586000,8583000,None,None,58437000,None,None,60622000,105602000,1.52,0.007,312315000,312315000,None,0.65,-0.17,38593000,99215000,0.64,2020-12-31,41.84,None,2370100000.0,239182000,36226000,12082000,None,None,None,2367000,None,6167000,None,None,None,None,None,178325000,None,None,None,0.156,351238000,192773000,46409000,12778000,61417999,None,None,None,None,None,None,None,4.502,7.02,None,None,None,None,None,-2877000,None,0.0899,None,None,2025-11-05,annual,0.47,USD,pre-market,None,-164096000,0.0303,0.0813,-0.273,31.22,None,21575000,4440000,64357000,176.61,192.89,-26.5625,410728000,179758000,131592999,201411000,230970000,69818000,658768000,209317000,83.31,None,218.11,131.77
2025-12-28,TKO,2.61,2545175000.0,83.31,None,0.254,48.42,69086000,None,38019000,38019000,-162185000,-35809000,None,None,-499000,None,None,None,759000,76333000,None,419586000,419586000,8583000,None,None,58437000,None,None,60622000,83280000,1.52,0.007,37431000,37431000,None,0.65,-0.17,38593000,99215000,0.64,2019-12-31,41.84,None,2370100000.0,239182000,36226000,12082000,None,None,None,2367000,None,6167000,None,None,None,None,None,77061000,None,None,None,0.156,120984000,192773000,46409000,12778000,61417999,None,None,None,None,None,None,None,4.502,7.02,None,None,None,None,None,-83441000,None,0.0899,None,None,2025-11-05,annual,0.47,None,pre-market,None,-164096000,0.0303,0.0813,-0.273,31.22,None,21575000,4440000,64357000,176.61,192.89,-26.5625,410728000,179758000,131592999,201411000,230970000,69818000,658768000,209317000,83.31,None,218.11,131.77
2025-12-28,TKO,2.61,2545175000.0,83.31,None,0.254,48.42,32275000,None,38019000,38019000,-90875000,-66087000,None,None,579000,None,None,None,759000,76333000,None,419586000,419586000,8583000,None,None,58437000,None,None,60622000,70155000,1.52,0.007,37243000,37243000,None,0.65,-0.17,38593000,99215000,0.64,2018-12-31,41.84,None,2370100000.0,239182000,36226000,12082000,None,None,None,2367000,None,6167000,None,None,None,None,None,99588000,None,None,None,0.156,186719000,192773000,46409000,12778000,61417999,None,None,None,None,None,None,None,4.502,7.02,None,None,None,None,None,None,None,0.0899,None,None,2025-11-05,annual,0.47,None,pre-market,None,-164096000,0.0303,0.0813,-0.273,31.22,None,21575000,4440000,64357000,176.61,192.89,-26.5625,410728000,179758000,131592999,201411000,230970000,69818000,658768000,209317000,83.31,None,218.11,131.77
2025-12-28,TKO,2.61,2545175000.0,83.31,None,0.254,48.42,24710000,None,38019000,38019000,-37125000,-133739000,None,None,-1801000,None,None,None,759000,76333000,None,419586000,419586000,8583000,None,None,58437000,None,None,60622000,65072000,1.52,0.007,36854000,36854000,None,0.65,-0.17,38593000,99215000,0.64,2017-12-31,41.84,None,2370100000.0,239182000,36226000,12082000,None,None,None,2367000,None,6167000,None,None,None,None,None,32640000,None,None,None,0.156,96588000,192773000,46409000,12778000,61417999,None,None,None,None,None,None,None,4.502,7.02,None,None,None,None,None,None,None,0.0899,None,None,2025-11-05,annual,0.47,None,pre-market,None,-164096000,0.0303,0.0813,-0.273,31.22,None,21575000,4440000,64357000,176.61,192.89,-26.5625,410728000,179758000,131592999,201411000,230970000,69818000,658768000,209317000,83.31,None,218.11,131.77
2025-12-28,TKO,2.61,2545175000.0,83.31,None,0.254,48.42,29904000,None,38019000,38019000,141425000,-24089000,None,None,-364000,None,None,None,759000,76333000,None,419586000,419586000,8583000,None,None,58437000,None,None,60622000,62015000,1.52,0.007,36564000,36564000,None,0.65,-0.17,38593000,99215000,0.64,2016-12-31,41.84,None,2370100000.0,239182000,36226000,12082000,None,None,None,2367000,None,6167000,None,None,None,None,None,33841000,None,None,None,0.156,56621000,192773000,46409000,12778000,61417999,None,None,None,None,None,None,None,4.502,7.02,None,None,None,None,None,None,None,0.0899,None,None,2025-11-05,annual,0.47,None,pre-market,None,-164096000,0.0303,0.0813,-0.273,31.22,None,21575000,4440000,64357000,176.61,192.89,-26.5625,410728000,179758000,131592999,201411000,230970000,69818000,658768000,209317000,83.31,None,218.11,131.77
2025-12-28,TKO,2.61,2545175000.0,83.31,None,0.254,48.42,20010000,None,38019000,38019000,-40043000,-18719000,None,None,-1432000,None,None,None,759000,76333000,None,419586000,419586000,8583000,None,None,58437000,None,None,60622000,60622000,1.52,0.007,36345000,36345000,None,0.65,-0.17,38593000,99215000,0.64,2015-12-31,41.84,None,2370100000.0,239182000,36226000,12082000,None,None,None,2367000,None,6167000,None,None,None,None,None,24144000,None,None,None,0.156,49554000,192773000,46409000,12778000,61417999,None,None,None,None,None,None,None,4.502,7.02,None,None,None,None,None,None,None,0.0899,None,None,2025-11-05,annual,0.47,None,pre-market,None,-164096000,0.0303,0.0813,-0.273,31.22,None,21575000,4440000,64357000,176.61,192.89,-26.5625,410728000,179758000,131592999,201411000,230970000,69818000,658768000,209317000,83.31,None,218.11,131.77
