date,symbol,eps,revenue_ttm,pe_ratio,accumulateddepreciationamortizationppe,beta,book_value,capitalexpenditures,capitalleaseobligations,cashandcashequivalentsatcarryingvalue,cashandshortterminvestments,cashflowfromfinancing,cashflowfrominvestment,changeincashandcashequivalents,changeinexchangerate,changeininventory,changeinoperatingassets,changeinoperatingliabilities,changeinreceivables,commonstock,commonstocksharesoutstanding,comprehensiveincomenetoftax,costofgoodsandservicessold,costofrevenue,currentaccountspayable,currentdebt,currentlongtermdebt,currentnetreceivables,deferredrevenue,depreciation,depreciationandamortization,depreciationdepletionandamortization,dividend_per_share,dividend_yield,dividendpayout,dividendpayoutcommonstock,dividendpayoutpreferredstock,earnings_growth_yoy,earnings_surprise,ebit,ebitda,estimated_eps,fiscaldateending,forward_pe,goodwill,gross_profit_ttm,grossprofit,incomebeforetax,incometaxexpense,intangibleassets,intangibleassetsexcludinggoodwill,interestanddebtexpense,interestexpense,interestincome,inventory,investmentincomenet,investments,longtermdebt,longtermdebtnoncurrent,longterminvestments,netincome,netincomefromcontinuingoperations,netinterestincome,noninterestincome,operating_margin_ttm,operatingcashflow,operatingexpenses,operatingincome,othercurrentassets,othercurrentliabilities,othernoncurrentassets,othernoncurrentliabilities,othernonoperatingincome,paymentsforoperatingactivities,paymentsforrepurchaseofcommonstock,paymentsforrepurchaseofequity,paymentsforrepurchaseofpreferredstock,peg_ratio,price_to_book,price_to_sales_ttm,proceedsfromissuanceofcommonstock,proceedsfromissuanceoflongtermdebtandcapitalsecuritiesnet,proceedsfromissuanceofpreferredstock,proceedsfromoperatingactivities,proceedsfromrepaymentsofshorttermdebt,proceedsfromrepurchaseofequity,proceedsfromsaleoftreasurystock,profit_margin,profitloss,propertyplantequipment,report_date,report_type,reported_eps,reportedcurrency,reporttime,researchanddevelopment,retainedearnings,return_on_assets_ttm,return_on_equity_ttm,revenue_growth_yoy,revenue_per_share_ttm,sellinggeneralandadministrative,shortlongtermdebttotal,shorttermdebt,shortterminvestments,sma_200,sma_50,surprise_pct,totalassets,totalcurrentassets,totalcurrentliabilities,totalliabilities,totalnoncurrentassets,totalnoncurrentliabilities,totalrevenue,totalshareholderequity,trailing_pe,treasurystock,week_52_high,week_52_low
1996-03-31,TKR,,,,,,,,,,,,,,,,,,,,,,,,,,,,,,,,,,,,,,-0.09,,,0.63,,,,,,,,,,,,,,,,,,,,,,,,,,,,,,,,,,,,,,,,,,,,,,,,,1996-04-16,,0.54,,pre-market,,,,,,,,,,,,,-14.2857,,,,,,,,,,,,
1996-06-30,TKR,,,,,,,,,,,,,,,,,,,,,,,,,,,,,,,,,,,,,,-0.05,,,0.6,,,,,,,,,,,,,,,,,,,,,,,,,,,,,,,,,,,,,,,,,,,,,,,,,1996-07-23,,0.55,,pre-market,,,,,,,,,,,,,-8.3333,,,,,,,,,,,,
1996-09-30,TKR,,,,,,,,,,,,,,,,,,,,,,,,,,,,,,,,,,,,,,0.15,,,0.36,,,,,,,,,,,,,,,,,,,,,,,,,,,,,,,,,,,,,,,,,,,,,,,,,1996-10-21,,0.51,,pre-market,,,,,,,,,,,,,41.6667,,,,,,,,,,,,
1996-12-31,TKR,,,,,,,,,,,,,,,,,,,,,,,,,,,,,,,,,,,,,,0.03,,,0.54,,,,,,,,,,,,,,,,,,,,,,,,,,,,,,,,,,,,,,,,,,,,,,,,,1997-01-23,,0.57,,pre-market,,,,,,,,,,,,,5.5556,,,,,,,,,,,,
1997-03-31,TKR,,,,,,,,,,,,,,,,,,,,,,,,,,,,,,,,,,,,,,0.06,,,0.6,,,,,,,,,,,,,,,,,,,,,,,,,,,,,,,,,,,,,,,,,,,,,,,,,1997-04-15,,0.66,,pre-market,,,,,,,,,,,,,10.0,,,,,,,,,,,,
1997-06-30,TKR,,,,,,,,,,,,,,,,,,,,,,,,,,,,,,,,,,,,,,0.07,,,0.65,,,,,,,,,,,,,,,,,,,,,,,,,,,,,,,,,,,,,,,,,,,,,,,,,1997-07-23,,0.72,,pre-market,,,,,,,,,,,,,10.7692,,,,,,,,,,,,
1997-09-30,TKR,,,,,,,,,,,,,,,,,,,,,,,,,,,,,,,,,,,,,,0.03,,,0.57,,,,,,,,,,,,,,,,,,,,,,,,,,,,,,,,,,,,,,,,,,,,,,,,,1997-10-21,,0.6,,pre-market,,,,,,,,,,,,,5.2632,,,,,,,,,,,,
1997-12-31,TKR,,,,,,,,,,,,,,,,,,,,,,,,,,,,,,,,,,,,,,0.08,,,0.66,,,,,,,,,,,,,,,,,,,,,,,,,,,,,,,,,,,,,,,,,,,,,,,,,1998-01-21,,0.74,,pre-market,,,,,,,,,,,,,12.1212,,,,,,,,,,,,
1998-03-31,TKR,,,,,,,,,,,,,,,,,,,,,,,,,,,,,,,,,,,,,,0.09,,,0.69,,,,,,,,,,,,,,,,,,,,,,,,,,,,,,,,,,,,,,,,,,,,,,,,,1998-04-21,,0.78,,pre-market,,,,,,,,,,,,,13.0435,,,,,,,,,,,,
1998-06-30,TKR,,,,,,,,,,,,,,,,,,,,,,,,,,,,,,,,,,,,,,-0.13,,,0.75,,,,,,,,,,,,,,,,,,,,,,,,,,,,,,,,,,,,,,,,,,,,,,,,,1998-07-22,,0.62,,pre-market,,,,,,,,,,,,,-17.3333,,,,,,,,,,,,
1998-09-30,TKR,,,,,,,,,,,,,,,,,,,,,,,,,,,,,,,,,,,,,,-0.02,,,0.24,,,,,,,,,,,,,,,,,,,,,,,,,,,,,,,,,,,,,,,,,,,,,,,,,1998-10-20,,0.22,,pre-market,,,,,,,,,,,,,-8.3333,,,,,,,,,,,,
1998-12-31,TKR,,,,,,,,,,,,,,,,,,,,,,,,,,,,,,,,,,,,,,0.25,,,0.22,,,,,,,,,,,,,,,,,,,,,,,,,,,,,,,,,,,,,,,,,,,,,,,,,1999-01-21,,0.47,,pre-market,,,,,,,,,,,,,113.6364,,,,,,,,,,,,
1999-03-31,TKR,,,,,,,,,,,,,,,,,,,,,,,,,,,,,,,,,,,,,,-0.01,,,0.28,,,,,,,,,,,,,,,,,,,,,,,,,,,,,,,,,,,,,,,,,,,,,,,,,1999-04-20,,0.27,,pre-market,,,,,,,,,,,,,-3.5714,,,,,,,,,,,,
1999-06-30,TKR,,,,,,,,,,,,,,,,,,,,,,,,,,,,,,,,,,,,,,0.03,,,0.17,,,,,,,,,,,,,,,,,,,,,,,,,,,,,,,,,,,,,,,,,,,,,,,,,1999-07-19,,0.2,,pre-market,,,,,,,,,,,,,17.6471,,,,,,,,,,,,
1999-09-30,TKR,,,,,,,,,,,,,,,,,,,,,,,,,,,,,,,,,,,,,,0.03,,,0.17,,,,,,,,,,,,,,,,,,,,,,,,,,,,,,,,,,,,,,,,,,,,,,,,,1999-10-18,,0.2,,pre-market,,,,,,,,,,,,,17.6471,,,,,,,,,,,,
1999-12-31,TKR,,,,,,,,,,,,,,,,,,,,,,,,,,,,,,,,,,,,,,0.07,,,0.28,,,,,,,,,,,,,,,,,,,,,,,,,,,,,,,,,,,,,,,,,,,,,,,,,2000-01-20,,0.35,,pre-market,,,,,,,,,,,,,25.0,,,,,,,,,,,,
2000-03-31,TKR,,,,,,,,,,,,,,,,,,,,,,,,,,,,,,,,,,,,,,0.13,,,0.3,,,,,,,,,,,,,,,,,,,,,,,,,,,,,,,,,,,,,,,,,,,,,,,,,2000-04-18,,0.43,,pre-market,,,,,,,,,,,,,43.3333,,,,,,,,,,,,
2000-06-30,TKR,,,,,,,,,,,,,,,,,,,,,,,,,,,,,,,,,,,,,,0.0,,,0.4,,,,,,,,,,,,,,,,,,,,,,,,,,,,,,,,,,,,,,,,,,,,,,,,,2000-07-20,,0.4,,pre-market,,,,,,,,,,,,,0.0,,,,,,,,,,,,
2000-09-30,TKR,,,,,,,,,,,,,,,,,,,,,,,,,,,,,,,,,,,,,,0.0,,,0.13,,,,,,,,,,,,,,,,,,,,,,,,,,,,,,,,,,,,,,,,,,,,,,,,,2000-10-17,,0.13,,pre-market,,,,,,,,,,,,,0.0,,,,,,,,,,,,
2000-12-31,TKR,,,,,,,,,,,,,,,,,,,,,,,,,,,,,,,,,,,,,,0.02,,,0.17,,,,,,,,,,,,,,,,,,,,,,,,,,,,,,,,,,,,,,,,,,,,,,,,,2001-01-18,,0.19,,pre-market,,,,,,,,,,,,,11.7647,,,,,,,,,,,,
2001-03-31,TKR,,,,,,,,,,,,,,,,,,,,,,,,,,,,,,,,,,,,,,0.09,,,0.07,,,,,,,,,,,,,,,,,,,,,,,,,,,,,,,,,,,,,,,,,,,,,,,,,2001-04-17,,0.16,,pre-market,,,,,,,,,,,,,128.5714,,,,,,,,,,,,
2001-06-30,TKR,,,,,,,,,,,,,,,,,,,,,,,,,,,,,,,,,,,,,,0.01,,,0.02,,,,,,,,,,,,,,,,,,,,,,,,,,,,,,,,,,,,,,,,,,,,,,,,,2001-07-18,,0.03,,pre-market,,,,,,,,,,,,,50.0,,,,,,,,,,,,
2001-09-30,TKR,,,,,,,,,,,,,,,,,,,,,,,,,,,,,,,,,,,,,,-0.03,,,-0.02,,,,,,,,,,,,,,,,,,,,,,,,,,,,,,,,,,,,,,,,,,,,,,,,,2001-10-16,,-0.05,,pre-market,,,,,,,,,,,,,-150.0,,,,,,,,,,,,
2001-12-31,TKR,,,,,,,,,,,,,,,,,,,,,,,,,,,,,,,,,,,,,,-0.1,,,-0.13,,,,,,,,,,,,,,,,,,,,,,,,,,,,,,,,,,,,,,,,,,,,,,,,,2002-01-23,,-0.23,,pre-market,,,,,,,,,,,,,-76.9231,,,,,,,,,,,,
2002-03-31,TKR,,,,,,,,,,,,,,,,,,,,,,,,,,,,,,,,,,,,,,0.06,,,0.17,,,,,,,,,,,,,,,,,,,,,,,,,,,,,,,,,,,,,,,,,,,,,,,,,2002-04-16,,0.23,,pre-market,,,,,,,,,,,,,35.2941,,,,,,,,,,,,
2002-06-30,TKR,,,,,,,,,,,,,,,,,,,,,,,,,,,,,,,,,,,,,,0.01,,,0.27,,,,,,,,,,,,,,,,,,,,,,,,,,,,,,,,,,,,,,,,,,,,,,,,,2002-07-18,,0.28,,pre-market,,,,,,,,,,,,,3.7037,,,,,,,,,,,,
2002-09-30,TKR,,,,,,,,,,,,,,,,,,,,,,,,,,,,,,,,,,,,,,0.03,,,0.14,,,,,,,,,,,,,,,,,,,,,,,,,,,,,,,,,,,,,,,,,,,,,,,,,2002-10-16,,0.17,,pre-market,,,,,,,,,,,,,21.4286,,,,,,,,,,,,
2002-12-31,TKR,,,,,,,,,,,,,,,,,,,,,,,,,,,,,,,,,,,,,,0.01,,,0.18,,,,,,,,,,,,,,,,,,,,,,,,,,,,,,,,,,,,,,,,,,,,,,,,,2003-01-22,,0.19,,pre-market,,,,,,,,,,,,,5.5556,,,,,,,,,,,,
2003-03-31,TKR,,,,,,,,,,,,,,,,,,,,,,,,,,,,,,,,,,,,,,-0.02,,,0.21,,,,,,,,,,,,,,,,,,,,,,,,,,,,,,,,,,,,,,,,,,,,,,,,,2003-04-29,,0.19,,pre-market,,,,,,,,,,,,,-9.5238,,,,,,,,,,,,
2003-06-30,TKR,,,,,,,,,,,,,,,,,,,,,,,,,,,,,,,,,,,,,,-0.07,,,0.25,,,,,,,,,,,,,,,,,,,,,,,,,,,,,,,,,,,,,,,,,,,,,,,,,2003-07-24,,0.18,,pre-market,,,,,,,,,,,,,-28.0,,,,,,,,,,,,
2003-09-30,TKR,,,,,,,,,,,,,,,,,,,,,,,,,,,,,,,,,,,,,,0.02,,,0.02,,,,,,,,,,,,,,,,,,,,,,,,,,,,,,,,,,,,,,,,,,,,,,,,,2003-10-23,,0.04,,pre-market,,,,,,,,,,,,,100.0,,,,,,,,,,,,
2003-12-31,TKR,,,,,,,,,,,,,,,,,,,,,,,,,,,,,,,,,,,,,,0.15,,,0.11,,,,,,,,,,,,,,,,,,,,,,,,,,,,,,,,,,,,,,,,,,,,,,,,,2004-01-22,,0.26,,pre-market,,,,,,,,,,,,,136.3636,,,,,,,,,,,,
2004-03-31,TKR,,,,,,,,,,,,,,,,,,,,,,,,,,,,,,,,,,,,,,0.04,,,0.27,,,,,,,,,,,,,,,,,,,,,,,,,,,,,,,,,,,,,,,,,,,,,,,,,2004-04-22,,0.31,,pre-market,,,,,,,,,,,,,14.8148,,,,,,,,,,,,
2004-06-30,TKR,,,,,,,,,,,,,,,,,,,,,,,,,,,,,,,,,,,,,,0.01,,,0.32,,,,,,,,,,,,,,,,,,,,,,,,,,,,,,,,,,,,,,,,,,,,,,,,,2004-07-22,,0.33,,pre-market,,,,,,,,,,,,,3.125,,,,,,,,,,,,
2004-09-30,TKR,,,,,,,,,,,,,,,,,,,,,,,,,,,,,,,,,,,,,,0.0,,,0.27,,,,,,,,,,,,,,,,,,,,,,,,,,,,,,,,,,,,,,,,,,,,,,,,,2004-10-25,,0.27,,pre-market,,,,,,,,,,,,,0.0,,,,,,,,,,,,
2004-12-31,TKR,,,,,,,,,,,,,,,,,,,,,,,,,,,,,,,,,,,,,,0.03,,,0.41,,,,,,,,,,,,,,,,,,,,,,,,,,,,,,,,,,,,,,,,,,,,,,,,,2005-02-01,,0.44,,pre-market,,,,,,,,,,,,,7.3171,,,,,,,,,,,,
2005-03-31,TKR,,,,,,,,,,,,,,,,,,,,,,,,,,,,,,,,,,,,,,0.04,,,0.6,,,,,,,,,,,,,,,,,,,,,,,,,,,,,,,,,,,,,,,,,,,,,,,,,2005-04-19,,0.64,,pre-market,,,,,,,,,,,,,6.6667,,,,,,,,,,,,
2005-06-30,TKR,,,,,,,,,,,,,,,,,,,,,,,,,,,,,,,,,,,,,,0.16,,,0.61,,,,,,,,,,,,,,,,,,,,,,,,,,,,,,,,,,,,,,,,,,,,,,,,,2005-07-28,,0.77,,pre-market,,,,,,,,,,,,,26.2295,,,,,,,,,,,,
2005-09-30,TKR,,,,,,,,,,,,,,,,,,,,,,,,,,,,,,,,,,,,,,0.03,,,0.55,,,,,,,,,,,,,,,,,,,,,,,,,,,,,,,,,,,,,,,,,,,,,,,,,2005-10-26,,0.58,,pre-market,,,,,,,,,,,,,5.4545,,,,,,,,,,,,
2005-12-31,TKR,,,,,,,,,,,,,,,,,,,,,,,,,,,,,,,,,,,,,,-0.09,,,0.63,,,,,,,,,,,,,,,,,,,,,,,,,,,,,,,,,,,,,,,,,,,,,,,,,2006-02-01,,0.54,,pre-market,,,,,,,,,,,,,-14.2857,,,,,,,,,,,,
2006-03-31,TKR,,,,,,,,,,,,,,,,,,,,,,,,,,,,,,,,,,,,,,0.03,,,0.68,,,,,,,,,,,,,,,,,,,,,,,,,,,,,,,,,,,,,,,,,,,,,,,,,2006-04-27,,0.71,,pre-market,,,,,,,,,,,,,4.4118,,,,,,,,,,,,
2006-06-30,TKR,,,,,,,,,,,,,,,,,,,,,,,,,,,,,,,,,,,,,,0.04,,,0.86,,,,,,,,,,,,,,,,,,,,,,,,,,,,,,,,,,,,,,,,,,,,,,,,,2006-07-26,,0.9,,pre-market,,,,,,,,,,,,,4.6512,,,,,,,,,,,,
2006-09-30,TKR,,,,,,,,,,,,,,,,,,,,,,,,,,,,,,,,,,,,,,0.02,,,0.55,,,,,,,,,,,,,,,,,,,,,,,,,,,,,,,,,,,,,,,,,,,,,,,,,2006-10-25,,0.57,,pre-market,,,,,,,,,,,,,3.6364,,,,,,,,,,,,
2006-12-31,TKR,,,,,,,,,,,,,,,,,,,,,,,,,,,,,,,,,,,,,,0.0,,,0.3,,,,,,,,,,,,,,,,,,,,,,,,,,,,,,,,,,,,,,,,,,,,,,,,,2007-02-07,,0.3,,pre-market,,,,,,,,,,,,,0.0,,,,,,,,,,,,
2007-03-31,TKR,,,,,,,,,,,,,,,,,,,,,,,,,,,,,,,,,,,,,,0.12,,,0.54,,,,,,,,,,,,,,,,,,,,,,,,,,,,,,,,,,,,,,,,,,,,,,,,,2007-04-26,,0.66,,pre-market,,,,,,,,,,,,,22.2222,,,,,,,,,,,,
2007-06-30,TKR,,,,,,,,,,,,,,,,,,,,,,,,,,,,,,,,,,,,,,0.0,,,0.73,,,,,,,,,,,,,,,,,,,,,,,,,,,,,,,,,,,,,,,,,,,,,,,,,2007-07-31,,0.73,,pre-market,,,,,,,,,,,,,0.0,,,,,,,,,,,,
2007-09-30,TKR,,,,,,,,,,,,,,,,,,,,,,,,,,,,,,,,,,,,,,-0.12,,,0.63,,,,,,,,,,,,,,,,,,,,,,,,,,,,,,,,,,,,,,,,,,,,,,,,,2007-10-25,,0.51,,pre-market,,,,,,,,,,,,,-19.0476,,,,,,,,,,,,
2007-12-31,TKR,,,,,,,,,,,,,,,,,,,,,,,,,,,,,,,,,,,,,,-0.04,,,0.55,,,,,,,,,,,,,,,,,,,,,,,,,,,,,,,,,,,,,,,,,,,,,,,,,2008-01-31,,0.51,,pre-market,,,,,,,,,,,,,-7.2727,,,,,,,,,,,,
2008-03-31,TKR,,,,,,,,,,,,,,,,,,,,,,,,,,,,,,,,,,,,,,0.1,,,0.72,,,,,,,,,,,,,,,,,,,,,,,,,,,,,,,,,,,,,,,,,,,,,,,,,2008-04-30,,0.82,,pre-market,,,,,,,,,,,,,13.8889,,,,,,,,,,,,
2008-06-30,TKR,,,,,,,,,,,,,,,,,,,,,,,,,,,,,,,,,,,,,,0.03,,,0.93,,,,,,,,,,,,,,,,,,,,,,,,,,,,,,,,,,,,,,,,,,,,,,,,,2008-07-30,,0.96,,pre-market,,,,,,,,,,,,,3.2258,,,,,,,,,,,,
2008-09-30,TKR,,,,,,,,,,,,,,,,,,,,,,,,,,,,,,,,,,,,,,0.36,,,1.05,,,,,,,,,,,,,,,,,,,,,,,,,,,,,,,,,,,,,,,,,,,,,,,,,2008-10-24,,1.41,,pre-market,,,,,,,,,,,,,34.2857,,,,,,,,,,,,
2008-12-31,TKR,,,,,,,,,,,,,,,,,,,,,,,,,,,,,,,,,,,,,,-0.1,,,0.17,,,,,,,,,,,,,,,,,,,,,,,,,,,,,,,,,,,,,,,,,,,,,,,,,2009-01-29,,0.07,,pre-market,,,,,,,,,,,,,-58.8235,,,,,,,,,,,,
2009-03-31,TKR,,,,,,,,,,,,,,,,,,,,,,,,,,,,,,,,,,,,,,0.24,,,-0.02,,,,,,,,,,,,,,,,,,,,,,,,,,,,,,,,,,,,,,,,,,,,,,,,,2009-04-27,,0.22,,pre-market,,,,,,,,,,,,,1200.0,,,,,,,,,,,,
2009-06-30,TKR,,,,,,,,,,,,,,,,,,,,,,,,,,,,,,,,,,,,,,0.05,,,-0.12,,,,,,,,,,,,,,,,,,,,,,,,,,,,,,,,,,,,,,,,,,,,,,,,,2009-07-29,,-0.07,,pre-market,,,,,,,,,,,,,41.6667,,,,,,,,,,,,
2009-09-30,TKR,,,,,,,,,,,,,,,,,,,,,,,,,,,,,,,,,,,,,,0.33,,,-0.25,,,,,,,,,,,,,,,,,,,,,,,,,,,,,,,,,,,,,,,,,,,,,,,,,2009-10-29,,0.08,,pre-market,,,,,,,,,,,,,132.0,,,,,,,,,,,,
2009-12-31,TKR,,,,,,,,,,,,,,,,,,,,,,,,,,,,,,,,,,,,,,0.23,,,0.08,,,,,,,,,,,,,,,,,,,,,,,,,,,,,,,,,,,,,,,,,,,,,,,,,2010-02-02,,0.31,,pre-market,,,,,,,,,,,,,287.5,,,,,,,,,,,,
2010-03-31,TKR,,,,,,,,,,,,,,,,,,,,,,,,,,,,,,,,,,,,,,0.33,,,0.24,,,,,,,,,,,,,,,,,,,,,,,,,,,,,,,,,,,,,,,,,,,,,,,,,2010-04-29,,0.57,,pre-market,,,,,,,,,,,,,137.5,,,,,,,,,,,,
2010-06-30,TKR,,,,,,,,,,,,,,,,,,,,,,,,,,,,,,,,,,,,,,0.33,,,0.52,,,,,,,,,,,,,,,,,,,,,,,,,,,,,,,,,,,,,,,,,,,,,,,,,2010-07-29,,0.85,,pre-market,,,,,,,,,,,,,63.4615,,,,,,,,,,,,
2010-09-30,TKR,,,,,,,,,,,,,,,,,,,,,,,,,,,,,,,,,,,,,,0.13,,,0.67,,,,,,,,,,,,,,,,,,,,,,,,,,,,,,,,,,,,,,,,,,,,,,,,,2010-10-28,,0.8,,pre-market,,,,,,,,,,,,,19.403,,,,,,,,,,,,
2010-12-31,TKR,,,,,,,,,,,,,,,,,,,,,,,,,,,,,,,,,,,,,,0.03,,,0.71,,,,,,,,,,,,,,,,,,,,,,,,,,,,,,,,,,,,,,,,,,,,,,,,,2011-01-27,,0.74,,pre-market,,,,,,,,,,,,,4.2254,,,,,,,,,,,,
2011-03-31,TKR,,,,,,,,,,,,,,,,,,,,,,,,,,,,,,,,,,,,,,0.27,,,0.86,,,,,,,,,,,,,,,,,,,,,,,,,,,,,,,,,,,,,,,,,,,,,,,,,2011-04-26,,1.13,,pre-market,,,,,,,,,,,,,31.3953,,,,,,,,,,,,
2011-06-30,TKR,,,,,,,,,,,,,,,,,,,,,,,,,,,,,,,,,,,,,,0.08,,,1.14,,,,,,,,,,,,,,,,,,,,,,,,,,,,,,,,,,,,,,,,,,,,,,,,,2011-07-28,,1.22,,pre-market,,,,,,,,,,,,,7.0175,,,,,,,,,,,,
2011-09-30,TKR,,,,,,,,,,,,,,,,,,,,,,,,,,,,,,,,,,,,,,0.0,,,1.12,,,,,,,,,,,,,,,,,,,,,,,,,,,,,,,,,,,,,,,,,,,,,,,,,2011-10-27,,1.12,,pre-market,,,,,,,,,,,,,0.0,,,,,,,,,,,,
2011-12-31,TKR,,,,,,,,,,,,,,,,,,,,,,,,,,,,,,,,,,,,,,0.05,,,1.06,,,,,,,,,,,,,,,,,,,,,,,,,,,,,,,,,,,,,,,,,,,,,,,,,2012-01-26,,1.11,,pre-market,,,,,,,,,,,,,4.717,,,,,,,,,,,,
2012-03-31,TKR,,,,,,,,,,,,,,,,,,,,,,,,,,,,,,,,,,,,,,0.33,,,1.25,,,,,,,,,,,,,,,,,,,,,,,,,,,,,,,,,,,,,,,,,,,,,,,,,2012-04-24,,1.58,,pre-market,,,,,,,,,,,,,26.4,,,,,,,,,,,,
2012-06-30,TKR,,,,,,,,,,,,,,,,,,,,,,,,,,,,,,,,,,,,,,-0.15,,,1.49,,,,,,,,,,,,,,,,,,,,,,,,,,,,,,,,,,,,,,,,,,,,,,,,,2012-07-26,,1.34,,pre-market,,,,,,,,,,,,,-10.0671,,,,,,,,,,,,
2012-09-30,TKR,,,,,,,,,,,,,,,,,,,,,,,,,,,,,,,,,,,,,,-0.01,,,0.93,,,,,,,,,,,,,,,,,,,,,,,,,,,,,,,,,,,,,,,,,,,,,,,,,2012-10-25,,0.92,,pre-market,,,,,,,,,,,,,-1.0753,,,,,,,,,,,,
2012-12-31,TKR,,,,,,,,,,,,,,,,,,,,,,,,,,,,,,,,,,,,,,0.18,,,0.62,,,,,,,,,,,,,,,,,,,,,,,,,,,,,,,,,,,,,,,,,,,,,,,,,2013-01-24,,0.8,,pre-market,,,,,,,,,,,,,29.0323,,,,,,,,,,,,
2013-03-31,TKR,,,,,,,,,,,,,,,,,,,,,,,,,,,,,,,,,,,,,,0.01,,,0.79,,,,,,,,,,,,,,,,,,,,,,,,,,,,,,,,,,,,,,,,,,,,,,,,,2013-04-24,,0.8,,pre-market,,,,,,,,,,,,,1.2658,,,,,,,,,,,,
2013-06-30,TKR,,,,,,,,,,,,,,,,,,,,,,,,,,,,,,,,,,,,,,-0.04,,,0.97,,,,,,,,,,,,,,,,,,,,,,,,,,,,,,,,,,,,,,,,,,,,,,,,,2013-07-25,,0.93,,pre-market,,,,,,,,,,,,,-4.1237,,,,,,,,,,,,
2013-09-30,TKR,,,,,,,,,,,,,,,,,,,,,,,,,,,,,,,,,,,,,,-0.33,,,0.89,,,,,,,,,,,,,,,,,,,,,,,,,,,,,,,,,,,,,,,,,,,,,,,,,2013-10-24,,0.56,,pre-market,,,,,,,,,,,,,-37.0787,,,,,,,,,,,,
2013-12-31,TKR,,,,,,,,,,,,,,,,,,,,,,,,,,,,,,,,,,,,,,0.05,,,0.73,,,,,,,,,,,,,,,,,,,,,,,,,,,,,,,,,,,,,,,,,,,,,,,,,2014-01-30,,0.78,,pre-market,,,,,,,,,,,,,6.8493,,,,,,,,,,,,
2014-03-31,TKR,,,,,,,,,,,,,,,,,,,,,,,,,,,,,,,,,,,,,,0.07,,,0.81,,,,,,,,,,,,,,,,,,,,,,,,,,,,,,,,,,,,,,,,,,,,,,,,,2014-04-24,,0.88,,pre-market,,,,,,,,,,,,,8.642,,,,,,,,,,,,
2014-06-30,TKR,,,,,,,,,,,,,,,,,,,,,,,,,,,,,,,,,,,,,,-0.02,,,0.67,,,,,,,,,,,,,,,,,,,,,,,,,,,,,,,,,,,,,,,,,,,,,,,,,2014-07-31,,0.65,,pre-market,,,,,,,,,,,,,-2.9851,,,,,,,,,,,,
2014-09-30,TKR,,,,,,,,,,,,,,,,,,,,,,,,,,,,,,,,,,,,,,0.12,,,0.65,,,,,,,,,,,,,,,,,,,,,,,,,,,,,,,,,,,,,,,,,,,,,,,,,2014-10-28,,0.77,,pre-market,,,,,,,,,,,,,18.4615,,,,,,,,,,,,
2014-12-31,TKR,,,,,,,,,,,,,,,,,,,,,,,,,,,,,,,,,,,,,,0.04,,,0.61,,,,,,,,,,,,,,,,,,,,,,,,,,,,,,,,,,,,,,,,,,,,,,,,,2015-01-29,,0.65,,pre-market,,,,,,,,,,,,,6.5574,,,,,,,,,,,,
2015-03-31,TKR,,,,,,,,,,,,,,,,,,,,,,,,,,,,,,,,,,,,,,-0.07,,,0.57,,,,,,,,,,,,,,,,,,,,,,,,,,,,,,,,,,,,,,,,,,,,,,,,,2015-04-30,,0.5,,pre-market,,,,,,,,,,,,,-12.2807,,,,,,,,,,,,
2015-06-30,TKR,,,,,,,,,,,,,,,,,,,,,,,,,,,,,,,,,,,,,,0.0,,,0.57,,,,,,,,,,,,,,,,,,,,,,,,,,,,,,,,,,,,,,,,,,,,,,,,,2015-07-30,,0.57,,pre-market,,,,,,,,,,,,,0.0,,,,,,,,,,,,
2015-09-30,TKR,,,,,,,,,,,,,,,,,,,,,,,,,,,,,,,,,,,,,,0.01,,,0.54,,,,,,,,,,,,,,,,,,,,,,,,,,,,,,,,,,,,,,,,,,,,,,,,,2015-10-28,,0.55,,pre-market,,,,,,,,,,,,,1.8519,,,,,,,,,,,,
2015-12-31,TKR,,,,,,,,,,,,,,,,,,,,,,,,,,,,,,,,,,,,,,0.16,,,0.43,,,,,,,,,,,,,,,,,,,,,,,,,,,,,,,,,,,,,,,,,,,,,,,,,2016-02-03,,0.59,,pre-market,,,,,,,,,,,,,37.2093,,,,,,,,,,,,
2016-03-31,TKR,,,,,,,,,,,,,,,,,,,,,,,,,,,,,,,,,,,,,,0.03,,,0.43,,,,,,,,,,,,,,,,,,,,,,,,,,,,,,,,,,,,,,,,,,,,,,,,,2016-04-27,,0.46,,pre-market,,,,,,,,,,,,,6.9767,,,,,,,,,,,,
2016-06-30,TKR,,,,,,,,,,,,,,,,,,,,,,,,,,,,,,,,,,,,,,0.05,,,0.5,,,,,,,,,,,,,,,,,,,,,,,,,,,,,,,,,,,,,,,,,,,,,,,,,2016-07-28,,0.55,,pre-market,,,,,,,,,,,,,10.0,,,,,,,,,,,,
2016-09-30,TKR,,,,,,,,,,,,,,,,,,,,,,,,,,,,,,,,,,,,,,0.03,,,0.46,,,,,,,,,,,,,,,,,,,,,,,,,,,,,,,,,,,,,,,,,,,,,,,,,2016-10-27,,0.49,,pre-market,,,,,,,,,,,,,6.5217,,,,,,,,,,,,
2016-12-31,TKR,,,,,,,,,,,,,,,,,,,,,,,,,,,,,,,,,,,,,,0.02,,,0.45,,,,,,,,,,,,,,,,,,,,,,,,,,,,,,,,,,,,,,,,,,,,,,,,,2017-02-09,,0.47,,pre-market,,,,,,,,,,,,,4.4444,,,,,,,,,,,,
2017-03-31,TKR,,,,,,,,,,,,,,,,,,,,,,,,,,,,,,,,,,,,,,0.12,,,0.43,,,,,,,,,,,,,,,,,,,,,,,,,,,,,,,,,,,,,,,,,,,,,,,,,2017-04-26,,0.55,,pre-market,,,,,,,,,,,,,27.907,,,,,,,,,,,,
2017-06-30,TKR,,,,,,,,,,,,,,,,,,,,,,,,,,,,,,,,,,,,,,0.01,,,0.67,,,,,,,,,,,,,,,,,,,,,,,,,,,,,,,,,,,,,,,,,,,,,,,,,2017-07-26,,0.68,,pre-market,,,,,,,,,,,,,1.4925,,,,,,,,,,,,
2017-09-30,TKR,,,,,,,,,,,,,,,,,,,,,,,,,,,,,,,,,,,,,,0.03,,,0.68,,,,,,,,,,,,,,,,,,,,,,,,,,,,,,,,,,,,,,,,,,,,,,,,,2017-10-25,,0.71,,pre-market,,,,,,,,,,,,,4.4118,,,,,,,,,,,,
2017-12-31,TKR,,,,,,,,,,,,,,,,,,,,,,,,,,,,,,,,,,,,,,0.0,,,0.68,,,,,,,,,,,,,,,,,,,,,,,,,,,,,,,,,,,,,,,,,,,,,,,,,2018-02-07,,0.68,,pre-market,,,,,,,,,,,,,0.0,,,,,,,,,,,,
2018-03-31,TKR,,,,,,,,,,,,,,,,,,,,,,,,,,,,,,,,,,,,,,0.17,,,0.84,,,,,,,,,,,,,,,,,,,,,,,,,,,,,,,,,,,,,,,,,,,,,,,,,2018-05-01,,1.01,,pre-market,,,,,,,,,,,,,20.2381,,,,,,,,,,,,
2018-06-30,TKR,,,,,,,,,,,,,,,,,,,,,,,,,,,,,,,,,,,,,,0.03,,,1.08,,,,,,,,,,,,,,,,,,,,,,,,,,,,,,,,,,,,,,,,,,,,,,,,,2018-07-31,,1.11,,pre-market,,,,,,,,,,,,,2.7778,,,,,,,,,,,,
2018-09-30,TKR,,,,,,,,,,,,,,,,,,,,,,,,,,,,,,,,,,,,,,-0.01,,,1.07,,,,,,,,,,,,,,,,,,,,,,,,,,,,,,,,,,,,,,,,,,,,,,,,,2018-10-29,,1.06,,post-market,,,,,,,,,,,,,-0.9346,,,,,,,,,,,,
2018-12-31,TKR,,,,,,,,,,,,,,,,,,,,,,,,,,,,,,,,,,,,,,-0.03,,,1.03,,,,,,,,,,,,,,,,,,,,,,,,,,,,,,,,,,,,,,,,,,,,,,,,,2019-02-07,,1.0,,pre-market,,,,,,,,,,,,,-2.9126,,,,,,,,,,,,
2019-03-31,TKR,,,,,,,,,,,,,,,,,,,,,,,,,,,,,,,,,,,,,,0.13,,,1.22,,,,,,,,,,,,,,,,,,,,,,,,,,,,,,,,,,,,,,,,,,,,,,,,,2019-05-01,,1.35,,pre-market,,,,,,,,,,,,,10.6557,,,,,,,,,,,,
2019-06-30,TKR,,,,,,,,,,,,,,,,,,,,,,,,,,,,,,,,,,,,,,-0.17,,,1.44,,,,,,,,,,,,,,,,,,,,,,,,,,,,,,,,,,,,,,,,,,,,,,,,,2019-07-31,,1.27,,pre-market,,,,,,,,,,,,,-11.8056,,,,,,,,,,,,
2019-09-30,TKR,,,,,,,,,,,,,,,,,,,,,,,,,,,,,,,,,,,,,,-0.04,,,1.18,,,,,,,,,,,,,,,,,,,,,,,,,,,,,,,,,,,,,,,,,,,,,,,,,2019-10-30,,1.14,,post-market,,,,,,,,,,,,,-3.3898,,,,,,,,,,,,
2019-12-31,TKR,,,,,,,,,,,,,,,,,,,,,,,,,,,,,,,,,,,,,,-0.12,,,0.96,,,,,,,,,,,,,,,,,,,,,,,,,,,,,,,,,,,,,,,,,,,,,,,,,2020-02-05,,0.84,,pre-market,,,,,,,,,,,,,-12.5,,,,,,,,,,,,
2020-03-31,TKR,,,,,,,,,,,,,,,,,,,,,,,,,,,,,,,,,,,,,,0.04,,,1.07,,,,,,,,,,,,,,,,,,,,,,,,,,,,,,,,,,,,,,,,,,,,,,,,,2020-05-01,,1.11,,pre-market,,,,,,,,,,,,,3.7383,,,,,,,,,,,,
2020-06-30,TKR,,,,,,,,,,,,,,,,,,,,,,,,,,,,,,,,,,,,,,0.68,,,0.34,,,,,,,,,,,,,,,,,,,,,,,,,,,,,,,,,,,,,,,,,,,,,,,,,2020-08-03,,1.02,,pre-market,,,,,,,,,,,,,200.0,,,,,,,,,,,,
2020-09-30,TKR,,,,,,,,,,,,,,,,,,,,,,,,,,,,,,,,,,,,,,0.23,,,0.9,,,,,,,,,,,,,,,,,,,,,,,,,,,,,,,,,,,,,,,,,,,,,,,,,2020-10-29,,1.13,,pre-market,,,,,,,,,,,,,25.5556,,,,,,,,,,,,
2020-12-31,TKR,,,,,,,,,,,,,,,,,,,,,,,,,,,,,,,,,,,,,,-0.09,,,0.93,,,,,,,,,,,,,,,,,,,,,,,,,,,,,,,,,,,,,,,,,,,,,,,,,2021-02-04,,0.84,,pre-market,,,,,,,,,,,,,-9.6774,,,,,,,,,,,,
2021-03-31,TKR,,,,,,,,,,,,,,,,,,,,,,,,,,,,,,,,,,,,,,0.18,,,1.2,,,,,,,,,,,,,,,,,,,,,,,,,,,,,,,,,,,,,,,,,,,,,,,,,2021-04-28,,1.38,,pre-market,,,,,,,,,,,,,15.0,,,,,,,,,,,,
2021-06-30,TKR,,,,,,,,,,,,,,,,,,,,,,,,,,,,,,,,,,,,,,-0.07,,,1.44,,,,,,,,,,,,,,,,,,,,,,,,,,,,,,,,,,,,,,,,,,,,,,,,,2021-08-02,,1.37,,pre-market,,,,,,,,,,,,,-4.8611,,,,,,,,,,,,
2021-09-30,TKR,,,,,,,,,,,,,,,,,,,,,,,,,,,,,,,,,,,,,,0.01,,,1.17,,,,,,,,,,,,,,,,,,,,,,,,,,,,,,,,,,,,,,,,,,,,,,,,,2021-11-01,,1.18,,pre-market,,,,,,,,,,,,,0.8547,,,,,,,,,,,,
2021-12-31,TKR,,,,,,,,,,,,,,,,,,,,,,,,,,,,,,,,,,,,,,-0.13,,,0.91,,,,,,,,,,,,,,,,,,,,,,,,,,,,,,,,,,,,,,,,,,,,,,,,,2022-02-03,,0.78,,pre-market,,,,,,,,,,,,,-14.2857,,,,,,,,,,,,
2022-03-31,TKR,,,,,,,,,,,,,,,,,,,,,,,,,,,,,,,,,,,,,,0.45,,,1.16,,,,,,,,,,,,,,,,,,,,,,,,,,,,,,,,,,,,,,,,,,,,,,,,,2022-05-02,,1.61,,pre-market,,,,,,,,,,,,,38.7931,,,,,,,,,,,,
2022-06-30,TKR,,,,,,,,,,,,,,,,,,,,,,,,,,,,,,,,,,,,,,0.33,,,1.34,,,,,,,,,,,,,,,,,,,,,,,,,,,,,,,,,,,,,,,,,,,,,,,,,2022-07-28,,1.67,,pre-market,,,,,,,,,,,,,24.6269,,,,,,,,,,,,
2022-09-30,TKR,,,,,,,,,,,,,,,,,,,,,,,,,,,,,,,,,,,,,,0.19,,,1.33,,,,,,,,,,,,,,,,,,,,,,,,,,,,,,,,,,,,,,,,,,,,,,,,,2022-10-26,,1.52,,pre-market,,,,,,,,,,,,,14.2857,,,,,,,,,,,,
2022-12-31,TKR,,,,,,,,,,,,,,,,,,,,,,,,,,,,,,,,,,,,,,0.13,,,1.09,,,,,,,,,,,,,,,,,,,,,,,,,,,,,,,,,,,,,,,,,,,,,,,,,2023-02-06,,1.22,,pre-market,,,,,,,,,,,,,11.9266,,,,,,,,,,,,
2023-03-31,TKR,,,,,,,,,,,,,,,,,,,,,,,,,,,,,,,,,,,,,,0.2,,,1.89,,,,,,,,,,,,,,,,,,,,,,,,,,,,,,,,,,,,,,,,,,,,,,,,,2023-05-03,,2.09,,pre-market,,,,,,,,,,,,,10.582,,,,,,,,,,,,
2023-06-30,TKR,,,,,,,,,,,,,,,,,,,,,,,,,,,,,,,,,,,,,,-0.07,,,2.08,,,,,,,,,,,,,,,,,,,,,,,,,,,,,,,,,,,,,,,,,,,,,,,,,2023-08-03,,2.01,,pre-market,,,,,,,,,,,,,-3.3654,,,,,,,,,,,,
2023-09-30,TKR,,,,,,,,,,,,,,,,,,,,,,,,,,,,,,,,,,,,,,-0.04,,,1.59,,,,,,,,,,,,,,,,,,,,,,,,,,,,,,,,,,,,,,,,,,,,,,,,,2023-11-01,,1.55,,pre-market,,,,,,,,,,,,,-2.5157,,,,,,,,,,,,
2023-12-31,TKR,,,,,,,,,,,,,,,,,,,,,,,,,,,,,,,,,,,,,,0.15,,,1.22,,,,,,,,,,,,,,,,,,,,,,,,,,,,,,,,,,,,,,,,,,,,,,,,,2024-02-05,,1.37,,pre-market,,,,,,,,,,,,,12.2951,,,,,,,,,,,,
2024-03-31,TKR,,,,,,,,,,,,,,,,,,,,,,,,,,,,,,,,,,,,,,0.26,,,1.51,,,,,,,,,,,,,,,,,,,,,,,,,,,,,,,,,,,,,,,,,,,,,,,,,2024-04-30,,1.77,,pre-market,,,,,,,,,,,,,17.2185,,,,,,,,,,,,
2024-06-30,TKR,,,,,,,,,,,,,,,,,,,,,,,,,,,,,,,,,,,,,,0.03,,,1.6,,,,,,,,,,,,,,,,,,,,,,,,,,,,,,,,,,,,,,,,,,,,,,,,,2024-07-31,,1.63,,pre-market,,,,,,,,,,,,,1.875,,,,,,,,,,,,
2024-09-30,TKR,,,,,,,,,,,,,,,,,,,,,,,,,,,,,,,,,,,,,,-0.04,,,1.2,,,,,,,,,,,,,,,,,,,,,,,,,,,,,,,,,,,,,,,,,,,,,,,,,2024-11-05,,1.16,,pre-market,,,,,,,,,,,,,-3.3333,,,,,,,,,,,,
2024-12-31,TKR,,,,,,,,,,,,,,,,,,,,,,,,,,,,,,,,,,,,,,0.17,,,0.99,,,,,,,,,,,,,,,,,,,,,,,,,,,,,,,,,,,,,,,,,,,,,,,,,2025-02-05,,1.16,,pre-market,,,,,,,,,,,,,17.1717,,,,,,,,,,,,
2025-03-31,TKR,,,,,,,,,,,,,,,,,,,,,,,,,,,,,,,,,,,,,,-0.02,,,1.42,,,,,,,,,,,,,,,,,,,,,,,,,,,,,,,,,,,,,,,,,,,,,,,,,2025-04-30,,1.4,,pre-market,,,,,,,,,,,,,-1.4085,,,,,,,,,,,,
2025-06-30,TKR,,,,,,,,,,,,,,,,,,,,,,,,,,,,,,,,,,,,,,0.06,,,1.36,,,,,,,,,,,,,,,,,,,,,,,,,,,,,,,,,,,,,,,,,,,,,,,,,2025-07-30,,1.42,,pre-market,,,,,,,,,,,,,4.4118,,,,,,,,,,,,
2025-09-30,TKR,,,,,,,,,,,,,,,,,,,,,,,,,,,,,,,,,,,,,,0.12,,,1.25,,,,,,,,,,,,,,,,,,,,,,,,,,,,,,,,,,,,,,,,,,,,,,,,,2025-11-04,,1.37,,pre-market,,,,,,,,,,,,,9.6,,,,,,,,,,,,
2025-12-28,TKR,4.23,4544400000.0,20.45,,1.217,45.0,,,,,,,,,,,,,,,,,,,,,,,,,,1.38,0.016,,,,-0.147,0.12,,,1.25,,14.43,,1391100000.0,,,,,,,,,,,,,,,,,,,0.123,,,,,,,,,,,,,1.202,1.923,1.326,,,,,,,,0.0654,,,2025-11-04,,1.37,,pre-market,,,0.0516,0.102,0.027,65.04,,,,,74.71,80.0,9.6,,,,,,,,,20.45,,89.21,55.43
2025-12-28,TKR,4.23,4544400000.0,20.45,,1.217,45.0,,,,,,,,,,,,,,,None,808100000,808100000,,,,,,None,58600000,,1.38,0.016,,,,-0.147,0.12,134800000,193400000,1.25,2025-09-30,14.43,,1391100000.0,349000000,107500000,33200000,,,None,27300000,2400000,,None,,,,,69300000,74300000,-24900000,None,0.123,,209600000,139400000,,,,,None,,,,,1.202,1.923,1.326,,,,,,,,0.0654,,,2025-11-04,quarterly,1.37,USD,pre-market,None,,0.0516,0.102,0.027,65.04,184800000,,,,74.71,80.0,9.6,,,,,,,1157100000,,20.45,,89.21,55.43
2025-12-28,TKR,4.23,4544400000.0,20.45,,1.217,45.0,,,,,,,,,,,,,,,None,811000000,811000000,,,,,,None,57200000,,1.38,0.016,,,,-0.147,0.12,151600000,208800000,1.25,2025-06-30,14.43,,1391100000.0,362400000,116400000,30700000,,,None,29800000,3000000,,None,,,,,78500000,85700000,-26800000,None,0.123,,214600000,147800000,,,,,None,,,,,1.202,1.923,1.326,,,,,,,,0.0654,,,2025-11-04,quarterly,1.37,USD,pre-market,None,,0.0516,0.102,0.027,65.04,189700000,,,,74.71,80.0,9.6,,,,,,,1173400000,,20.45,,89.21,55.43
2025-12-28,TKR,4.23,4544400000.0,20.45,,1.217,45.0,,,,,,,,,,,,,,,None,780700000,780700000,,,,,,None,55100000,,1.38,0.016,,,,-0.147,0.12,154600000,209700000,1.25,2025-03-31,14.43,,1391100000.0,359600000,118300000,26900000,,,None,26500000,2300000,,None,,,,,78300000,91400000,-24200000,None,0.123,,215600000,144000000,,,,,None,,,,,1.202,1.923,1.326,,,,,,,,0.0654,,,2025-11-04,quarterly,1.37,USD,pre-market,None,,0.0516,0.102,0.027,65.04,184800000,,,,74.71,80.0,9.6,,,,,,,1140300000,,20.45,,89.21,55.43
2025-12-28,TKR,4.23,4544400000.0,20.45,,1.217,45.0,,,,,,,,,,,,,,,None,754700000,754700000,,,,,,None,57100000,,1.38,0.016,,,,-0.147,0.12,111100000,168200000,1.25,2024-12-31,14.43,,1391100000.0,318900000,90800000,15700000,,,None,28000000,3600000,,None,,,,,71200000,75100000,-24400000,None,0.123,,205899999,113000000,,,,,None,,,,,1.202,1.923,1.326,,,,,,,,0.0654,,,2025-11-04,quarterly,1.37,USD,pre-market,None,,0.0516,0.102,0.027,65.04,191700000,,,,74.71,80.0,9.6,,,,,,,1073599999,,20.45,,89.21,55.43
2025-12-28,TKR,4.23,4544400000.0,20.45,,1.217,45.0,,,,,,,,,,,,,,,None,779300000,779300000,,,,,,None,55200000,,1.38,0.016,,,,-0.147,0.12,137200000,192400000,1.25,2024-09-30,14.43,,1391100000.0,347500000,112200000,24600000,,,None,30300000,3400000,,None,,,,,81800000,87600000,-26900000,None,0.123,,201200000,146300000,,,,,None,,,,,1.202,1.923,1.326,,,,,,,,0.0654,,,2025-11-04,quarterly,1.37,USD,pre-market,None,,0.0516,0.102,0.027,65.04,189700000,,,,74.71,80.0,9.6,,,,,,,1126800000,,20.45,,89.21,55.43
2025-12-28,TKR,4.23,4544400000.0,20.45,,1.217,45.0,,,,,,,,,,,,,,,None,807100000,807100000,,,,,,None,54200000,,1.38,0.016,,,,-0.147,0.12,171100000,225300000,1.25,2024-06-30,14.43,,1391100000.0,375200000,137900000,35900000,,,None,34600000,5100000,,None,,,,,96200000,102000000,-29500000,None,0.123,,208000000,167200000,,,,,None,,,,,1.202,1.923,1.326,,,,,,,,0.0654,,,2025-11-04,quarterly,1.37,USD,pre-market,None,,0.0516,0.102,0.027,65.04,184100000,,,,74.71,80.0,9.6,,,,,,,1182300000,,20.45,,89.21,55.43
2025-12-28,TKR,4.23,4544400000.0,20.45,,1.217,45.0,,,,,,,,,,,,,,,None,790200000,790200000,,,,,,None,55300000,,1.38,0.016,,,,-0.147,0.12,188400000,243700000,1.25,2024-03-31,14.43,,1391100000.0,400100000,153300000,42700000,,,None,32200000,2800000,,None,,,,,103500000,110600000,-29400000,None,0.123,,215500000,184600000,,,,,None,,,,,1.202,1.923,1.326,,,,,,,,0.0654,,,2025-11-04,quarterly,1.37,USD,pre-market,None,,0.0516,0.102,0.027,65.04,190700000,,,,74.71,80.0,9.6,,,,,,,1190300000,,20.45,,89.21,55.43
2025-12-28,TKR,4.23,4544400000.0,20.45,,1.217,45.0,,,,,,,,,,,,,,,None,792500000,792500000,,,,,,None,53000000,,1.38,0.016,,,,-0.147,0.12,89200000,142200000,1.25,2023-12-31,14.43,,1391100000.0,298700000,61500000,-400000,,,None,30800000,3300000,,None,,,,,58700000,61900000,-27500000,None,0.123,,179500000,119200000,,,,,None,,,,,1.202,1.923,1.326,,,,,,,,0.0654,,,2025-11-04,quarterly,1.37,USD,pre-market,None,,0.0516,0.102,0.027,65.04,180500000,,,,74.71,80.0,9.6,,,,,,,1091200000,,20.45,,89.21,55.43
2025-12-28,TKR,4.23,4544400000.0,20.45,,1.217,45.0,,,,,,,,,,,,,,,None,775600000,775600000,,,,,,None,51500000,,1.38,0.016,,,,-0.147,0.12,169100000,220600000,1.25,2023-09-30,14.43,,1391100000.0,367100000,124200000,33299999,,,None,27500000,24900000,,None,,,,,87900000,90900000,-24900000,None,0.123,,217500000,149600000,,,,,None,,,,,1.202,1.923,1.326,,,,,,,,0.0654,,,2025-11-04,quarterly,1.37,USD,pre-market,None,,0.0516,0.102,0.027,65.04,179600000,,,,74.71,80.0,9.6,,,,,,,1142700000,,20.45,,89.21,55.43
2025-12-28,TKR,4.23,4544400000.0,20.45,,1.217,45.0,,,,,,,,,,,,,,,None,863400000,863400000,,,,,,None,51199999,,1.38,0.016,,,,-0.147,0.12,206700000,257899999,1.25,2023-06-30,14.43,,1391100000.0,408900000,176600000,47100000,,,None,28300000,26400000,,None,,,,,125200000,129500000,-26400000,None,0.123,,208200000,200700000,,,,,4200000,,,,,1.202,1.923,1.326,,,,,,,,0.0654,,,2025-11-04,quarterly,1.37,USD,pre-market,None,,0.0516,0.102,0.027,65.04,184900000,,,,74.71,80.0,9.6,,,,,,,1272300000,,20.45,,89.21,55.43
2025-12-28,TKR,4.23,4544400000.0,20.45,,1.217,45.0,,,,,,,,,,,,,,,None,844900000,844900000,,,,,,None,45600000,,1.38,0.016,,,,-0.147,0.12,217700000,263300000,1.25,2023-03-31,14.43,,1391100000.0,417900000,168200000,42500000,,,None,24100000,22600000,,None,,,,,122300000,125700000,-22600000,None,0.123,,230300000,187600000,,,,,4600000,,,,,1.202,1.923,1.326,,,,,,,,0.0654,,,2025-11-04,quarterly,1.37,USD,pre-market,None,,0.0516,0.102,0.027,65.04,186800000,,,,74.71,80.0,9.6,,,,,,,1262800000,,20.45,,89.21,55.43
2025-12-28,TKR,4.23,4544400000.0,20.45,,1.217,45.0,,,,,,,,,,,,,,,None,778800000,778800000,,,,,,None,42000000,,1.38,0.016,,,,-0.147,0.12,141700000,183700000,1.25,2022-12-31,14.43,,1391100000.0,303200000,124100000,25000000,,,None,22700000,21600000,,None,,,,,97200000,99100000,-21600000,None,0.123,,176200000,127000000,,,,,5200000,,,,,1.202,1.923,1.326,,,,,,,,0.0654,,,2025-11-04,quarterly,1.37,USD,pre-market,None,,0.0516,0.102,0.027,65.04,167300000,,,,74.71,80.0,9.6,,,,,,,1082000000,,20.45,,89.21,55.43
2025-12-28,TKR,4.23,4544400000.0,20.45,,1.217,45.0,,,,,,,,,,,,,,,None,802200000,802200000,,,,,,None,39900000,,1.38,0.016,,,,-0.147,0.12,165000000,204900000,1.25,2022-09-30,14.43,,1391100000.0,334200000,117100000,26700000,,,None,19300000,18200000,,None,,,,,87000000,90400000,-18200000,None,0.123,,202500000,131699999,,,,,3400000,,,,,1.202,1.923,1.326,,,,,,,,0.0654,,,2025-11-04,quarterly,1.37,USD,pre-market,None,,0.0516,0.102,0.027,65.04,159800000,,,,74.71,80.0,9.6,,,,,,,1136400000,,20.45,,89.21,55.43
2025-12-28,TKR,4.23,4544400000.0,20.45,,1.217,45.0,,,,,,,,,,,,,,,None,801300000,801300000,,,,,,None,40700000,,1.38,0.016,,,,-0.147,0.12,178000000,218700000,1.25,2022-06-30,14.43,,1391100000.0,352400000,149600000,44000000,,,None,18300000,1000000,,None,,,,,105000000,105600000,-17300000,None,0.123,,176500000,175900000,,,,,-100000,,,,,1.202,1.923,1.326,,,,,,,,0.0654,,,2025-11-04,quarterly,1.37,USD,pre-market,None,,0.0516,0.102,0.027,65.04,155900000,,,,74.71,80.0,9.6,,,,,,,1153700000,,20.45,,89.21,55.43
2025-12-28,TKR,4.23,4544400000.0,20.45,,1.217,45.0,,,,,,,,,,,,,,,None,785700000,785700000,,,,,,None,41400000,,1.38,0.016,,,,-0.147,0.12,175200000,216600000,1.25,2022-03-31,14.43,,1391100000.0,338900000,160100000,38200000,,,None,14300000,600000,,None,,,,,118200000,121900000,-13700000,None,0.123,,166600000,172300000,,,,,800000,,,,,1.202,1.923,1.326,,,,,,,,0.0654,,,2025-11-04,quarterly,1.37,USD,pre-market,None,,0.0516,0.102,0.027,65.04,154100000,,,,74.71,80.0,9.6,,,,,,,1124600000,,20.45,,89.21,55.43
2025-12-28,TKR,4.23,4544400000.0,20.45,,1.217,45.0,,,,,,,,,,,,,,,None,773100000,773100000,,,,,,None,41300000,,1.38,0.016,,,,-0.147,0.12,100600000,141900000,1.25,2021-12-31,14.43,,1391100000.0,234200000,86700000,20000000,,,None,13800000,13200000,,None,,,,,62900000,66700000,-13200000,None,0.123,,147000000,86100000,,,,,2000000,,,,,1.202,1.923,1.326,,,,,,,,0.0654,,,2025-11-04,quarterly,1.37,USD,pre-market,None,,0.0516,0.102,0.027,65.04,146300000,,,,74.71,80.0,9.6,,,,,,,1007300000,,20.45,,89.21,55.43
2025-12-28,TKR,4.23,4544400000.0,20.45,,1.217,45.0,,,,,,,,,,,,,,,None,766400000,766400000,,,,,,None,41000000,,1.38,0.016,,,,-0.147,0.12,130700000,171700000,1.25,2021-09-30,14.43,,1391100000.0,270900000,112000000,20400000,,,None,14800000,500000,,None,,,,,88100000,91600000,-14300000,None,0.123,,146600000,124300000,,,,,2000000,,,,,1.202,1.923,1.326,,,,,,,,0.0654,,,2025-11-04,quarterly,1.37,USD,pre-market,None,,0.0516,0.102,0.027,65.04,140700000,,,,74.71,80.0,9.6,,,,,,,1037300000,,20.45,,89.21,55.43
2025-12-28,TKR,4.23,4544400000.0,20.45,,1.217,45.0,,,,,,,,,,,,,,,None,759700000,759700000,,,,,,None,41700000,,1.38,0.016,,,,-0.147,0.12,155600000,197300000,1.25,2021-06-30,14.43,,1391100000.0,303200000,136600000,29400000,,,None,15300000,700000,,None,,,,,104800000,107200000,-14600000,None,0.123,,151200000,152000000,,,,,-1500000,,,,,1.202,1.923,1.326,,,,,,,,0.0654,,,2025-11-04,quarterly,1.37,USD,pre-market,None,,0.0516,0.102,0.027,65.04,149000000,,,,74.71,80.0,9.6,,,,,,,1062900000,,20.45,,89.21,55.43
2025-12-28,TKR,4.23,4544400000.0,20.45,,1.217,45.0,,,,,,,,,,,,,,,None,725000000,725000000,,,,,,None,43000000,,1.38,0.016,,,,-0.147,0.12,159900000,202900000,1.25,2021-03-31,14.43,,1391100000.0,300400000,141300000,25300000,,,None,14900000,500000,,None,,,,,113300000,116000000,-14400000,None,0.123,,149700000,150700000,,,,,1500000,,,,,1.202,1.923,1.326,,,,,,,,0.0654,,,2025-11-04,quarterly,1.37,USD,pre-market,None,,0.0516,0.102,0.027,65.04,144500000,,,,74.71,80.0,9.6,,,,,,,1025400000,,20.45,,89.21,55.43
2025-12-28,TKR,4.23,4544400000.0,20.45,,1.217,45.0,,,,,,,,,,,,,,,None,653100000,653100000,,,,,,None,41600000,,1.38,0.016,,,,-0.147,0.12,103300000,144900000,1.25,2020-12-31,14.43,,1391100000.0,238600000,75000000,19700000,,,None,15300000,14600000,,None,,,,,53100000,55300000,-14600000,None,0.123,,139800000,98800000,,,,,9600000,,,,,1.202,1.923,1.326,,,,,,,,0.0654,,,2025-11-04,quarterly,1.37,USD,pre-market,None,,0.0516,0.102,0.027,65.04,134900000,,,,74.71,80.0,9.6,,,,,,,891700000,,20.45,,89.21,55.43
2025-12-28,TKR,4.23,4544400000.0,20.45,,1.217,45.0,,,,,,,,,,,,,,,None,629600000,629600000,,,,,,None,41000000,,1.38,0.016,,,,-0.147,0.12,147600000,188600000,1.25,2020-09-30,14.43,,1391100000.0,265000000,117900000,26600000,,,None,16300000,15400000,,None,,,,,88800000,91300000,-15400000,None,0.123,,146000000,119000000,,,,,-100000,,,,,1.202,1.923,1.326,,,,,,,,0.0654,,,2025-11-04,quarterly,1.37,USD,pre-market,None,,0.0516,0.102,0.027,65.04,132700000,,,,74.71,80.0,9.6,,,,,,,894600000,,20.45,,89.21,55.43
2025-12-28,TKR,4.23,4544400000.0,20.45,,1.217,45.0,,,,,,,,,,,,,,,None,570500000,570500000,,,,,,None,39100000,,1.38,0.016,,,,-0.147,0.12,115900000,155000000,1.25,2020-06-30,14.43,,1391100000.0,233000000,89800000,28000000,,,None,18900000,600000,,None,,,,,61900000,61800000,-18300000,None,0.123,,117600000,115400000,,,,,-1400000,,,,,1.202,1.923,1.326,,,,,,,,0.0654,,,2025-11-04,quarterly,1.37,USD,pre-market,None,,0.0516,0.102,0.027,65.04,111800000,,,,74.71,80.0,9.6,,,,,,,803500000,,20.45,,89.21,55.43
2025-12-28,TKR,4.23,4544400000.0,20.45,,1.217,45.0,,,,,,,,,,,,,,,None,642300000,642300000,,,,,,None,42300000,,1.38,0.016,,,,-0.147,0.12,130900000,173200000,1.25,2020-03-31,14.43,,1391100000.0,281100000,113600000,29600000,,,None,17100000,1500000,,None,,,,,80700000,84000000,-15600000,None,0.123,,159400000,121700000,,,,,5600000,,,,,1.202,1.923,1.326,,,,,,,,0.0654,,,2025-11-04,quarterly,1.37,USD,pre-market,None,,0.0516,0.102,0.027,65.04,153600000,,,,74.71,80.0,9.6,,,,,,,923400000,,20.45,,89.21,55.43
2025-12-28,TKR,4.23,4544400000.0,20.45,,1.217,45.0,,,,,,,,,,,,,,,None,632200000,632200000,,,,,,None,40200000,,1.38,0.016,,,,-0.147,0.12,125000000,165200000,1.25,2019-12-31,14.43,,1391100000.0,264000000,105100000,-12700000,,,None,16600000,1400000,,None,,,,,113500000,117800000,-15200000,None,0.123,,170500000,93500000,,,,,3900000,,,,,1.202,1.923,1.326,,,,,,,,0.0654,,,2025-11-04,quarterly,1.37,USD,pre-market,None,,0.0516,0.102,0.027,65.04,159200000,,,,74.71,80.0,9.6,,,,,,,896200000,,20.45,,89.21,55.43
2025-12-28,TKR,4.23,4544400000.0,20.45,,1.217,45.0,,,,,,,,,,,,,,,None,636500000,636500000,,,,,,None,39200000,,1.38,0.016,,,,-0.147,0.12,115100000,154300000,1.25,2019-09-30,14.43,,1391100000.0,277500000,102200000,35500000,,,None,18200000,1100000,,None,,,,,64200000,66700000,-17100000,None,0.123,,149600000,127900000,,,,,6900000,,,,,1.202,1.923,1.326,,,,,,,,0.0654,,,2025-11-04,quarterly,1.37,USD,pre-market,None,,0.0516,0.102,0.027,65.04,148000000,,,,74.71,80.0,9.6,,,,,,,914000000,,20.45,,89.21,55.43
2025-12-28,TKR,4.23,4544400000.0,20.45,,1.217,45.0,,,,,,,,,,,,,,,None,694300000,694300000,,,,,,None,41700000,,1.38,0.016,,,,-0.147,0.12,147200000,188900000,1.25,2019-06-30,14.43,,1391100000.0,305700000,128500000,33600000,,,None,19300000,1100000,,None,,,,,92500000,94900000,-18200000,None,0.123,,160600000,145100000,,,,,2500000,,,,,1.202,1.923,1.326,,,,,,,,0.0654,,,2025-11-04,quarterly,1.37,USD,pre-market,None,,0.0516,0.102,0.027,65.04,158700000,,,,74.71,80.0,9.6,,,,,,,1000000000,,20.45,,89.21,55.43
2025-12-28,TKR,4.23,4544400000.0,20.45,,1.217,45.0,,,,,,,,,,,,,,,None,677100000,677100000,,,,,,None,39500000,,1.38,0.016,,,,-0.147,0.12,150000000,189500000,1.25,2019-03-31,14.43,,1391100000.0,302600000,136600000,41300000,,,None,18000000,13700000,,None,,,,,91900000,95300000,-16700000,None,0.123,,152700000,149900000,,,,,4600000,,,,,1.202,1.923,1.326,,,,,,,,0.0654,,,2025-11-04,quarterly,1.37,USD,pre-market,None,,0.0516,0.102,0.027,65.04,152700000,,,,74.71,80.0,9.6,,,,,,,979700000,,20.45,,89.21,55.43
2025-12-28,TKR,4.23,4544400000.0,20.45,,1.217,45.0,,,,,,,,,,,,,,,None,655600000,655600000,,,,,,None,40100000,,1.38,0.016,,,,-0.147,0.12,97500000,137600000,1.25,2018-12-31,14.43,,1391100000.0,254500000,79900000,19100000,,,None,18500000,None,,None,,,,,60000000,60800000,None,None,0.123,,150100000,104400000,,,,,200000,,,,,1.202,1.923,1.326,,,,,,,,0.0654,,,2025-11-04,quarterly,1.37,USD,pre-market,37300000,,0.0516,0.102,0.027,65.04,148300000,,,,74.71,80.0,9.6,,,,,,,910100000,,20.45,,89.21,55.43
2025-12-28,TKR,4.23,4544400000.0,20.45,,1.217,45.0,,,,,,,,,,,,,,,None,628000000,628000000,,,,,,None,35100000,,1.38,0.016,,,,-0.147,0.12,108100000,143200000,1.25,2018-09-30,14.43,,1391100000.0,253300000,97300000,25000000,,,None,12500000,None,,None,,,,,71600000,72300000,None,None,0.123,,144600000,108700000,,,,,1100000,,,,,1.202,1.923,1.326,,,,,,,,0.0654,,,2025-11-04,quarterly,1.37,USD,pre-market,0,,0.0516,0.102,0.027,65.04,142000000,,,,74.71,80.0,9.6,,,,,,,881300000,,20.45,,89.21,55.43
2025-12-28,TKR,4.23,4544400000.0,20.45,,1.217,45.0,,,,,,,,,,,,,,,None,638900000,638900000,,,,,,None,35000000,,1.38,0.016,,,,-0.147,0.12,129700000,164700000,1.25,2018-06-30,14.43,,1391100000.0,267399999,122100000,30200000,,,None,10700000,None,,None,,,,,91000000,91900000,None,None,0.123,,142100000,125300000,,,,,7500000,,,,,1.202,1.923,1.326,,,,,,,,0.0654,,,2025-11-04,quarterly,1.37,USD,pre-market,0,,0.0516,0.102,0.027,65.04,148000000,,,,74.71,80.0,9.6,,,,,,,906300000,,20.45,,89.21,55.43
2025-12-28,TKR,4.23,4544400000.0,20.45,,1.217,45.0,,,,,,,,,,,,,,,None,618200000,618200000,,,,,,None,35800000,,1.38,0.016,,,,-0.147,0.12,117900000,153700000,1.25,2018-03-31,14.43,,1391100000.0,264899999,108800000,28300000,,,None,10000000,None,,None,,,,,80200000,80500000,None,None,0.123,,148800000,116100000,,,,,2700000,,,,,1.202,1.923,1.326,,,,,,,,0.0654,,,2025-11-04,quarterly,1.37,USD,pre-market,None,,0.0516,0.102,0.027,65.04,148600000,,,,74.71,80.0,9.6,,,,,,,883100000,,20.45,,89.21,55.43
2025-12-28,TKR,4.23,4544400000.0,20.45,,1.217,45.0,,,,,,,,,,,,,,,None,565300000,565300000,,,,,,None,35200000,,1.38,0.016,,,,-0.147,0.12,64900000,100100000,1.25,2017-12-31,14.43,,1391100000.0,212700000,57200000,29100000,,,None,10600000,None,,None,,,,,29200000,28100000,None,None,0.123,,133300000,79400000,,,,,1200000,,,,,1.202,1.923,1.326,,,,,,,,0.0654,,,2025-11-04,quarterly,1.37,USD,pre-market,35300000,,0.0516,0.102,0.027,65.04,144000000,,,,74.71,80.0,9.6,,,,,,,778000000,,20.45,,89.21,55.43
2025-12-28,TKR,4.23,4544400000.0,20.45,,1.217,45.0,,,,,,,,,,,,,,,None,555300000,555300000,,,,,,None,35700000,,1.38,0.016,,,,-0.147,0.12,82100000,117800000,1.25,2017-09-30,14.43,,1391100000.0,216100000,75200000,21100000,,,None,10100000,None,,None,,,,,53500000,54100000,None,None,0.123,,135300000,80800000,,,,,3600000,,,,,1.202,1.923,1.326,,,,,,,,0.0654,,,2025-11-04,quarterly,1.37,USD,pre-market,0,,0.0516,0.102,0.027,65.04,134000000,,,,74.71,80.0,9.6,,,,,,,771400000,,20.45,,89.21,55.43
2025-12-28,TKR,4.23,4544400000.0,20.45,,1.217,45.0,,,,,,,,,,,,,,,None,549500000,549500000,,,,,,None,33900000,,1.38,0.016,,,,-0.147,0.12,77200000,111100000,1.25,2017-06-30,14.43,,1391100000.0,201100000,73900000,-8100000,,,None,8500000,None,,None,,,,,82500000,82000000,None,None,0.123,,124700000,76400000,,,,,5200000,,,,,1.202,1.923,1.326,,,,,,,,0.0654,,,2025-11-04,quarterly,1.37,USD,pre-market,0,,0.0516,0.102,0.027,65.04,123800000,,,,74.71,80.0,9.6,,,,,,,750600000,,20.45,,89.21,55.43
2025-12-28,TKR,4.23,4544400000.0,20.45,,1.217,45.0,,,,,,,,,,,,,,,None,521600000,521600000,,,,,,None,32900000,,1.38,0.016,,,,-0.147,0.12,61600000,94500000,1.25,2017-03-31,14.43,,1391100000.0,182200000,53600000,15500000,,,None,7900000,None,,None,,,,,38200000,38100000,None,None,0.123,,119300000,62900000,,,,,2300000,,,,,1.202,1.923,1.326,,,,,,,,0.0654,,,2025-11-04,quarterly,1.37,USD,pre-market,0,,0.0516,0.102,0.027,65.04,119600000,,,,74.71,80.0,9.6,,,,,,,703800000,,20.45,,89.21,55.43
2025-12-28,TKR,4.23,4544400000.0,20.45,,1.217,45.0,,,,,,,,,,,,,,,None,517200000,517200000,,,,,,None,33400000,,1.38,0.016,,,,-0.147,0.12,-1800000,31600000,1.25,2016-12-31,14.43,,1391100000.0,137600000,-12200000,-5300000,,,None,8400000,None,,None,,,,,24100000,24100000,None,None,0.123,,149100000,-11500000,,,,,1700000,,,,,1.202,1.923,1.326,,,,,,,,0.0654,,,2025-11-04,quarterly,1.37,USD,pre-market,31800000,,0.0516,0.102,0.027,65.04,128200000,,,,74.71,80.0,9.6,,,,,,,654800000,,20.45,,89.21,55.43
2025-12-28,TKR,4.23,4544400000.0,20.45,,1.217,45.0,,,,,,,,,,,,,,,None,487700000,487700000,,,,,,None,33300000,,1.38,0.016,,,,-0.147,0.12,62500000,95800000,1.25,2016-09-30,14.43,,1391100000.0,169700000,49200000,15200000,,,None,8000000,None,,None,,,,,33600000,21000000,None,None,0.123,,112600000,57100000,,,,,300000,,,,,1.202,1.923,1.326,,,,,,,,0.0654,,,2025-11-04,quarterly,1.37,USD,pre-market,0,,0.0516,0.102,0.027,65.04,107300000,,,,74.71,80.0,9.6,,,,,,,657400000,,20.45,,89.21,55.43
2025-12-28,TKR,4.23,4544400000.0,20.45,,1.217,45.0,,,,,,,,,,,,,,,None,489100000,489100000,,,,,,None,32400000,,1.38,0.016,,,,-0.147,0.12,76500000,108900000,1.25,2016-06-30,14.43,,1391100000.0,184500000,69700000,21500000,,,None,8700000,None,,None,,,,,48200000,42000000,None,None,0.123,,110900000,73600000,,,,,-1300000,,,,,1.202,1.923,1.326,,,,,,,,0.0654,,,2025-11-04,quarterly,1.37,USD,pre-market,0,,0.0516,0.102,0.027,65.04,108000000,,,,74.71,80.0,9.6,,,,,,,673600000,,20.45,,89.21,55.43
2025-12-28,TKR,4.23,4544400000.0,20.45,,1.217,45.0,,,,,,,,,,,,,,,None,500900000,500900000,,,,,,None,32600000,,1.38,0.016,,,,-0.147,0.12,67000000,99600000,1.25,2016-03-31,14.43,,1391100000.0,183100000,94900000,29100000,,,None,8400000,None,,None,,,,,65900000,62900000,None,None,0.123,,127800000,55300000,,,,,300000,,,,,1.202,1.923,1.326,,,,,,,,0.0654,,,2025-11-04,quarterly,1.37,USD,pre-market,0,,0.0516,0.102,0.027,65.04,117300000,,,,74.71,80.0,9.6,,,,,,,684000000,,20.45,,89.21,55.43
2025-12-28,TKR,4.23,4544400000.0,20.45,,1.217,45.0,,,,,,,,,,,,,,,None,518299999,518299999,,,,,,None,33000000,,1.38,0.016,,,,-0.147,0.12,77100000,110100000,1.25,2015-12-31,14.43,,1391100000.0,196100000,-158000000,-122600000,,,None,8400000,None,,None,,,,,-35700000,-35400000,None,None,0.123,,339700000,-143600000,,,,,-5700000,,,,,1.202,1.923,1.326,,,,,,,,0.0654,,,2025-11-04,quarterly,1.37,USD,pre-market,32600000,,0.0516,0.102,0.027,65.04,360800000,,,,74.71,80.0,9.6,,,,,,,714400000,,20.45,,89.21,55.43
2025-12-28,TKR,4.23,4544400000.0,20.45,,1.217,45.0,,,,,,,,,,,,,,,None,512000000,512000000,,,,,,None,32200000,,1.38,0.016,,,,-0.147,0.12,74700000,106900000,1.25,2015-09-30,14.43,,1391100000.0,195400000,57900000,-6600000,,,None,8600000,None,,None,,,,,63400000,64500000,None,None,0.123,,128700000,66700000,,,,,-200000,,,,,1.202,1.923,1.326,,,,,,,,0.0654,,,2025-11-04,quarterly,1.37,USD,pre-market,0,,0.0516,0.102,0.027,65.04,124300000,,,,74.71,80.0,9.6,,,,,,,707400000,,20.45,,89.21,55.43
2025-12-28,TKR,4.23,4544400000.0,20.45,,1.217,45.0,,,,,,,,,,,,,,,None,522900000,522900000,,,,,,None,32100000,,1.38,0.016,,,,-0.147,0.12,79000000,111100000,1.25,2015-06-30,14.43,,1391100000.0,205100000,66599999,28900000,,,None,8400000,None,,None,,,,,36700000,37700000,None,None,0.123,,132200000,72900000,,,,,1800000,,,,,1.202,1.923,1.326,,,,,,,,0.0654,,,2025-11-04,quarterly,1.37,USD,pre-market,0,,0.0516,0.102,0.027,65.04,130500000,,,,74.71,80.0,9.6,,,,,,,728000000,,20.45,,89.21,55.43
2025-12-28,TKR,4.23,4544400000.0,20.45,,1.217,45.0,,,,,,,,,,,,,,,None,520000000,520000000,,,,,,None,33500000,,1.38,0.016,,,,-0.147,0.12,74000000,107500000,1.25,2015-03-31,14.43,,1391100000.0,202500000,-156100000,-21300000,,,None,8000000,None,,None,,,,,-135200000,-134800000,None,None,0.123,,349900000,-147400000,,,,,-700000,,,,,1.202,1.923,1.326,,,,,,,,0.0654,,,2025-11-04,quarterly,1.37,USD,pre-market,0,,0.0516,0.102,0.027,65.04,343700000,,,,74.71,80.0,9.6,,,,,,,722500000,,20.45,,89.21,55.43
2025-12-28,TKR,4.23,4544400000.0,20.45,,1.217,45.0,,,,,,,,,,,,,,,None,521400000,521400000,,,,,,None,28200000,,1.38,0.016,,,,-0.147,0.12,109100000,137300000,1.25,2014-12-31,14.43,,1391100000.0,240800000,42900000,1300000,,,None,8300000,None,,None,,,,,46500000,18100000,None,None,0.123,,190100000,50700000,,,,,1600000,,,,,1.202,1.923,1.326,,,,,,,,0.0654,,,2025-11-04,quarterly,1.37,USD,pre-market,38800000,,0.0516,0.102,0.027,65.04,164700000,,,,74.71,80.0,9.6,,,,,,,762200000,,20.45,,89.21,55.43
2025-12-28,TKR,4.23,4544400000.0,20.45,,1.217,45.0,,,,,,,,,,,,,,,None,562500000,562500000,,,,,,None,30300000,,1.38,0.016,,,,-0.147,0.12,93300000,123600000,1.25,2014-09-30,14.43,,1391100000.0,225500000,-12400000,-2200000,,,None,9100000,None,,None,,,,,-21900000,-10200000,None,None,0.123,,231600000,-6100000,,,,,2800000,,,,,1.202,1.923,1.326,,,,,,,,0.0654,,,2025-11-04,quarterly,1.37,USD,pre-market,0,,0.0516,0.102,0.027,65.04,132200000,,,,74.71,80.0,9.6,,,,,,,788000000,,20.45,,89.21,55.43
2025-12-28,TKR,4.23,4544400000.0,20.45,,1.217,45.0,,,,,,,,,,,,,,,None,555600000,555600000,,,,,,None,33500000,,1.38,0.016,,,,-0.147,0.12,96800000,130300000,1.25,2014-06-30,14.43,,1391100000.0,233600000,85200000,27600000,,,None,5800000,None,,None,,,,,62700000,57600000,None,None,0.123,,142200000,91400000,,,,,-400000,,,,,1.202,1.923,1.326,,,,,,,,0.0654,,,2025-11-04,quarterly,1.37,USD,pre-market,0,,0.0516,0.102,0.027,65.04,136800000,,,,74.71,80.0,9.6,,,,,,,789200000,,20.45,,89.21,55.43
2025-12-28,TKR,4.23,4544400000.0,20.45,,1.217,45.0,,,,,,,,,,,,,,,None,517700000,517700000,,,,,,None,31300000,,1.38,0.016,,,,-0.147,0.12,77300000,108600000,1.25,2014-03-31,14.43,,1391100000.0,219100000,88300000,28000000,,,None,5500000,None,,None,,,,,83500000,83800000,None,None,0.123,,146700000,72400000,,,,,400000,,,,,1.202,1.923,1.326,,,,,,,,0.0654,,,2025-11-04,quarterly,1.37,USD,pre-market,0,,0.0516,0.102,0.027,65.04,142500000,,,,74.71,80.0,9.6,,,,,,,736800000,,20.45,,89.21,55.43
2025-12-28,TKR,4.23,4544400000.0,20.45,,1.217,45.0,,,,,,,,,,,,,,,None,535700000,535700000,,,,,,None,30600000,,1.38,0.016,,,,-0.147,0.12,79800000,110400000,1.25,2013-12-31,14.43,,1391100000.0,213800000,70400000,36600000,,,None,6900000,None,,None,,,,,52600000,52700000,None,None,0.123,,144200000,69600000,,,,,7600000,,,,,1.202,1.923,1.326,,,,,,,,0.0654,,,2025-11-04,quarterly,1.37,USD,pre-market,39300000,,0.0516,0.102,0.027,65.04,154400000,,,,74.71,80.0,9.6,,,,,,,749500000,,20.45,,89.21,55.43
2025-12-28,TKR,4.23,4544400000.0,20.45,,1.217,45.0,,,,,,,,,,,,,,,None,529400000,529400000,,,,,,None,28400000,,1.38,0.016,,,,-0.147,0.12,62600000,91000000,1.25,2013-09-30,14.43,,1391100000.0,202000000,54700000,19900000,,,None,5000000,None,,None,,,,,52200000,52500000,None,None,0.123,,143100000,58900000,,,,,900000,,,,,1.202,1.923,1.326,,,,,,,,0.0654,,,2025-11-04,quarterly,1.37,USD,pre-market,0,,0.0516,0.102,0.027,65.04,159000000,,,,74.71,80.0,9.6,,,,,,,731400000,,20.45,,89.21,55.43
2025-12-28,TKR,4.23,4544400000.0,20.45,,1.217,45.0,,,,,,,,,,,,,,,None,551700000,551700000,,,,,,None,18100000,,1.38,0.016,,,,-0.147,0.12,100200000,118300000,1.25,2013-06-30,14.43,,1391100000.0,239600000,87000000,31600000,,,None,6100000,None,,None,,,,,82800000,82800000,None,None,0.123,,146100000,100200000,,,,,-700000,,,,,1.202,1.923,1.326,,,,,,,,0.0654,,,2025-11-04,quarterly,1.37,USD,pre-market,0,,0.0516,0.102,0.027,65.04,159600000,,,,74.71,80.0,9.6,,,,,,,791300000,,20.45,,89.21,55.43
2025-12-28,TKR,4.23,4544400000.0,20.45,,1.217,45.0,,,,,,,,,,,,,,,None,544300000,544300000,,,,,,None,42200000,,1.38,0.016,,,,-0.147,0.12,85100000,127300000,1.25,2013-03-31,14.43,,1391100000.0,218900000,58900000,26300000,,,None,6400000,None,,None,,,,,75100000,75000000,None,None,0.123,,135000000,62000000,,,,,500000,,,,,1.202,1.923,1.326,,,,,,,,0.0654,,,2025-11-04,quarterly,1.37,USD,pre-market,0,,0.0516,0.102,0.027,65.04,153600000,,,,74.71,80.0,9.6,,,,,,,1089900000,,20.45,,89.21,55.43
2025-12-28,TKR,4.23,4544400000.0,20.45,,1.217,45.0,,,,,,,,,,,,,,,None,793500000,793500000,,,,,,None,43300000,,1.38,0.016,,,,-0.147,0.12,123300000,166600000,1.25,2012-12-31,14.43,,1391100000.0,286800000,104500000,29100000,,,None,7100000,None,,None,,,,,75300000,75400000,None,None,0.123,,74800000,123300000,,,,,-2100000,,,,,1.202,1.923,1.326,,,,,,,,0.0654,,,2025-11-04,quarterly,1.37,USD,pre-market,52600000,,0.0516,0.102,0.027,65.04,163500000,,,,74.71,80.0,9.6,,,,,,,1080300000,,20.45,,89.21,55.43
2025-12-28,TKR,4.23,4544400000.0,20.45,,1.217,45.0,,,,,,,,,,,,,,,None,843600000,843600000,,,,,,None,43000000,,1.38,0.016,,,,-0.147,0.12,146200000,189200000,1.25,2012-09-30,14.43,,1391100000.0,298900000,128100000,47000000,,,None,7300000,None,,None,,,,,80900000,81100000,None,None,0.123,,164100000,134300000,,,,,2000000,,,,,1.202,1.923,1.326,,,,,,,,0.0654,,,2025-11-04,quarterly,1.37,USD,pre-market,0,,0.0516,0.102,0.027,65.04,152700000,,,,74.71,80.0,9.6,,,,,,,1142500000,,20.45,,89.21,55.43
2025-12-28,TKR,4.23,4544400000.0,20.45,,1.217,45.0,,,,,,,,,,,,,,,None,965900000,965900000,,,,,,None,50000000,,1.38,0.016,,,,-0.147,0.12,304000000,354000000,1.25,2012-06-30,14.43,,1391100000.0,377300000,295900000,112500000,,,None,8100000,None,,None,,,,,183600000,183400000,None,None,0.123,,179700000,197600000,,,,,-3100000,,,,,1.202,1.923,1.326,,,,,,,,0.0654,,,2025-11-04,quarterly,1.37,USD,pre-market,0,,0.0516,0.102,0.027,65.04,163000000,,,,74.71,80.0,9.6,,,,,,,1343200000,,20.45,,89.21,55.43
2025-12-28,TKR,4.23,4544400000.0,20.45,,1.217,45.0,,,,,,,,,,,,,,,None,1009400000,1009400000,,,,,,None,49800000,,1.38,0.016,,,,-0.147,0.12,246100000,295900000,1.25,2012-03-31,14.43,,1391100000.0,411600000,237500000,81500000,,,None,8600000,None,,None,,,,,155700000,156000000,None,None,0.123,,164900000,246700000,,,,,-600000,,,,,1.202,1.923,1.326,,,,,,,,0.0654,,,2025-11-04,quarterly,1.37,USD,pre-market,0,,0.0516,0.102,0.027,65.04,164700000,,,,74.71,80.0,9.6,,,,,,,1421000000,,20.45,,89.21,55.43
2025-12-28,TKR,4.23,4544400000.0,20.45,,1.217,45.0,,,,,,,,,,,,,,,None,922100000,922100000,,,,,,None,49600000,,1.38,0.016,,,,-0.147,0.12,168100000,217700000,1.25,2011-12-31,14.43,,1391100000.0,342600000,159500000,51200000,,,None,8600000,None,,None,,,,,109100000,108300000,None,None,0.123,,173000000,169600000,,,,,-1500000,,,,,1.202,1.923,1.326,,,,,,,,0.0654,,,2025-11-04,quarterly,1.37,USD,pre-market,49300000,,0.0516,0.102,0.027,65.04,167100000,,,,74.71,80.0,9.6,,,,,,,1264700000,,20.45,,89.21,55.43
2025-12-28,TKR,4.23,4544400000.0,20.45,,1.217,45.0,,,,,,,,,,,,,,,None,978500000,978500000,,,,,,None,49100000,,1.38,0.016,,,,-0.147,0.12,191400000,240500000,1.25,2011-09-30,14.43,,1391100000.0,343300000,182300000,70100000,,,None,9100000,None,,None,,,,,111000000,112200000,None,None,0.123,,156300000,187000000,,,,,4400000,,,,,1.202,1.923,1.326,,,,,,,,0.0654,,,2025-11-04,quarterly,1.37,USD,pre-market,0,,0.0516,0.102,0.027,65.04,155100000,,,,74.71,80.0,9.6,,,,,,,1321800000,,20.45,,89.21,55.43
2025-12-28,TKR,4.23,4544400000.0,20.45,,1.217,45.0,,,,,,,,,,,,,,,None,979100000,979100000,,,,,,None,46400000,,1.38,0.016,,,,-0.147,0.12,193100000,239500000,1.25,2011-06-30,14.43,,1391100000.0,350500000,183800000,61500000,,,None,9300000,None,,None,,,,,121500000,122300000,None,None,0.123,,159900000,190600000,,,,,2500000,,,,,1.202,1.923,1.326,,,,,,,,0.0654,,,2025-11-04,quarterly,1.37,USD,pre-market,0,,0.0516,0.102,0.027,65.04,153700000,,,,74.71,80.0,9.6,,,,,,,1329600000,,20.45,,89.21,55.43
2025-12-28,TKR,4.23,4544400000.0,20.45,,1.217,45.0,,,,,,,,,,,,,,,None,920800000,920800000,,,,,,None,47400000,,1.38,0.016,,,,-0.147,0.12,181000000,228400000,1.25,2011-03-31,14.43,,1391100000.0,333300000,171200000,57400000,,,None,9800000,None,,None,,,,,112700000,113800000,None,None,0.123,,151400000,181900000,,,,,-900000,,,,,1.202,1.923,1.326,,,,,,,,0.0654,,,2025-11-04,quarterly,1.37,USD,pre-market,0,,0.0516,0.102,0.027,65.04,150300000,,,,74.71,80.0,9.6,,,,,,,1254100000,,20.45,,89.21,55.43
2025-12-28,TKR,4.23,4544400000.0,20.45,,1.217,45.0,,,,,,,,,,,,,,,None,805100000,805100000,,,,,,None,47500000,,1.38,0.016,,,,-0.147,0.12,109400000,156900000,1.25,2010-12-31,14.43,,1391100000.0,265600000,99900000,13300000,,,None,9500000,None,,None,,,,,90300000,0,None,None,0.123,,162100000,103500000,,,,,None,,,,,1.202,1.923,1.326,,,,,,,,0.0654,,,2025-11-04,quarterly,1.37,USD,pre-market,48300000,,0.0516,0.102,0.027,65.04,149800000,,,,74.71,80.0,9.6,,,,,,,1070700000,,20.45,,89.21,55.43
2025-12-28,TKR,4.23,4544400000.0,20.45,,1.217,45.0,,,,,,,,,,,,,,,None,794600000,794600000,,,,,,None,47000000,,1.38,0.016,,,,-0.147,0.12,119900000,166900000,1.25,2010-09-30,14.43,,1391100000.0,265100000,110800000,38600000,,,None,9100000,None,,None,,,,,70300000,72200000,None,None,0.123,,143200000,121900000,,,,,-2000000,,,,,1.202,1.923,1.326,,,,,,,,0.0654,,,2025-11-04,quarterly,1.37,USD,pre-market,0,,0.0516,0.102,0.027,65.04,140300000,,,,74.71,80.0,9.6,,,,,,,1059700000,,20.45,,89.21,55.43
2025-12-28,TKR,4.23,4544400000.0,20.45,,1.217,45.0,,,,,,,,,,,,,,,None,743100000,743100000,,,,,,None,47500000,,1.38,0.016,,,,-0.147,0.12,130200000,177700000,1.25,2010-06-30,14.43,,1391100000.0,268300000,120200000,38200000,,,None,10000000,None,,None,,,,,85600000,82000000,None,None,0.123,,141700000,126600000,,,,,3600000,,,,,1.202,1.923,1.326,,,,,,,,0.0654,,,2025-11-04,quarterly,1.37,USD,pre-market,0,,0.0516,0.102,0.027,65.04,140700000,,,,74.71,80.0,9.6,,,,,,,1011400000,,20.45,,89.21,55.43
2025-12-28,TKR,4.23,4544400000.0,20.45,,1.217,45.0,,,,,,,,,,,,,,,None,691000000,691000000,,,,,,None,47700000,,1.38,0.016,,,,-0.147,0.12,84200000,131900000,1.25,2010-03-31,14.43,,1391100000.0,222700000,74600000,45900000,,,None,9600000,None,,None,,,,,28600000,0,None,None,0.123,,138500000,84200000,,,,,None,,,,,1.202,1.923,1.326,,,,,,,,0.0654,,,2025-11-04,quarterly,1.37,USD,pre-market,0,,0.0516,0.102,0.027,65.04,133057000,,,,74.71,80.0,9.6,,,,,,,913690000,,20.45,,89.21,55.43
2025-12-28,TKR,4.23,4544400000.0,20.45,,1.217,45.0,,,,,,,,,,,,,,,None,601407000,601407000,,,,,,None,50651000,,1.38,0.016,,,,-0.147,0.12,-23695000,26956000,1.25,2009-12-31,14.43,,1391100000.0,173199000,-38390000,-31093000,,,None,14695000,None,,None,,,,,-20186000,0,None,None,0.123,,194085000,-20886000,,,,,None,,,,,1.202,1.923,1.326,,,,,,,,0.0654,,,2025-11-04,quarterly,1.37,USD,pre-market,48300000,,0.0516,0.102,0.027,65.04,114033000,,,,74.71,80.0,9.6,,,,,,,774606000,,20.45,,89.21,55.43
2025-12-28,TKR,4.23,4544400000.0,20.45,,1.217,45.0,,,,,,,,,,,,,,,None,634100000,634100000,,,,,,None,49000000,,1.38,0.016,,,,-0.147,0.12,-1600000,47400000,1.25,2009-09-30,14.43,,1391100000.0,129500000,-11900000,7100000,,,None,10300000,None,,None,,,,,-50200000,0,None,None,0.123,,126900000,2600000,,,,,None,,,,,1.202,1.923,1.326,,,,,,,,0.0654,,,2025-11-04,quarterly,1.37,USD,pre-market,0,,0.0516,0.102,0.027,65.04,107244000,,,,74.71,80.0,9.6,,,,,,,763644000,,20.45,,89.21,55.43
2025-12-28,TKR,4.23,4544400000.0,20.45,,1.217,45.0,,,,,,,,,,,,,,,None,611400000,611400000,,,,,,None,51652000,,1.38,0.016,,,,-0.147,0.12,-52900000,-1248000,1.25,2009-06-30,14.43,,1391100000.0,125400000,-61400000,-23000000,,,None,8500000,None,,None,,,,,-64500000,0,None,None,0.123,,178700000,-53300000,,,,,None,,,,,1.202,1.923,1.326,,,,,,,,0.0654,,,2025-11-04,quarterly,1.37,USD,pre-market,0,,0.0516,0.102,0.027,65.04,142315000,,,,74.71,80.0,9.6,,,,,,,736800000,,20.45,,89.21,55.43
2025-12-28,TKR,4.23,4544400000.0,20.45,,1.217,45.0,,,,,,,,,,,,,,,None,712002000,712002000,,,,,,None,50148000,,1.38,0.016,,,,-0.147,0.12,25787000,75935000,1.25,2009-03-31,14.43,,1391100000.0,154614000,17358000,18793000,,,None,8429000,None,,None,,,,,870000,0,None,None,0.123,,137166000,17448000,,,,,None,,,,,1.202,1.923,1.326,,,,,,,,0.0654,,,2025-11-04,quarterly,1.37,USD,pre-market,0,,0.0516,0.102,0.027,65.04,138996000,,,,74.71,80.0,9.6,,,,,,,866616000,,20.45,,89.21,55.43
2025-12-28,TKR,4.23,4544400000.0,20.45,,1.217,45.0,,,,,,,,,,,,,,,None,1031325000,1031325000,,,,,,None,52909000,,1.38,0.016,,,,-0.147,0.12,-23300000,29609000,1.25,2008-12-31,14.43,,1391100000.0,179432000,-42534000,-6382000,,,None,44934000000,None,,None,,,,,-36151000,0,None,None,0.123,,213150000,-33718000,,,,,None,,,,,1.202,1.923,1.326,,,,,,,,0.0654,,,2025-11-04,quarterly,1.37,USD,pre-market,56500000,,0.0516,0.102,0.027,65.04,156780000,,,,74.71,80.0,9.6,,,,,,,1210757000,,20.45,,89.21,55.43
2025-12-28,TKR,4.23,4544400000.0,20.45,,1.217,45.0,,,,,,,,,,,,,,,None,1075928000000,1075928000000,,,,,,None,37885000,,1.38,0.016,,,,-0.147,0.12,204095000,241980000,1.25,2008-09-30,14.43,,1391100000.0,406756000000,193092000,68121000,,,None,11003000,None,,None,,,,,130413000,0,None,None,0.123,,178870000,202670000,,,,,None,,,,,1.202,1.923,1.326,,,,,,,,0.0654,,,2025-11-04,quarterly,1.37,USD,pre-market,0,,0.0516,0.102,0.027,65.04,193658000,,,,74.71,80.0,9.6,,,,,,,1336352000,,20.45,,89.21,55.43
2025-12-28,TKR,4.23,4544400000.0,20.45,,1.217,45.0,,,,,,,,,,,,,,,None,1191805000,1191805000,,,,,,None,59605000,,1.38,0.016,,,,-0.147,0.12,146148000,205753000,1.25,2008-06-30,14.43,,1391100000.0,343744000,134505000,44584000,,,None,11643000,None,,None,,,,,88943000,0,None,None,0.123,,198410000,145334000,,,,,None,,,,,1.202,1.923,1.326,,,,,,,,0.0654,,,2025-11-04,quarterly,1.37,USD,pre-market,0,,0.0516,0.102,0.027,65.04,196603000,,,,74.71,80.0,9.6,,,,,,,1535549000,,20.45,,89.21,55.43
2025-12-28,TKR,4.23,4544400000.0,20.45,,1.217,45.0,,,,,,,,,,,,,,,None,1123133000,1123133000,,,,,,None,57475000,,1.38,0.016,,,,-0.147,0.12,147588000,205063000,1.25,2008-03-31,14.43,,1391100000.0,311537000,136590000,51240000,,,None,10998000,None,,None,,,,,84465000,0,None,None,0.123,,180814000,130723000,,,,,None,,,,,1.202,1.923,1.326,,,,,,,,0.0654,,,2025-11-04,quarterly,1.37,USD,pre-market,0,,0.0516,0.102,0.027,65.04,177946000,,,,74.71,80.0,9.6,,,,,,,1434670000,,20.45,,89.21,55.43
2025-12-28,TKR,4.23,4544400000.0,20.45,,1.217,45.0,,,,,,,,,,,,,,,None,1085041000,1085041000,,,,,,None,57758000,,1.38,0.016,,,,-0.147,0.12,75486000,133244000,1.25,2007-12-31,14.43,,1391100000.0,255996000,68245000,19954000,,,None,42684000000,None,,None,,,,,48291000,0,None,None,0.123,,188078000,67918000,,,,,None,,,,,1.202,1.923,1.326,,,,,,,,0.0654,,,2025-11-04,quarterly,1.37,USD,pre-market,54300000,,0.0516,0.102,0.027,65.04,180510000,,,,74.71,80.0,9.6,,,,,,,1341037000,,20.45,,89.21,55.43
2025-12-28,TKR,4.23,4544400000.0,20.45,,1.217,45.0,,,,,,,,,,,,,,,None,1010830000,1010830000,,,,,,None,58120000,,1.38,0.016,,,,-0.147,0.12,79568000,137688000,1.25,2007-09-30,14.43,,1391100000.0,250409000,56309000,15066000,,,None,10698000000,None,,None,,,,,41243000,0,None,None,0.123,,182833000,67576000,,,,,None,,,,,1.202,1.923,1.326,,,,,,,,0.0654,,,2025-11-04,quarterly,1.37,USD,pre-market,0,,0.0516,0.102,0.027,65.04,170841000,,,,74.71,80.0,9.6,,,,,,,1261239000,,20.45,,89.21,55.43
2025-12-28,TKR,4.23,4544400000.0,20.45,,1.217,45.0,,,,,,,,,,,,,,,None,1060196000,1060196000,,,,,,None,47975000,,1.38,0.016,,,,-0.147,0.12,109406000,157381000,1.25,2007-06-30,14.43,,1391100000.0,289035000,89717000,34116000,,,None,10080000000,None,,None,,,,,55326000,0,None,None,0.123,,186845000,102190000,,,,,None,,,,,1.202,1.923,1.326,,,,,,,,0.0654,,,2025-11-04,quarterly,1.37,USD,pre-market,0,,0.0516,0.102,0.027,65.04,179629000,,,,74.71,80.0,9.6,,,,,,,1349231000,,20.45,,89.21,55.43
2025-12-28,TKR,4.23,4544400000.0,20.45,,1.217,45.0,,,,,,,,,,,,,,,None,1028494000,1028494000,,,,,,None,54500000,,1.38,0.016,,,,-0.147,0.12,91716000,146216000,1.25,2007-03-31,14.43,,1391100000.0,256019000,67986000,-6268000,,,None,9644000000,None,,None,,,,,75194000,0,None,None,0.123,,178433000,77586000,,,,,None,,,,,1.202,1.923,1.326,,,,,,,,0.0654,,,2025-11-04,quarterly,1.37,USD,pre-market,0,,0.0516,0.102,0.027,65.04,164303000,,,,74.71,80.0,9.6,,,,,,,1284513000,,20.45,,89.21,55.43
2025-12-28,TKR,4.23,4544400000.0,20.45,,1.217,45.0,,,,,,,,,,,,,,,None,808389000,808389000,,,,,,None,45366000,,1.38,0.016,,,,-0.147,0.12,-5878000,39488000,1.25,2006-12-31,14.43,,1391100000.0,156949000,-15898000,-5160000,,,None,49387000000,None,,None,,,,,35350000,0,None,None,0.123,,250817000,-93868000,,,,,None,,,,,1.202,1.923,1.326,,,,,,,,0.0654,,,2025-11-04,quarterly,1.37,USD,pre-market,59900000,,0.0516,0.102,0.027,65.04,162827000,,,,74.71,80.0,9.6,,,,,,,965338000,,20.45,,89.21,55.43
2025-12-28,TKR,4.23,4544400000.0,20.45,,1.217,45.0,,,,,,,,,,,,,,,None,953565000,953565000,,,,,,None,53848000,,1.38,0.016,,,,-0.147,0.12,71718000,125566000,1.25,2006-09-30,14.43,,1391100000.0,232397000,56437000,17749000,,,None,11704000,None,,None,,,,,46547000,0,None,None,0.123,,163361000,69036000,,,,,None,,,,,1.202,1.923,1.326,,,,,,,,0.0654,,,2025-11-04,quarterly,1.37,USD,pre-market,0,,0.0516,0.102,0.027,65.04,163999000,,,,74.71,80.0,9.6,,,,,,,1185962000,,20.45,,89.21,55.43
2025-12-28,TKR,4.23,4544400000.0,20.45,,1.217,45.0,,,,,,,,,,,,,,,None,1008325000,1008325000,,,,,,None,45777000,,1.38,0.016,,,,-0.147,0.12,121340000,167117000,1.25,2006-06-30,14.43,,1391100000.0,293849000,90022000,25134000,,,None,12718000,None,,None,,,,,74691000,0,None,None,0.123,,189949000,103900000,,,,,None,,,,,1.202,1.923,1.326,,,,,,,,0.0654,,,2025-11-04,quarterly,1.37,USD,pre-market,0,,0.0516,0.102,0.027,65.04,176264000,,,,74.71,80.0,9.6,,,,,,,1302174000,,20.45,,89.21,55.43
2025-12-28,TKR,4.23,4544400000.0,20.45,,1.217,45.0,,,,,,,,,,,,,,,None,1059694000000,1059694000000,,,,,,None,51601000,,1.38,0.016,,,,-0.147,0.12,99061000,150662000,1.25,2006-03-31,14.43,,1391100000.0,287386000000,81260000,24166000,,,None,13065000000,None,,None,,,,,65940000,0,None,None,0.123,,171792000,98021000,,,,,None,,,,,1.202,1.923,1.326,,,,,,,,0.0654,,,2025-11-04,quarterly,1.37,USD,pre-market,0,,0.0516,0.102,0.027,65.04,174252000,,,,74.71,80.0,9.6,,,,,,,1254308000,,20.45,,89.21,55.43
2025-12-28,TKR,4.23,4544400000.0,20.45,,1.217,45.0,,,,,,,,,,,,,,,None,1023435000,1023435000,,,,,,None,52896000,,1.38,0.016,,,,-0.147,0.12,84858000,137754000,1.25,2005-12-31,14.43,,1391100000.0,257648000,149285000,54404000,,,None,51585000000,None,,None,,,,,94881000,0,None,None,0.123,,174476000,83172000,,,,,None,,,,,1.202,1.923,1.326,,,,,,,,0.0654,,,2025-11-04,quarterly,1.37,USD,pre-market,52900000,,0.0516,0.102,0.027,65.04,172790000,,,,74.71,80.0,9.6,,,,,,,1281083000,,20.45,,89.21,55.43
2025-12-28,TKR,4.23,4544400000.0,20.45,,1.217,45.0,,,,,,,,,,,,,,,None,1005722000,1005722000,,,,,,None,54455000,,1.38,0.016,,,,-0.147,0.12,89390000,143845000,1.25,2005-09-30,14.43,,1391100000.0,252411000,48698000,8867000,,,None,12842000,None,,None,,,,,39831000,0,None,None,0.123,,187472000,64939000,,,,,None,,,,,1.202,1.923,1.326,,,,,,,,0.0654,,,2025-11-04,quarterly,1.37,USD,pre-market,0,,0.0516,0.102,0.027,65.04,163021000,,,,74.71,80.0,9.6,,,,,,,1258133000,,20.45,,89.21,55.43
2025-12-28,TKR,4.23,4544400000.0,20.45,,1.217,45.0,,,,,,,,,,,,,,,None,3126600000,3126600000,,,,,,None,221800000,,1.38,0.016,,,,-0.147,0.12,612500000,834300000,1.25,2024-12-31,14.43,,1391100000.0,1446400000,494200000,118900000,,,None,125100000,14900000,,None,,,,,352700000,375300000,-110200000,None,0.123,,835300000,611100000,,,,,None,,,,,1.202,1.923,1.326,,,,,,,,0.0654,,,2025-11-04,annual,1.37,USD,pre-market,None,,0.0516,0.102,0.027,65.04,752000000,,,,74.71,80.0,9.6,,,,,,,4573000000,,20.45,,89.21,55.43
2025-12-28,TKR,4.23,4544400000.0,20.45,,1.217,45.0,,,,,,,,,,,,,,,None,3318100000,3318100000,,,,,,None,201300000,,1.38,0.016,,,,-0.147,0.12,657100000,657100000,1.25,2023-12-31,14.43,,1391100000.0,4769000000,530500000,122500000,,,None,101400000,7100000,,None,,,,,408000000,445200000,-95500000,None,0.123,,740800000,657100000,,,,,None,,,,,1.202,1.923,1.326,,,,,,,,0.0654,,,2025-11-04,annual,1.37,USD,pre-market,None,,0.0516,0.102,0.027,65.04,714100000,,,,74.71,80.0,9.6,,,,,,,4769000000,,20.45,,89.21,55.43
2025-12-28,TKR,4.23,4544400000.0,20.45,,1.217,45.0,,,,,,,,,,,,,,,None,3153700000,3153700000,,,,,,None,164000000,,1.38,0.016,,,,-0.147,0.12,674200000,838200000,1.25,2022-12-31,14.43,,1391100000.0,1343000000,550900000,133900000,,,None,74600000,70800000,,None,,,,,407400000,417000000,-70800000,None,0.123,,736100000,606900000,,,,,9300000,,,,,1.202,1.923,1.326,,,,,,,,0.0654,,,2025-11-04,annual,1.37,USD,pre-market,None,,0.0516,0.102,0.027,65.04,637100000,,,,74.71,80.0,9.6,,,,,,,4496700000,,20.45,,89.21,55.43
2025-12-28,TKR,4.23,4544400000.0,20.45,,1.217,45.0,,,,,,,,,,,,,,,None,2977400000,2977400000,,,,,,None,167000000,,1.38,0.016,,,,-0.147,0.12,546800000,713800000,1.25,2021-12-31,14.43,,1391100000.0,1155500000,476600000,95100000,,,None,58800000,56500000,,None,,,,,369100000,381500000,-56500000,None,0.123,,642399999,513100000,,,,,4000000,,,,,1.202,1.923,1.326,,,,,,,,0.0654,,,2025-11-04,annual,1.37,USD,pre-market,None,,0.0516,0.102,0.027,65.04,580500000,,,,74.71,80.0,9.6,,,,,,,4132899999,,20.45,,89.21,55.43
2025-12-28,TKR,4.23,4544400000.0,20.45,,1.217,45.0,,,,,,,,,,,,,,,None,2495500000,2495500000,,,,,,None,164000000,,1.38,0.016,,,,-0.147,0.12,497700000,661700000,1.25,2020-12-31,14.43,,1391100000.0,1017700000,396300000,103900000,,,None,67600000,63900000,,None,,,,,284500000,292400000,-63900000,None,0.123,,562800000,454900000,,,,,13700000,,,,,1.202,1.923,1.326,,,,,,,,0.0654,,,2025-11-04,annual,1.37,USD,pre-market,None,,0.0516,0.102,0.027,65.04,533000000,,,,74.71,80.0,9.6,,,,,,,3513200000,,20.45,,89.21,55.43
2025-12-28,TKR,4.23,4544400000.0,20.45,,1.217,45.0,,,,,,,,,,,,,,,None,2645100000,2645100000,,,,,,None,159900000,,1.38,0.016,,,,-0.147,0.12,532300000,692200000,1.25,2019-12-31,14.43,,1391100000.0,1144800000,472400000,97700000,,,None,72100000,4900000,,None,,,,,362100000,374700000,-67200000,None,0.123,,628400000,516400000,,,,,17900000,,,,,1.202,1.923,1.326,,,,,,,,0.0654,,,2025-11-04,annual,1.37,USD,pre-market,41400000,,0.0516,0.102,0.027,65.04,618600000,,,,74.71,80.0,9.6,,,,,,,3789900000,,20.45,,89.21,55.43
2025-12-28,TKR,4.23,4544400000.0,20.45,,1.217,45.0,,,,,,,,,,,,,,,None,2540700000,2540700000,,,,,,None,146000000,,1.38,0.016,,,,-0.147,0.12,466000000,612000000,1.25,2018-12-31,14.43,,1391100000.0,1040099999,408100000,102600000,,,None,51700000,2100000,,None,,,,,302800000,305500000,-49600000,None,0.123,,585600000,454500000,,,,,11500000,,,,,1.202,1.923,1.326,,,,,,,,0.0654,,,2025-11-04,annual,1.37,USD,pre-market,37300000,,0.0516,0.102,0.027,65.04,580700000,,,,74.71,80.0,9.6,,,,,,,3580800000,,20.45,,89.21,55.43
2025-12-28,TKR,4.23,4544400000.0,20.45,,1.217,45.0,,,,,,,,,,,,,,,None,2191700000,2191700000,,,,,,None,137700000,,1.38,0.016,,,,-0.147,0.12,288800000,426500000,1.25,2017-12-31,14.43,,1391100000.0,812100000,259899999,57600000,,,None,37100000,2900000,,None,,,,,203400000,202300000,-34200000,None,0.123,,512600000,299500000,,,,,12300000,,,,,1.202,1.923,1.326,,,,,,,,0.0654,,,2025-11-04,annual,1.37,USD,pre-market,35300000,,0.0516,0.102,0.027,65.04,521400000,,,,74.71,80.0,9.6,,,,,,,3003800000,,20.45,,89.21,55.43
2025-12-28,TKR,4.23,4544400000.0,20.45,,1.217,45.0,,,,,,,,,,,,,,,None,1963500000,1963500000,,,,,,None,131700000,,1.38,0.016,,,,-0.147,0.12,196200000,327900000,1.25,2016-12-31,14.43,,1391100000.0,706300000,201600000,60500000,,,None,33500000,1900000,,None,,,,,140800000,152900000,-31600000,None,0.123,,461900000,244400000,,,,,1000000,,,,,1.202,1.923,1.326,,,,,,,,0.0654,,,2025-11-04,annual,1.37,USD,pre-market,31800000,,0.0516,0.102,0.027,65.04,478100000,,,,74.71,80.0,9.6,,,,,,,2669800000,,20.45,,89.21,55.43
2025-12-28,TKR,4.23,4544400000.0,20.45,,1.217,45.0,,,,,,,,,,,,,,,None,2049199999,2049199999,,,,,,None,130800000,,1.38,0.016,,,,-0.147,0.12,365400000,496200000,1.25,2015-12-31,14.43,,1391100000.0,823100000,217700000,26300000,,,None,33400000,30700000,,None,,,,,188600000,-68000000,None,None,0.123,,567200000,255900000,,,,,-4800000,,,,,1.202,1.923,1.326,,,,,,,,0.0654,,,2025-11-04,annual,1.37,USD,pre-market,32600000,,0.0516,0.102,0.027,65.04,577600000,,,,74.71,80.0,9.6,,,,,,,2872300000,,20.45,,89.21,55.43
2025-12-28,TKR,4.23,4544400000.0,20.45,,1.217,45.0,,,,,,,,,,,,,,,None,2155900000,2155900000,,,,,,None,136999999,,1.38,0.016,,,,-0.147,0.12,377800000,514799999,1.25,2014-12-31,14.43,,1391100000.0,920300000,204000000,54700000,,,None,28700000,None,,None,,,,,170800000,149300000,None,None,0.123,,711900000,208400000,,,,,4400000,,,,,1.202,1.923,1.326,,,,,,,,0.0654,,,2025-11-04,annual,1.37,USD,pre-market,38800000,,0.0516,0.102,0.027,65.04,576200000,,,,74.71,80.0,9.6,,,,,,,3076200000,,20.45,,89.21,55.43
2025-12-28,TKR,4.23,4544400000.0,20.45,,1.217,45.0,,,,,,,,,,,,,,,None,2161100000,2161100000,,,,,,None,119300000,,1.38,0.016,,,,-0.147,0.12,327700000,447000000,1.25,2013-12-31,14.43,,1391100000.0,874300000,290100000,114600000,,,None,24400000,None,,None,,,,,262700000,263000000,None,None,0.123,,568400000,305900000,,,,,8300000,,,,,1.202,1.923,1.326,,,,,,,,0.0654,,,2025-11-04,annual,1.37,USD,pre-market,39300000,,0.0516,0.102,0.027,65.04,553800000,,,,74.71,80.0,9.6,,,,,,,3035400000,,20.45,,89.21,55.43
2025-12-28,TKR,4.23,4544400000.0,20.45,,1.217,45.0,,,,,,,,,,,,,,,None,2323200000,2323200000,,,,,,None,128100000,,1.38,0.016,,,,-0.147,0.12,481800000,609900000,1.25,2012-12-31,14.43,,1391100000.0,1036300000,517799999,186300000,,,None,31100000,None,,None,,,,,495500000,495900000,None,None,0.123,,490299999,481800000,,,,,-3800000,,,,,1.202,1.923,1.326,,,,,,,,0.0654,,,2025-11-04,annual,1.37,USD,pre-market,45700000,,0.0516,0.102,0.027,65.04,554500000,,,,74.71,80.0,9.6,,,,,,,3359500000,,20.45,,89.21,55.43
2025-12-28,TKR,4.23,4544400000.0,20.45,,1.217,45.0,,,,,,,,,,,,,,,None,3800500000,3800500000,,,,,,None,192500000,,1.38,0.016,,,,-0.147,0.12,733600000,926100000,1.25,2011-12-31,14.43,,1391100000.0,1369700000,696800000,240200000,,,None,36800000,None,,None,,,,,454300000,456600000,None,None,0.123,,640600000,729100000,,,,,4500000,,,,,1.202,1.923,1.326,,,,,,,,0.0654,,,2025-11-04,annual,1.37,USD,pre-market,49300000,,0.0516,0.102,0.027,65.04,626200000,,,,74.71,80.0,9.6,,,,,,,5170200000,,20.45,,89.21,55.43
2025-12-28,TKR,4.23,4544400000.0,20.45,,1.217,45.0,,,,,,,,,,,,,,,None,3033800000,3033800000,,,,,,None,189700000,,1.38,0.016,,,,-0.147,0.12,443700000,633400000,1.25,2010-12-31,14.43,,1391100000.0,1021700000,405500000,136000000,,,None,38200000,None,,None,,,,,274800000,269500000,None,None,0.123,,585500000,436200000,,,,,5500000,,,,,1.202,1.923,1.326,,,,,,,,0.0654,,,2025-11-04,annual,1.37,USD,pre-market,48300000,,0.0516,0.102,0.027,65.04,563800000,,,,74.71,80.0,9.6,,,,,,,4055500000,,20.45,,89.21,55.43
2025-12-28,TKR,4.23,4544400000.0,20.45,,1.217,45.0,,,,,,,,,,,,,,,None,2558900000,2558900000,,,,,,None,201500000,,1.38,0.016,,,,-0.147,0.12,-52300000,149200000,1.25,2009-12-31,14.43,,1391100000.0,582700000,-94200000,-28200000,,,None,41900000,None,,None,,,,,-134000000,None,None,None,0.123,,636800000,-54100000,,,,,None,,,,,1.202,1.923,1.326,,,,,,,,0.0654,,,2025-11-04,annual,1.37,USD,pre-market,48300000,,0.0516,0.102,0.027,65.04,472732000,,,,74.71,80.0,9.6,,,,,,,3141627000,,20.45,,89.21,55.43
2025-12-28,TKR,4.23,4544400000.0,20.45,,1.217,45.0,,,,,,,,,,,,,,,None,4422191000000,4422191000000,,,,,,None,200799000,,1.38,0.016,,,,-0.147,0.12,483988000,684787000,1.25,2008-12-31,14.43,,1391100000.0,1241469000000,425596000000,157926000,,,None,44401000,None,,None,,,,,267670000,None,None,None,0.123,,689914000,452107000000,,,,,None,,,,,1.202,1.923,1.326,,,,,,,,0.0654,,,2025-11-04,annual,1.37,USD,pre-market,56500000,,0.0516,0.102,0.027,65.04,724987000,,,,74.71,80.0,9.6,,,,,,,5663660000,,20.45,,89.21,55.43
2025-12-28,TKR,4.23,4544400000.0,20.45,,1.217,45.0,,,,,,,,,,,,,,,None,4182186000,4182186000,,,,,,None,218353000,,1.38,0.016,,,,-0.147,0.12,358551000,576904000,1.25,2007-12-31,14.43,,1391100000.0,1053834000,282257000,62868000,,,None,42684000000,None,,None,,,,,220054000,None,None,None,0.123,,736189000,317645000,,,,,None,,,,,1.202,1.923,1.326,,,,,,,,0.0654,,,2025-11-04,annual,1.37,USD,pre-market,54300000,,0.0516,0.102,0.027,65.04,695283000,,,,74.71,80.0,9.6,,,,,,,5236020000,,20.45,,89.21,55.43
2025-12-28,TKR,4.23,4544400000.0,20.45,,1.217,45.0,,,,,,,,,,,,,,,None,3967521000,3967521000,,,,,,None,196592000,,1.38,0.016,,,,-0.147,0.12,328502000,525094000,1.25,2006-12-31,14.43,,1391100000.0,1005844000,254234000,77795000,,,None,49387000000,None,,None,,,,,222527000,None,None,None,0.123,,786494000,219350000,,,,,None,,,,,1.202,1.923,1.326,,,,,,,,0.0654,,,2025-11-04,annual,1.37,USD,pre-market,59900000,,0.0516,0.102,0.027,65.04,677342000,,,,74.71,80.0,9.6,,,,,,,4973365000,,20.45,,89.21,55.43
2025-12-28,TKR,4.23,4544400000.0,20.45,,1.217,45.0,,,,,,,,,,,,,,,None,3823210000,3823210000,,,,,,None,209656000,,1.38,0.016,,,,-0.147,0.12,353053000,562709000,1.25,2005-12-31,14.43,,1391100000.0,999957000,346538000,112882000,,,None,51585000000,None,,None,,,,,260281000,None,None,None,0.123,,672997000,326960000,,,,,None,,,,,1.202,1.923,1.326,,,,,,,,0.0654,,,2025-11-04,annual,1.37,USD,pre-market,52900000,,0.0516,0.102,0.027,65.04,661592000,,,,74.71,80.0,9.6,,,,,,,4823167000,,20.45,,89.21,55.43
2025-12-28,TKR,4.23,4544400000.0,20.45,None,1.217,45.0,,127100000,449100000,449100000,,,,,,,,,40700000,70000000,None,3823210000,3823210000,345300000,None,21400000,916600000,None,None,209656000,,1.38,0.016,,,,-0.147,0.12,353053000,562709000,1.25,2025-09-30,14.43,1483600000,1391100000.0,999957000,346538000,112882000,1021600000,1021600000,None,51585000000,None,1225900000,None,None,2091400000,None,None,260281000,None,None,None,0.123,,672997000,326960000,140400000,374500000,None,104200000,None,,,,,1.202,1.923,1.326,,,,,,,,0.0654,,1482000000,2025-11-04,quarterly,1.37,USD,pre-market,52900000,2641000000,0.0516,0.102,0.027,65.04,661592000,2239900000,54100000,20400000,74.71,80.0,9.6,6801900000,2732000000,879200000,3505100000,4069900000,2625900000,4823167000,3134700000,20.45,None,89.21,55.43
2025-12-28,TKR,4.23,4544400000.0,20.45,None,1.217,45.0,,118100000,419300000,419300000,,,,,,,,,40700000,70284000,None,3823210000,3823210000,347000000,None,58700000,938800000,None,None,209656000,,1.38,0.016,,,,-0.147,0.12,353053000,562709000,1.25,2025-06-30,14.43,1488000000,1391100000.0,999957000,346538000,112882000,1043400000,1043400000,None,51585000000,None,1222100000,None,None,2139600000,None,None,260281000,None,None,None,0.123,,672997000,326960000,139500000,335300000,None,102200000,None,,,,,1.202,1.923,1.326,,,,,,,,0.0654,,1483800000,2025-11-04,quarterly,1.37,USD,pre-market,52900000,2596100000,0.0516,0.102,0.027,65.04,661592000,2316400000,91100000,11400000,74.71,80.0,9.6,6813900000,2719700000,869700000,3541100000,4094200000,2671400000,4823167000,3094700000,20.45,None,89.21,55.43
2025-12-28,TKR,4.23,4544400000.0,20.45,None,1.217,45.0,,121200000,376100000,376100000,,,,,,,,,40700000,70514000,None,3823210000,3823210000,338500000,None,21700000,903600000,None,None,209656000,,1.38,0.016,,,,-0.147,0.12,353053000,562709000,1.25,2025-03-31,14.43,1417000000,1391100000.0,999957000,346538000,112882000,1011700000,1011700000,None,51585000000,None,1196400000,None,None,2105400000,None,None,260281000,None,None,None,0.123,,672997000,326960000,140700000,364000000,None,111100000,None,,,,,1.202,1.923,1.326,,,,,,,,0.0654,,1453100000,2025-11-04,quarterly,1.37,USD,pre-market,52900000,2542000000,0.0516,0.102,0.027,65.04,661592000,2248300000,54100000,15200000,74.71,80.0,9.6,6570400000,2616800000,831700000,3481400000,3953600000,2649700000,4823167000,2917700000,20.45,None,89.21,55.43
2025-12-28,TKR,4.23,4544400000.0,20.45,None,1.217,45.0,,116000000,373200000,373200000,,,,,,,,,40700000,70626000,None,3823210000,3823210000,321700000,None,13000000,805400000,None,None,209656000,,1.38,0.016,,,,-0.147,0.12,353053000,562709000,1.25,2024-12-31,14.43,1383300000,1391100000.0,999957000,346538000,112882000,1006500000,1006500000,None,51585000000,None,1195600000,None,None,2049700000,None,None,260281000,None,None,None,0.123,,672997000,326960000,142700000,362200000,None,110200000,None,,,,,1.202,1.923,1.326,,,,,,,,0.0654,,1437500000,2025-11-04,quarterly,1.37,USD,pre-market,52900000,2488800000,0.0516,0.102,0.027,65.04,661592000,2178700000,45000000,15900000,74.71,80.0,9.6,6411000000,2516900000,820500000,3426900000,3894100000,2606400000,4823167000,2826500000,20.45,None,89.21,55.43
2025-12-28,TKR,4.23,4544400000.0,20.45,None,1.217,45.0,,105100000,412700000,412700000,,,,,,,,,40700000,70849000,None,3823210000,3823210000,344600000,None,49700000,924600000,None,None,209656000,,1.38,0.016,,,,-0.147,0.12,353053000,562709000,1.25,2024-09-30,14.43,1465500000,1391100000.0,999957000,346538000,112882000,1059500000,1059500000,None,51585000000,None,1255300000,None,None,2189200000,None,None,260281000,None,None,None,0.123,,672997000,326960000,139300000,395300000,None,112500000,None,,,,,1.202,1.923,1.326,,,,,,,,0.0654,,1434500000,2025-11-04,quarterly,1.37,USD,pre-market,52900000,2441500000,0.0516,0.102,0.027,65.04,661592000,2344000000,79300000,15100000,74.71,80.0,9.6,6767400000,2731900000,910300000,3676700000,4035500000,2766400000,4823167000,2933300000,20.45,None,89.21,55.43
2025-12-28,TKR,4.23,4544400000.0,20.45,None,1.217,45.0,,105100000,469900000,469900000,,,,,,,,,40700000,70849254,None,3823210000,3823210000,369600000,None,46500000,937900000,None,None,209656000,,1.38,0.016,,,,-0.147,0.12,353053000,562709000,1.25,2024-06-30,14.43,1349700000,1391100000.0,999957000,346538000,112882000,967700000,967700000,None,51585000000,None,1233300000,None,None,2129900000,None,None,260281000,None,None,None,0.123,,672997000,326960000,132000000,346400000,None,104600000,None,,,,,1.202,1.923,1.326,,,,,,,,0.0654,,None,2025-11-04,quarterly,1.37,USD,pre-market,52900000,2383500000,0.0516,0.102,0.027,65.04,661592000,2281500000,73600000,10200000,74.71,80.0,9.6,6575900000,2773100000,940700000,3625800000,3802800000,2685100000,4823167000,2796800000,20.45,None,89.21,55.43
2025-12-28,TKR,4.23,4544400000.0,20.45,None,1.217,45.0,,108000000,421900000,421900000,,,,,,,,,40700000,70880015,None,3823210000,3823210000,373000000,None,601900000,905200000,None,None,209656000,,1.38,0.016,,,,-0.147,0.12,353053000,562709000,1.25,2024-03-31,14.43,1352900000,1391100000.0,999957000,346538000,112882000,990100000,990100000,None,51585000000,None,1231200000,None,None,1797900000,None,None,260281000,None,None,None,0.123,,672997000,326960000,142300000,341200000,None,108100000,None,,,,,1.202,1.923,1.326,,,,,,,,0.0654,,None,2025-11-04,quarterly,1.37,USD,pre-market,52900000,2311200000,0.0516,0.102,0.027,65.04,661592000,2507800000,627700000,11400000,74.71,80.0,9.6,6544000000,2700600000,1442700000,3809000000,3843400000,2366300000,4823167000,2608300000,20.45,None,89.21,55.43
2025-12-28,TKR,4.23,4544400000.0,20.45,None,1.217,45.0,,104600000,419300000,419300000,,,,,,,,,40700000,70932017,None,3823210000,3823210000,367200000,None,605600000,816200000,None,None,209656000,,1.38,0.016,,,,-0.147,0.12,353053000,562709000,1.25,2023-12-31,14.43,1369600000,1391100000.0,999957000,346538000,112882000,1031400000,1031400000,None,51585000000,None,1229100000,None,None,1790300000,None,None,260281000,None,None,None,0.123,,672997000,326960000,138700000,407300000,None,110000000,None,,,,,1.202,1.923,1.326,,,,,,,,0.0654,,None,2025-11-04,quarterly,1.37,USD,pre-market,52900000,2232200000,0.0516,0.102,0.027,65.04,661592000,2500500000,631500000,31600000,74.71,80.0,9.6,6541700000,2634900000,1471300000,3839300000,3906800000,2368000000,4823167000,2582400000,20.45,None,89.21,55.43
2025-12-28,TKR,4.23,4544400000.0,20.45,None,1.217,45.0,,72700000,367900000,367900000,,,,,,,,,40700000,71535609,None,3823210000,3823210000,344200000,None,598400000,842600000,None,None,209656000,,1.38,0.016,,,,-0.147,0.12,353053000,562709000,1.25,2023-09-30,14.43,1257600000,1391100000.0,999957000,346538000,112882000,935300000,935300000,None,51585000000,None,1202400000,None,None,1601600000,None,None,260281000,None,None,None,0.123,,672997000,326960000,194000000,411900000,None,290700000,None,,,,,1.202,1.923,1.326,,,,,,,,0.0654,,1358700000,2025-11-04,quarterly,1.37,USD,pre-market,52900000,2196700000,0.0516,0.102,0.027,65.04,661592000,2296600000,622300000,41800000,74.71,80.0,9.6,6244700000,2606900000,1503900000,3647600000,3637800000,2143700000,4823167000,2477800000,20.45,None,89.21,55.43
2025-12-28,TKR,4.23,4544400000.0,20.45,None,1.217,45.0,,70300000,344300000,344300000,,,,,,,,,40700000,72512991,None,3823210000,3823210000,392200000,None,53200000,933700000,None,None,209656000,,1.38,0.016,,,,-0.147,0.12,353053000,562709000,1.25,2023-06-30,14.43,1198400000,1391100000.0,999957000,346538000,112882000,876100000,876100000,None,51585000000,None,1251700000,None,None,2046500000,None,None,260281000,None,None,None,0.123,,672997000,326960000,181100000,394900000,None,365100000,None,,,,,1.202,1.923,1.326,,,,,,,,0.0654,,1255500000,2025-11-04,quarterly,1.37,USD,pre-market,52900000,2132200000,0.0516,0.102,0.027,65.04,661592000,2194700000,77900000,38200000,74.71,80.0,9.6,6251300000,2710800000,1022400000,3601300000,3540500000,2578900000,4823167000,2531300000,20.45,None,89.21,55.43
2025-12-28,TKR,4.23,4544400000.0,20.45,None,1.217,45.0,,67600000,330500000,330500000,,,,,,,,,40700000,73360854,None,3823210000,3823210000,390500000,None,48600000,873200000,None,None,209656000,,1.38,0.016,,,,-0.147,0.12,353053000,562709000,1.25,2023-03-31,14.43,1075800000,1391100000.0,999957000,346538000,112882000,755300000,755300000,None,51585000000,None,1209400000,None,None,1978800000,None,None,260281000,None,None,None,0.123,,672997000,326960000,179200000,376900000,None,238700000,None,,,,,1.202,1.923,1.326,,,,,,,,0.0654,,1228500000,2025-11-04,quarterly,1.37,USD,pre-market,52900000,2030800000,0.0516,0.102,0.027,65.04,661592000,2120300000,73900000,38600000,74.71,80.0,9.6,5853000000,2592300000,940000000,3416700000,3260700000,2476700000,4823167000,2348000000,20.45,-420000000,89.21,55.43
2025-12-28,TKR,4.23,4544400000.0,20.45,None,1.217,45.0,,65200000,331600000,331600000,,,,,,,,,40700000,73578675,None,3823210000,3823210000,403900000,None,49000000,803500000,None,None,209656000,,1.38,0.016,,,,-0.147,0.12,353053000,562709000,1.25,2022-12-31,14.43,1098300000,1391100000.0,999957000,346538000,112882000,765300000,765300000,None,51585000000,None,1191300000,None,None,1914200000,None,None,260281000,None,None,None,0.123,,672997000,326960000,177600000,411100000,None,236000000,None,,,,,1.202,1.923,1.326,,,,,,,,0.0654,,1308800000,2025-11-04,quarterly,1.37,USD,pre-market,52900000,1932100000,0.0516,0.102,0.027,65.04,661592000,2052500000,73100000,39200000,74.71,80.0,9.6,5772400000,2504000000,1012400000,3419500000,3268400000,2407100000,4823167000,2268300000,20.45,None,89.21,55.43
2025-12-28,TKR,4.23,4544400000.0,20.45,None,1.217,45.0,,89300000,300900000,300900000,,,,,,,,,40700000,73866743,None,3823210000,3823210000,373400000,None,371800000,819100000,None,None,209656000,,1.38,0.016,,,,-0.147,0.12,353053000,562709000,1.25,2022-09-30,14.43,979100000,1391100000.0,999957000,346538000,112882000,594700000,594700000,None,51585000000,None,1132600000,None,None,1411300000,None,None,260281000,None,None,None,0.123,,672997000,326960000,200900000,396000000,None,368800000,None,,,,,1.202,1.923,1.326,,,,,,,,0.0654,,1171400000,2025-11-04,quarterly,1.37,USD,pre-market,52900000,1857400000,0.0516,0.102,0.027,65.04,661592000,1872400000,394000000,24700000,74.71,80.0,9.6,5281900000,2453500000,1209000000,3103100000,2828400000,1894100000,4823167000,2093600000,20.45,-332700000,89.21,55.43
2025-12-28,TKR,4.23,4544400000.0,20.45,None,1.217,45.0,,70800000,305300000,305300000,,,,,,,,,40700000,74182793,None,3823210000,3823210000,397200000,None,81600000,863600000,None,None,209656000,,1.38,0.016,,,,-0.147,0.12,353053000,562709000,1.25,2022-06-30,14.43,1015100000,1391100000.0,999957000,346538000,112882000,648100000,648100000,None,51585000000,None,1158000000,None,None,1734300000,None,None,260281000,None,None,None,0.123,,672997000,326960000,153500000,361900000,None,378000000,None,,,,,1.202,1.923,1.326,,,,,,,,0.0654,,1205200000,2025-11-04,quarterly,1.37,USD,pre-market,52900000,1793200000,0.0516,0.102,0.027,65.04,661592000,1910900000,105800000,30600000,74.71,80.0,9.6,5442500000,2480400000,920500000,3153300000,2962100000,2232800000,4823167000,2203600000,20.45,-278500000,89.21,55.43
2025-12-28,TKR,4.23,4544400000.0,20.45,None,1.217,45.0,,76500000,424500000,424500000,,,,,,,,,40700000,75545665,None,3823210000,3823210000,416100000,None,41000000,832400000,None,None,209656000,,1.38,0.016,,,,-0.147,0.12,353053000,562709000,1.25,2022-03-31,14.43,1010400000,1391100000.0,999957000,346538000,112882000,648600000,648600000,None,51585000000,None,1112600000,None,None,1747200000,None,None,260281000,None,None,None,0.123,,672997000,326960000,178800000,353400000,None,368200000,None,,,,,1.202,1.923,1.326,,,,,,,,0.0654,,1039900000,2025-11-04,quarterly,1.37,USD,pre-market,52900000,1711100000,0.0516,0.102,0.027,65.04,661592000,1890400000,66700000,57800000,74.71,80.0,9.6,5458500000,2548300000,866200000,3103500000,2910200000,2237300000,4823167000,2271100000,20.45,-233600000,89.21,55.43
2025-12-28,TKR,4.23,4544400000.0,20.45,None,1.217,45.0,,77600000,257100000,257100000,,,,,,,,,40700000,76594491,None,3823210000,3823210000,430000000,None,53800000,730900000,None,None,209656000,,1.38,0.016,,,,-0.147,0.12,353053000,562709000,1.25,2021-12-31,14.43,1022700000,1391100000.0,999957000,346538000,112882000,668800000,668800000,None,51585000000,None,1042700000,None,None,1411100000,None,None,260281000,None,None,None,0.123,,672997000,326960000,182800000,340600000,None,206300000,None,,,,,1.202,1.923,1.326,,,,,,,,0.0654,,1174200000,2025-11-04,quarterly,1.37,USD,pre-market,52900000,1616400000,0.0516,0.102,0.027,65.04,661592000,1568700000,80000000,56900000,74.71,80.0,9.6,5170700000,2213500000,896600000,2793000000,2957200000,1896400000,4823167000,2294900000,20.45,-126100000,89.21,55.43
2025-12-28,TKR,4.23,4544400000.0,20.45,None,1.217,45.0,,94200000,261800000,261800000,,,,,,,,,40700000,77023973,None,3823210000,3823210000,406200000,None,39000000,785900000,None,None,209656000,,1.38,0.016,,,,-0.147,0.12,353053000,562709000,1.25,2021-09-30,14.43,1029400000,1391100000.0,999957000,346538000,112882000,685000000,685000000,None,51585000000,None,974100000,None,None,1417000000,None,None,260281000,None,None,None,0.123,,672997000,326960000,173600000,349500000,None,94300000,None,,,,,1.202,1.923,1.326,,,,,,,,0.0654,,1145100000,2025-11-04,quarterly,1.37,USD,pre-market,52900000,1576200000,0.0516,0.102,0.027,65.04,661592000,1550200000,64700000,43600000,74.71,80.0,9.6,5145600000,2195400000,846000000,2769200000,2950200000,1923200000,4823167000,2296900000,20.45,-89400000,89.21,55.43
2025-12-28,TKR,4.23,4544400000.0,20.45,None,1.217,45.0,,99500000,305500000,305500000,,,,,,,,,40700000,77254157,None,3823210000,3823210000,385100000,None,87100000,804800000,None,None,209656000,,1.38,0.016,,,,-0.147,0.12,353053000,562709000,1.25,2021-06-30,14.43,1034800000,1391100000.0,999957000,346538000,112882000,704200000,704200000,None,51585000000,None,919500000,None,None,1424300000,None,None,260281000,None,None,None,0.123,,672997000,326960000,165200000,333300000,None,97800000,None,,,,,1.202,1.923,1.326,,,,,,,,0.0654,,1140400000,2025-11-04,quarterly,1.37,USD,pre-market,52900000,1510900000,0.0516,0.102,0.027,65.04,661592000,1610900000,114100000,52000000,74.71,80.0,9.6,5166200000,2195000000,857300000,2798900000,2971200000,1941600000,4823167000,2290900000,20.45,-59100000,89.21,55.43
2025-12-28,TKR,4.23,4544400000.0,20.45,None,1.217,45.0,,97100000,302300000,302300000,,,,,,,,,40700000,77264641,None,3823210000,3823210000,362600000,None,178300000,825600000,None,None,209656000,,1.38,0.016,,,,-0.147,0.12,353053000,562709000,1.25,2021-03-31,14.43,1028400000,1391100000.0,999957000,346538000,112882000,712600000,712600000,None,51585000000,None,864800000,None,None,1423700000,None,None,260281000,None,None,None,0.123,,672997000,326960000,150900000,324800000,None,377300000,None,,,,,1.202,1.923,1.326,,,,,,,,0.0654,,1020600000,2025-11-04,quarterly,1.37,USD,pre-market,52900000,1429000000,0.0516,0.102,0.027,65.04,661592000,1699100000,204500000,47200000,74.71,80.0,9.6,5106200000,2143600000,916800000,2856100000,2962600000,1939300000,4823167000,2175500000,20.45,-53400000,89.21,55.43
2025-12-28,TKR,4.23,4544400000.0,20.45,None,1.217,45.0,,102700000,320300000,320300000,,,,,,,,,40700000,77177124,None,3823210000,3823210000,351400000,None,130700000,692000000,None,None,209656000,,1.38,0.016,,,,-0.147,0.12,353053000,562709000,1.25,2020-12-31,14.43,1047600000,1391100000.0,999957000,346538000,112882000,741400000,741400000,None,51585000000,None,841300000,None,None,1433900000,None,None,260281000,None,None,None,0.123,,672997000,326960000,109100000,143600000,None,385800000,None,,,,,1.202,1.923,1.326,,,,,,,,0.0654,,1153800000,2025-11-04,quarterly,1.37,USD,pre-market,52900000,1339500000,0.0516,0.102,0.027,65.04,661592000,1694500000,185100000,37600000,74.71,80.0,9.6,5041600000,2000300000,848000000,2816400000,3041300000,1968400000,4823167000,2152900000,20.45,-9300000,89.21,55.43
2025-12-28,TKR,4.23,4544400000.0,20.45,None,1.217,45.0,,92600000,313100000,313100000,,,,,,,,,53100000,76286136,None,3823210000,3823210000,306700000,None,75600000,712600000,None,None,209656000,,1.38,0.016,,,,-0.147,0.12,353053000,562709000,1.25,2020-09-30,14.43,1021100000,1391100000.0,999957000,346538000,112882000,737200000,737200000,None,51585000000,None,789900000,None,None,1533000000,None,None,260281000,None,None,None,0.123,,672997000,326960000,148900000,308200000,None,374400000,None,,,,,1.202,1.923,1.326,,,,,,,,0.0654,,980200000,2025-11-04,quarterly,1.37,USD,pre-market,52900000,2073400000,0.0516,0.102,0.027,65.04,661592000,1701200000,102200000,None,74.71,80.0,9.6,4909100000,1964500000,740400000,2810100000,2944600000,2069700000,4823167000,2028100000,20.45,-989700000,89.21,55.43
2025-12-28,TKR,4.23,4544400000.0,20.45,None,1.217,45.0,,97700000,415600000,415600000,,,,,,,,,53100000,75698289,None,3823210000,3823210000,267300000,None,61300000,667800000,None,None,209656000,,1.38,0.016,,,,-0.147,0.12,353053000,562709000,1.25,2020-06-30,14.43,996500000,1391100000.0,999957000,346538000,112882000,731400000,731400000,None,51585000000,None,784000000,None,None,1730100000,None,None,260281000,None,None,None,0.123,,672997000,326960000,139500000,277500000,None,380400000,None,,,,,1.202,1.923,1.326,,,,,,,,0.0654,,962100000,2025-11-04,quarterly,1.37,USD,pre-market,52900000,2005700000,0.0516,0.102,0.027,65.04,661592000,1889100000,88800000,None,74.71,80.0,9.6,4901000000,2006900000,664800000,2933400000,2894100000,2268600000,4823167000,1883600000,20.45,-1000400000,89.21,55.43
2025-12-28,TKR,4.23,4544400000.0,20.45,None,1.217,45.0,,99400000,387500000,387500000,,,,,,,,,53100000,76308556,None,3823210000,3823210000,296000000,None,173100000,715100000,None,None,209656000,,1.38,0.016,,,,-0.147,0.12,353053000,562709000,1.25,2020-03-31,14.43,987900000,1391100000.0,999957000,346538000,112882000,735300000,735300000,None,51585000000,None,819700000,None,None,1785800000,None,None,260281000,None,None,None,0.123,,672997000,326960000,169900000,256300000,None,365400000,None,,,,,1.202,1.923,1.326,,,,,,,,0.0654,,961600000,2025-11-04,quarterly,1.37,USD,pre-market,52900000,1964800000,0.0516,0.102,0.027,65.04,661592000,2058300000,201700000,None,74.71,80.0,9.6,4980000000,2092200000,769800000,3079700000,2887800000,2309900000,4823167000,1817400000,20.45,-1001700000,89.21,55.43
2025-12-28,TKR,4.23,4544400000.0,20.45,None,1.217,45.0,,99600000,216200000,216200000,,,,,,,,,53100000,76823213,None,3823210000,3823210000,301700000,None,82000000,674300000,None,None,209656000,,1.38,0.016,,,,-0.147,0.12,353053000,562709000,1.25,2019-12-31,14.43,993700000,1391100000.0,999957000,346538000,112882000,758500000,758500000,None,51585000000,None,842000000,None,None,1648100000,None,2500000,260281000,None,None,None,0.123,,672997000,326960000,116300000,306800000,None,352200000,None,,,,,1.202,1.923,1.326,,,,,,,,0.0654,,989200000,2025-11-04,quarterly,1.37,USD,pre-market,52900000,1907400000,0.0516,0.102,0.027,65.04,661592000,1829700000,110300000,25800000,74.71,80.0,9.6,4859900000,1874600000,736600000,2905100000,2985299999,2168500000,4823167000,1868200000,20.45,-979800000,89.21,55.43
2025-12-28,TKR,4.23,4544400000.0,20.45,None,1.217,45.0,,100300000,181900000,181900000,,,,,,,,,53100000,76592694,None,3823210000,3823210000,265200000,None,96600000,699900000,None,None,209656000,,1.38,0.016,,,,-0.147,0.12,353053000,562709000,1.25,2019-09-30,14.43,954700000,1391100000.0,999957000,346538000,112882000,702800000,702800000,None,51585000000,None,805300000,None,None,1553500000,None,None,260281000,None,None,None,0.123,,672997000,326960000,120800000,263600000,None,358000000,None,,,,,1.202,1.923,1.326,,,,,,,,0.0654,,906800000,2025-11-04,quarterly,1.37,USD,pre-market,52900000,1815000000,0.0516,0.102,0.027,65.04,661592000,1750400000,152600000,None,74.71,80.0,9.6,4565300000,1807400000,704600000,2747800000,2757900000,2043200000,4823167000,1744800000,20.45,-988700000,89.21,55.43
2025-12-28,TKR,4.23,4544400000.0,20.45,None,1.217,45.0,,102500000,166800000,166800000,,,,,,,,,53100000,77208432,None,3823210000,3823210000,291600000,None,46300000,743200000,None,None,209656000,,1.38,0.016,,,,-0.147,0.12,353053000,562709000,1.25,2019-06-30,14.43,969400000,1391100000.0,999957000,346538000,112882000,731500000,731500000,None,51585000000,None,843800000,None,None,1642600000,None,None,260281000,None,None,None,0.123,,672997000,326960000,112900000,273000000,None,423000000,None,,,,,1.202,1.923,1.326,,,,,,,,0.0654,,912000000,2025-11-04,quarterly,1.37,USD,pre-market,52900000,1772000000,0.0516,0.102,0.027,65.04,661592000,1791400000,105300000,None,74.71,80.0,9.6,4674200000,1866700000,696300000,2890600000,2807500000,2194300000,4823167000,1711300000,20.45,-957600000,89.21,55.43
2025-12-28,TKR,4.23,4544400000.0,20.45,None,1.217,45.0,,100400000,239500000,239500000,,,,,,,,,53100000,77012573,None,3823210000,3823210000,294300000,None,35000000,734500000,None,None,209656000,,1.38,0.016,,,,-0.147,0.12,353053000,562709000,1.25,2019-03-31,14.43,953200000,1391100000.0,999957000,346538000,112882000,713900000,713900000,None,51585000000,None,839400000,None,None,1746500000,None,None,260281000,None,None,None,0.123,,672997000,326960000,106200000,282600000,None,417900000,None,,,,,1.202,1.923,1.326,,,,,,,,0.0654,,896200000,2025-11-04,quarterly,1.37,USD,pre-market,52900000,1700800000,0.0516,0.102,0.027,65.04,661592000,1881900000,64900000,None,74.71,80.0,9.6,4680700000,1919600000,683600000,2974800000,2761100000,2291200000,4823167000,1638500000,20.45,-952500000,89.21,55.43
2025-12-28,TKR,4.23,4544400000.0,20.45,None,1.217,45.0,,None,133100000,133100000,,,,,,,,,53100000,77454033,None,3823210000,3823210000,273200000,None,9400000,663200000,None,None,209656000,,1.38,0.016,,,,-0.147,0.12,353053000,562709000,1.25,2018-12-31,14.43,960500000,1391100000.0,999957000,346538000,112882000,733200000,733200000,None,51585000000,None,835700000,None,None,1638600000,None,2300000,260281000,None,None,None,0.123,,672997000,326960000,83400000,345900000,None,340300000,None,,,,,1.202,1.923,1.326,,,,,,,,0.0654,,912100000,2025-11-04,quarterly,1.37,USD,pre-market,52900000,1630200000,0.0516,0.102,0.027,65.04,661592000,1681600000,43000000,21800000,74.71,80.0,9.6,4445200000,1737200000,685600000,2802500000,2708000000,2116900000,4823167000,1579600000,20.45,-960300000,89.21,55.43
2025-12-28,TKR,4.23,4544400000.0,20.45,None,1.217,45.0,,None,155000000,155000000,,,,,,,,,53100000,78428105,None,3823210000,3823210000,282800000,None,11400000,685900000,None,None,209656000,,1.38,0.016,,,,-0.147,0.12,353053000,562709000,1.25,2018-09-30,14.43,965400000,1391100000.0,999957000,346538000,112882000,743100000,743100000,None,51585000000,None,841000000,None,None,1681700000,None,None,260281000,None,None,None,0.123,,672997000,326960000,105700000,306200000,None,368400000,None,,,,,1.202,1.923,1.326,,,,,,,,0.0654,,886800000,2025-11-04,quarterly,1.37,USD,pre-market,52900000,1595400000,0.0516,0.102,0.027,65.04,661592000,1730100000,48400000,1300000,74.71,80.0,9.6,4499500000,1786300000,656600000,2859100000,2713200000,2202500000,4823167000,1579900000,20.45,-924900000,89.21,55.43
2025-12-28,TKR,4.23,4544400000.0,20.45,None,1.217,45.0,,None,145200000,145200000,,,,,,,,,53100000,78496298,None,3823210000,3823210000,253200000,None,2700000,657700000,None,None,209656000,,1.38,0.016,,,,-0.147,0.12,353053000,562709000,1.25,2018-06-30,14.43,493700000,1391100000.0,999957000,346538000,112882000,389000000,389000000,None,51585000000,None,777400000,None,None,881400000,None,None,260281000,None,None,None,0.123,,672997000,326960000,119500000,277900000,None,342700000,None,,,,,1.202,1.923,1.326,,,,,,,,0.0654,,834500000,2025-11-04,quarterly,1.37,USD,pre-market,52900000,1545300000,0.0516,0.102,0.027,65.04,661592000,1046400000,165000000,1400000,74.71,80.0,9.6,3528000000,1699800000,711200000,1975700000,1828200000,1264500000,4823167000,1521800000,20.45,-913900000,89.21,55.43
2025-12-28,TKR,4.23,4544400000.0,20.45,None,1.217,45.0,,None,116400000,116400000,,,,,,,,,53100000,79013185,None,3823210000,3823210000,266600000,None,2700000,646500000,None,None,209656000,,1.38,0.016,,,,-0.147,0.12,353053000,562709000,1.25,2018-03-31,14.43,515900000,1391100000.0,999957000,346538000,112882000,414600000,414600000,None,51585000000,None,776800000,None,None,896500000,None,None,260281000,None,None,None,0.123,,672997000,326960000,106100000,253700000,None,363900000,None,,,,,1.202,1.923,1.326,,,,,,,,0.0654,,865400000,2025-11-04,quarterly,1.37,USD,pre-market,52900000,1475900000,0.0516,0.102,0.027,65.04,661592000,1066300000,169800000,3900000,74.71,80.0,9.6,3549500000,1645800000,702300000,2006700000,1903700000,1304400000,4823167000,1510900000,20.45,-890400000,89.21,55.43
2025-12-28,TKR,4.23,4544400000.0,20.45,None,1.217,45.0,,None,121600000,121600000,,,,,,,,,53100000,78952427,None,3823210000,3823210000,265200000,None,2700000,524900000,None,None,209656000,,1.38,0.016,,,,-0.147,0.12,353053000,562709000,1.25,2017-12-31,14.43,511800000,1391100000.0,999957000,346538000,112882000,420600000,420600000,None,51585000000,None,738900000,None,None,854200000,None,2500000,260281000,None,None,None,0.123,,672997000,326960000,114700000,288600000,None,357600000,None,,,,,1.202,1.923,1.326,,,,,,,,0.0654,,864200000,2025-11-04,quarterly,1.37,USD,pre-market,52900000,1408400000,0.0516,0.102,0.027,65.04,661592000,962300000,108100000,16400000,74.71,80.0,9.6,3402400000,1500100000,671700000,1927500000,1902300000,1255800000,4823167000,1442700000,20.45,-884300000,89.21,55.43
2025-12-28,TKR,4.23,4544400000.0,20.45,None,1.217,45.0,,None,137200000,137200000,,,,,,,,,53100000,78804296,None,3823210000,3823210000,248100000,None,5000000,542200000,None,None,209656000,,1.38,0.016,,,,-0.147,0.12,353053000,562709000,1.25,2017-09-30,14.43,510300000,1391100000.0,999957000,346538000,112882000,428900000,428900000,None,51585000000,None,687500000,None,None,959800000,None,None,260281000,None,None,None,0.123,,672997000,326960000,107400000,267100000,None,334300000,None,,,,,1.202,1.923,1.326,,,,,,,,0.0654,,842200000,2025-11-04,quarterly,1.37,USD,pre-market,52900000,1400200000,0.0516,0.102,0.027,65.04,661592000,1005900000,46100000,3300000,74.71,80.0,9.6,3363600000,1474300000,568700000,1907700000,1889300000,1339000000,4823167000,1423000000,20.45,-887500000,89.21,55.43
2025-12-28,TKR,4.23,4544400000.0,20.45,None,1.217,45.0,,None,445100000,445100000,,,,,,,,,53100000,79029397,None,3823210000,3823210000,233400000,None,1001600000,501700000,None,None,209656000,,1.38,0.016,,,,-0.147,0.12,353053000,562709000,1.25,2017-06-30,14.43,373400000,1391100000.0,999957000,346538000,112882000,288300000,288300000,None,51585000000,None,617000000,None,None,947100000,None,None,260281000,None,None,None,0.123,,672997000,326960000,95700000,243300000,None,330900000,None,,,,,1.202,1.923,1.326,,,,,,,,0.0654,,811600000,2025-11-04,quarterly,1.37,USD,pre-market,52900000,1367700000,0.0516,0.102,0.027,65.04,661592000,1001600000,54500000,2800000,74.71,80.0,9.6,3238500000,1659500000,537900000,1818900000,1579000000,1281000000,4823167000,1387000000,20.45,-877100000,89.21,55.43
2025-12-28,TKR,4.23,4544400000.0,20.45,None,1.217,45.0,,None,129500000,129500000,,,,,,,,,53100000,78893954,None,3823210000,3823210000,226600000,None,37200000,492700000,None,None,209656000,,1.38,0.016,,,,-0.147,0.12,353053000,562709000,1.25,2017-03-31,14.43,358400000,1391100000.0,999957000,346538000,112882000,264200000,264200000,None,51585000000,None,566200000,None,None,600100000,None,None,260281000,None,None,None,0.123,,672997000,326960000,82300000,209400000,None,359300000,None,,,,,1.202,1.923,1.326,,,,,,,,0.0654,,807600000,2025-11-04,quarterly,1.37,USD,pre-market,52900000,1306300000,0.0516,0.102,0.027,65.04,661592000,637300000,37200000,2900000,74.71,80.0,9.6,2815600000,1270700000,498400000,1460800000,1544900000,962400000,4823167000,1321100000,20.45,-869200000,89.21,55.43
2025-12-28,TKR,4.23,4544400000.0,20.45,None,1.217,45.0,,None,148800000,148800000,,,,,,,,,53100000,78482319,None,3823210000,3823210000,176200000,None,5000000,438000000,None,None,209656000,,1.38,0.016,,,,-0.147,0.12,353053000,562709000,1.25,2016-12-31,14.43,357500000,1391100000.0,999957000,346538000,112882000,271000000,271000000,None,51585000000,None,545800000,None,None,635000000,None,3100000,260281000,None,None,None,0.123,,672997000,326960000,71400000,235400000,None,360700000,None,,,,,1.202,1.923,1.326,,,,,,,,0.0654,,804400000,2025-11-04,quarterly,1.37,USD,pre-market,52900000,1528600000,0.0516,0.102,0.027,65.04,661592000,659200000,24200000,11700000,74.71,80.0,9.6,2758300000,1204000000,452700000,1452300000,1554300000,999600000,4823167000,1274900000,20.45,-891700000,89.21,55.43
2025-12-28,TKR,4.23,4544400000.0,20.45,None,1.217,45.0,,None,129000000,129000000,,,,,,,,,53100000,78617476,None,3823210000,3823210000,184500000,None,22500000,452800000,None,None,209656000,,1.38,0.016,,,,-0.147,0.12,353053000,562709000,1.25,2016-09-30,14.43,359000000,1391100000.0,999957000,346538000,112882000,274400000,274400000,None,51585000000,None,575900000,None,None,641400000,None,None,260281000,None,None,None,0.123,,672997000,326960000,69100000,231400000,None,357800000,None,,,,,1.202,1.923,1.326,,,,,,,,0.0654,,796600000,2025-11-04,quarterly,1.37,USD,pre-market,52900000,1524700000,0.0516,0.102,0.027,65.04,661592000,663900000,22500000,2700000,74.71,80.0,9.6,2819200000,1226800000,450500000,1453000000,1592300000,1002500000,4823167000,1339500000,20.45,-878900000,89.21,55.43
2025-12-28,TKR,4.23,4544400000.0,20.45,None,1.217,45.0,,None,156000000,156000000,,,,,,,,,53100000,79312774,None,3823210000,3823210000,172900000,None,28400000,452300000,None,None,209656000,,1.38,0.016,,,,-0.147,0.12,353053000,562709000,1.25,2016-06-30,14.43,328700000,1391100000.0,999957000,346538000,112882000,258000000,258000000,None,51585000000,None,555400000,None,None,604200000,None,None,260281000,None,None,None,0.123,,672997000,326960000,73400000,239300000,None,352500000,None,,,,,1.202,1.923,1.326,,,,,,,,0.0654,,772500000,2025-11-04,quarterly,1.37,USD,pre-market,52900000,1524400000,0.0516,0.102,0.027,65.04,661592000,632600000,28400000,200000,74.71,80.0,9.6,2794400000,1237100000,475000000,1435200000,1557300000,960200000,4823167000,1333400000,20.45,-864400000,89.21,55.43
2025-12-28,TKR,4.23,4544400000.0,20.45,None,1.217,45.0,,None,137300000,137300000,,,,,,,,,53100000,80437533,None,3823210000,3823210000,177900000,None,None,465000000,None,None,209656000,,1.38,0.016,,,,-0.147,0.12,353053000,562709000,1.25,2016-03-31,14.43,328700000,1391100000.0,999957000,346538000,112882000,265100000,265100000,None,51585000000,None,551300000,None,None,673400000,None,None,260281000,None,None,None,0.123,,672997000,326960000,121300000,219200000,None,354900000,None,,,,,1.202,1.923,1.326,,,,,,,,0.0654,,780100000,2025-11-04,quarterly,1.37,USD,pre-market,52900000,1499900000,0.0516,0.102,0.027,65.04,661592000,688700000,15300000,200000,74.71,80.0,9.6,2850100000,1274900000,442600000,1474500000,1575200000,1031900000,4823167000,1349700000,20.45,-833000000,89.21,55.43
2025-12-28,TKR,4.23,4544400000.0,20.45,None,1.217,45.0,,None,129600000,129600000,,,,,,,,,53100000,81845054,None,3823210000,3823210000,159700000,None,15100000,454600000,None,None,209656000,,1.38,0.016,,,,-0.147,0.12,353053000,562709000,1.25,2015-12-31,14.43,327300000,1391100000.0,999957000,346538000,112882000,271300000,271300000,None,51585000000,None,543200000,None,None,580600000,None,2600000,260281000,None,None,None,0.123,,672997000,326960000,79000000,255400000,None,351200000,None,,,,,1.202,1.923,1.326,,,,,,,,0.0654,,777800000,2025-11-04,quarterly,1.37,USD,pre-market,52900000,1457600000,0.0516,0.102,0.027,65.04,661592000,657700000,77100000,9700000,74.71,80.0,9.6,2790400000,1198800000,497700000,1433100000,1591600000,935400000,4823167000,1337200000,20.45,-804300000,89.21,55.43
2025-12-28,TKR,4.23,4544400000.0,20.45,None,1.217,45.0,,None,155000000,155000000,,,,,,,,,53100000,84145751,None,3823210000,3823210000,176000000,None,None,469800000,None,None,209656000,,1.38,0.016,,,,-0.147,0.12,353053000,562709000,1.25,2015-09-30,14.43,327100000,1391100000.0,999957000,346538000,112882000,277800000,277800000,None,51585000000,None,595400000,None,None,625900000,None,None,260281000,None,None,None,0.123,,672997000,326960000,158700000,255900000,None,359700000,None,,,,,1.202,1.923,1.326,,,,,,,,0.0654,,783100000,2025-11-04,quarterly,1.37,USD,pre-market,52900000,1514600000,0.0516,0.102,0.027,65.04,661592000,724600000,98700000,14800000,74.71,80.0,9.6,2946600000,1378900000,605600000,1595000000,1567700000,989400000,4823167000,1334300000,20.45,-722800000,89.21,55.43
2025-12-28,TKR,4.23,4544400000.0,20.45,None,1.217,45.0,,None,236800000,236800000,,,,,,,,,53100000,86156775,None,3823210000,3823210000,170100000,None,None,487500000,None,None,209656000,,1.38,0.016,,,,-0.147,0.12,353053000,562709000,1.25,2015-06-30,14.43,257700000,1391100000.0,999957000,346538000,112882000,225100000,225100000,None,51585000000,None,574200000,None,None,555600000,None,None,260281000,None,None,None,0.123,,672997000,326960000,137500000,250300000,None,366900000,None,,,,,1.202,1.923,1.326,,,,,,,,0.0654,,759100000,2025-11-04,quarterly,1.37,USD,pre-market,52900000,1472900000,0.0516,0.102,0.027,65.04,661592000,637800000,82200000,19100000,74.71,80.0,9.6,2887600000,1436000000,594000000,1516500000,1451600000,922500000,4823167000,1353700000,20.45,-672300000,89.21,55.43
2025-12-28,TKR,4.23,4544400000.0,20.45,None,1.217,45.0,,None,154400000,154400000,,,,,,,,,53100000,87670640,None,3823210000,3823210000,168400000,None,None,491500000,None,None,209656000,,1.38,0.016,,,,-0.147,0.12,353053000,562709000,1.25,2015-03-31,14.43,256600000,1391100000.0,999957000,346538000,112882000,230100000,230100000,None,51585000000,None,580300000,None,None,519700000,None,None,260281000,None,None,None,0.123,,672997000,326960000,137600000,239000000,None,365100000,None,,,,,1.202,1.923,1.326,,,,,,,,0.0654,,760200000,2025-11-04,quarterly,1.37,USD,pre-market,52900000,1458300000,0.0516,0.102,0.027,65.04,661592000,523400000,3700000,14800000,74.71,80.0,9.6,2820400000,1363800000,519400000,1404200000,1456600000,884800000,4823167000,1403000000,20.45,-598800000,89.21,55.43
2025-12-28,TKR,4.23,4544400000.0,20.45,None,1.217,45.0,,None,278800000,278800000,,,,,,,,,53100000,89572040,None,3823210000,3823210000,143900000,None,600000,475700000,None,None,209656000,,1.38,0.016,,,,-0.147,0.12,353053000,562709000,1.25,2014-12-31,14.43,259500000,1391100000.0,999957000,346538000,112882000,239800000,239800000,None,51585000000,None,585500000,None,None,522100000,None,1800000,260281000,None,None,None,0.123,,672997000,326960000,141900000,301500000,None,352300000,None,,,,,1.202,1.923,1.326,,,,,,,,0.0654,,780500000,2025-11-04,quarterly,1.37,USD,pre-market,52900000,1615400000,0.0516,0.102,0.027,65.04,661592000,530200000,8000000,8400000,74.71,80.0,9.6,3001400000,1481900000,533800000,1412300000,1519500000,878500000,4823167000,1576200000,20.45,-509200000,89.21,55.43
2025-12-28,TKR,4.23,4544400000.0,20.45,None,1.217,45.0,,None,238200000,238200000,,,,,,,,,53100000,89683436,None,3823210000,3823210000,185300000,None,None,488700000,None,None,209656000,,1.38,0.016,,,,-0.147,0.12,353053000,562709000,1.25,2014-09-30,14.43,260600000,1391100000.0,999957000,346538000,112882000,188400000,188400000,None,51585000000,None,618300000,None,None,522000000,None,None,260281000,None,None,None,0.123,,672997000,326960000,154500000,291700000,None,301100000,None,,,,,1.202,1.923,1.326,,,,,,,,0.0654,,833400000,2025-11-04,quarterly,1.37,USD,pre-market,52900000,1594800000,0.0516,0.102,0.027,65.04,661592000,531400000,9400000,15300000,74.71,80.0,9.6,3115100000,1499700000,563400000,1464100000,1615400000,900700000,4823167000,1637000000,20.45,-505100000,89.21,55.43
2025-12-28,TKR,4.23,4544400000.0,20.45,None,1.217,45.0,,None,294800000,294800000,,,,,,,,,53100000,91726593,None,3823210000,3823210000,178000000,None,None,486500000,None,None,209656000,,1.38,0.016,,,,-0.147,0.12,353053000,562709000,1.25,2014-06-30,14.43,349200000,1391100000.0,999957000,346538000,112882000,203600000,203600000,None,51585000000,None,625000000,None,None,176200000,None,None,260281000,None,None,None,0.123,,672997000,326960000,155800000,296700000,None,314600000,None,,,,,1.202,1.923,1.326,,,,,,,,0.0654,,838300000,2025-11-04,quarterly,1.37,USD,pre-market,52900000,1642200000,0.0516,0.102,0.027,65.04,661592000,490800000,314600000,15300000,74.71,80.0,9.6,3265200000,1562100000,849900000,1461100000,1703100000,611200000,4823167000,1790300000,20.45,-412500000,89.21,55.43
2025-12-28,TKR,4.23,4544400000.0,20.45,None,1.217,45.0,,None,248300000,248300000,,,,,,,,,53100000,93088111,None,3823210000,3823210000,143000000,None,None,618200000,None,None,209656000,,1.38,0.016,,,,-0.147,0.12,353053000,562709000,1.25,2014-03-31,14.43,358400000,1391100000.0,999957000,346538000,112882000,214000000,214000000,None,51585000000,None,829700000,None,None,206400000,None,None,260281000,None,None,None,0.123,,672997000,326960000,173400000,435100000,None,448400000,None,,,,,1.202,1.923,1.326,,,,,,,,0.0654,,1559900000,2025-11-04,quarterly,1.37,USD,pre-market,52900000,2646800000,0.0516,0.102,0.027,65.04,661592000,479300000,272900000,15100000,74.71,80.0,9.6,4418000000,1869600000,982200000,1803600000,2548400000,821400000,4823167000,2601600000,20.45,-383300000,89.21,55.43
2025-12-28,TKR,4.23,4544400000.0,20.45,None,1.217,45.0,,None,384600000,384600000,,,,,,,,,53100000,94636017,None,3823210000,3823210000,139900000,None,None,566700000,None,None,209656000,,1.38,0.016,,,,-0.147,0.12,353053000,562709000,1.25,2013-12-31,14.43,346100000,1391100000.0,999957000,346538000,112882000,207400000,207400000,None,51585000000,None,809900000,None,None,206600000,None,None,260281000,None,None,None,0.123,,672997000,326960000,176300000,456200000,None,475700000,None,,,,,1.202,1.923,1.326,,,,,,,,0.0654,,1558100000,2025-11-04,quarterly,1.37,USD,pre-market,52900000,2586400000,0.0516,0.102,0.027,65.04,661592000,475900000,269300000,13900000,74.71,80.0,9.6,4489300000,1949400000,980100000,1840700000,2539900000,860600000,4823167000,2636600000,20.45,-273200000,89.21,55.43
2025-12-28,TKR,4.23,4544400000.0,20.45,None,1.217,45.0,,None,418100000,418100000,,,,,,,,,53100000,95408069,None,3823210000,3823210000,252500000,None,None,593700000,None,None,209656000,,1.38,0.016,,,,-0.147,0.12,353053000,562709000,1.25,2013-09-30,14.43,359700000,1391100000.0,999957000,346538000,112882000,221100000,221100000,None,51585000000,None,856100000,None,None,205400000,None,None,260281000,None,None,None,0.123,,672997000,326960000,182100000,338000000,None,631200000,None,,,,,1.202,1.923,1.326,,,,,,,,0.0654,,1498300000,2025-11-04,quarterly,1.37,USD,pre-market,52900000,2555300000,0.0516,0.102,0.027,65.04,661592000,476600000,271200000,28300000,74.71,80.0,9.6,4192900000,2050000000,978400000,1825800000,2142900000,847400000,4823167000,2353300000,20.45,-193100000,89.21,55.43
2025-12-28,TKR,4.23,4544400000.0,20.45,None,1.217,45.0,,None,396800000,396800000,,,,,,,,,53100000,96549121,None,3823210000,3823210000,241900000,None,None,624200000,None,None,209656000,,1.38,0.016,,,,-0.147,0.12,353053000,562709000,1.25,2013-06-30,14.43,362500000,1391100000.0,999957000,346538000,112882000,226700000,226700000,None,51585000000,None,818600000,None,None,455300000,None,None,260281000,None,None,None,0.123,,672997000,326960000,163500000,322300000,None,649700000,None,,,,,1.202,1.923,1.326,,,,,,,,0.0654,,1469100000,2025-11-04,quarterly,1.37,USD,pre-market,52900000,2524900000,0.0516,0.102,0.027,65.04,661592000,462500000,7200000,24900000,74.71,80.0,9.6,4106300000,2003100000,662900000,1778500000,2103200000,1115600000,4823167000,2311600000,20.45,-170600000,89.21,55.43
2025-12-28,TKR,4.23,4544400000.0,20.45,None,1.217,45.0,,None,457900000,457900000,,,,,,,,,53100000,96823483,None,3823210000,3823210000,229700000,None,None,607200000,None,None,209656000,,1.38,0.016,,,,-0.147,0.12,353053000,562709000,1.25,2013-03-31,14.43,345200000,1391100000.0,999957000,346538000,112882000,225800000,225800000,None,51585000000,None,833800000,None,None,455300000,None,None,260281000,None,None,None,0.123,,672997000,326960000,174300000,326600000,None,701400000,None,,,,,1.202,1.923,1.326,,,,,,,,0.0654,,1423600000,2025-11-04,quarterly,1.37,USD,pre-market,52900000,2464200000,0.0516,0.102,0.027,65.04,661592000,472500000,17200000,23600000,74.71,80.0,9.6,4165100000,2073200000,676600000,1842200000,2091900000,1165600000,4823167000,2308600000,20.45,-100000000,89.21,55.43
2025-12-28,TKR,4.23,4544400000.0,20.45,None,1.217,45.0,,None,586400000,586400000,,,,,,,,,53100000,96553289,None,3823210000,3823210000,216200000,None,None,546700000,None,None,209656000,,1.38,0.016,,,,-0.147,0.12,353053000,562709000,1.25,2012-12-31,14.43,338900000,1391100000.0,999957000,346538000,112882000,224700000,224700000,None,51585000000,None,862100000,None,None,455100000,None,None,260281000,None,None,None,0.123,,672997000,326960000,178900000,391400000,None,870200000,None,,,,,1.202,1.923,1.326,,,,,,,,0.0654,,1405300000,2025-11-04,quarterly,1.37,USD,pre-market,52900000,2411200000,0.0516,0.102,0.027,65.04,661592000,479000000,23900000,17300000,74.71,80.0,9.6,4244700000,2174100000,667900000,1998100000,2070600000,1330200000,4823167000,2232200000,20.45,-110300000,89.21,55.43
2025-12-28,TKR,4.23,4544400000.0,20.45,None,1.217,45.0,,None,485500000,485500000,,,,,,,,,53100000,97123173,None,3823210000,3823210000,270000000,None,None,629800000,None,None,209656000,,1.38,0.016,,,,-0.147,0.12,353053000,562709000,1.25,2012-09-30,14.43,332100000,1391100000.0,999957000,346538000,112882000,221700000,221700000,None,51585000000,None,928100000,None,None,461400000,None,None,260281000,None,None,None,0.123,,672997000,326960000,190300000,384100000,None,606700000,None,,,,,1.202,1.923,1.326,,,,,,,,0.0654,,1344300000,2025-11-04,quarterly,1.37,USD,pre-market,52900000,2358100000,0.0516,0.102,0.027,65.04,661592000,488900000,27500000,0,74.71,80.0,9.6,4218500000,2233700000,797900000,1872700000,1984800000,1074800000,4823167000,2331400000,20.45,-112600000,89.21,55.43
2025-12-28,TKR,4.23,4544400000.0,20.45,None,1.217,45.0,,None,509900000,509900000,,,,,,,,,53100000,98204205,None,3823210000,3823210000,283700000,None,None,715700000,None,None,209656000,,1.38,0.016,,,,-0.147,0.12,353053000,562709000,1.25,2012-06-30,14.43,332100000,1391100000.0,999957000,346538000,112882000,226300000,226300000,None,51585000000,None,943300000,None,None,473900000,None,None,260281000,None,None,None,0.123,,672997000,326960000,196600000,379300000,None,781400000,None,,,,,1.202,1.923,1.326,,,,,,,,0.0654,,1320000000,2025-11-04,quarterly,1.37,USD,pre-market,52900000,2299100000,0.0516,0.102,0.027,65.04,661592000,494200000,20300000,0,74.71,80.0,9.6,4404800000,2365500000,827700000,2089600000,2039300000,1261900000,4823167000,2301000000,20.45,-52900000,89.21,55.43
2025-12-28,TKR,4.23,4544400000.0,20.45,None,1.217,45.0,,None,355300000,355300000,,,,,,,,,53100000,98587622,None,3823210000,3823210000,310600000,None,None,762000000,None,None,209656000,,1.38,0.016,,,,-0.147,0.12,353053000,562709000,1.25,2012-03-31,14.43,311100000,1391100000.0,999957000,346538000,112882000,253400000,253400000,None,51585000000,None,993100000,None,None,478800000,None,None,260281000,None,None,None,0.123,,672997000,326960000,206100000,354900000,None,873100000,None,,,,,1.202,1.923,1.326,,,,,,,,0.0654,,1313300000,2025-11-04,quarterly,1.37,USD,pre-market,52900000,2137900000,0.0516,0.102,0.027,65.04,661592000,504600000,25800000,3600000,74.71,80.0,9.6,4373500000,2316500000,816500000,2175300000,2057000000,1358800000,4823167000,2183800000,20.45,-38000000,89.21,55.43
2025-12-28,TKR,4.23,4544400000.0,20.45,None,1.217,45.0,,None,464800000,464800000,,,,,,,,,53100000,98587622,None,3823210000,3823210000,287300000,None,None,645500000,None,None,209656000,,1.38,0.016,,,,-0.147,0.12,353053000,562709000,1.25,2011-12-31,14.43,307200000,1391100000.0,999957000,346538000,112882000,261600000,261600000,None,51585000000,None,964400000,None,None,478800000,None,None,260281000,None,None,None,0.123,,672997000,326960000,217600000,450800000,None,978700000,None,,,,,1.202,1.923,1.326,,,,,,,,0.0654,,1308900000,2025-11-04,quarterly,1.37,USD,pre-market,52900000,2004700000,0.0516,0.102,0.027,65.04,661592000,515100000,36300000,35600000,74.71,80.0,9.6,4352100000,2292300000,844600000,2309600000,2059800000,1465000000,4823167000,2028300000,20.45,-29200000,89.21,55.43
2025-12-28,TKR,4.23,4544400000.0,20.45,None,1.217,45.0,,None,402900000,402900000,,,,,,,,,53100000,98485840,None,3823210000,3823210000,308400000,None,None,715900000,None,None,209656000,,1.38,0.016,,,,-0.147,0.12,353053000,562709000,1.25,2011-09-30,14.43,283700000,1391100000.0,999957000,346538000,112882000,230700000,230700000,None,51585000000,None,949200000,None,None,490900000,None,None,260281000,None,None,None,0.123,,672997000,326960000,198500000,418700000,None,556200000,None,,,,,1.202,1.923,1.326,,,,,,,,0.0654,,1242500000,2025-11-04,quarterly,1.37,USD,pre-market,52900000,1915000000,0.0516,0.102,0.027,65.04,661592000,512100000,21200000,3600000,74.71,80.0,9.6,4123000000,2266500000,845700000,1898300000,1856500000,1052600000,4823167000,2204700000,20.45,-29900000,89.21,55.43
2025-12-28,TKR,4.23,4544400000.0,20.45,None,1.217,45.0,,None,632800000,632800000,,,,,,,,,53100000,98899992,None,3823210000,3823210000,314600000,None,None,718800000,None,None,209656000,,1.38,0.016,,,,-0.147,0.12,353053000,562709000,1.25,2011-06-30,14.43,226500000,1391100000.0,999957000,346538000,112882000,124200000,124200000,None,51585000000,None,928900000,None,None,490600000,None,None,260281000,None,None,None,0.123,,672997000,326960000,190300000,386600000,None,716100000,None,,,,,1.202,1.923,1.326,,,,,,,,0.0654,,1243100000,2025-11-04,quarterly,1.37,USD,pre-market,52900000,1823500000,0.0516,0.102,0.027,65.04,661592000,520900000,30300000,4800000,74.71,80.0,9.6,4175100000,2470800000,755900000,1968800000,1704300000,1212900000,4823167000,2188700000,20.45,-11700000,89.21,55.43
2025-12-28,TKR,4.23,4544400000.0,20.45,None,1.217,45.0,,None,637600000,637600000,,,,,,,,,53100000,98895826,None,3823210000,3823210000,320900000,None,None,672500000,None,None,209656000,,1.38,0.016,,,,-0.147,0.12,353053000,562709000,1.25,2011-03-31,14.43,225900000,1391100000.0,999957000,346538000,112882000,127100000,127100000,None,51585000000,None,917500000,None,None,483300000,None,None,260281000,None,None,None,0.123,,672997000,326960000,189800000,335200000,None,881600000,None,,,,,1.202,1.923,1.326,,,,,,,,0.0654,,1250900000,2025-11-04,quarterly,1.37,USD,pre-market,52900000,1721500000,0.0516,0.102,0.027,65.04,661592000,522400000,39100000,4800000,74.71,80.0,9.6,4180600000,2417400000,743200000,2114300000,1763200000,1371100000,4823167000,2048100000,20.45,-22200000,89.21,55.43
2025-12-28,TKR,4.23,4544400000.0,20.45,None,1.217,45.0,,None,877100000,877100000,,,,,,,,,53100000,98895826,None,3823210000,3823210000,263500000,None,None,516600000,None,None,209656000,,1.38,0.016,,,,-0.147,0.12,353053000,562709000,1.25,2010-12-31,14.43,224400000,1391100000.0,999957000,346538000,112882000,129200000,129200000,None,51585000000,None,828500000,None,None,481700000,None,None,260281000,None,None,None,0.123,,672997000,326960000,177000000,410400000,None,1031000000,None,,,,,1.202,1.923,1.326,,,,,,,,0.0654,,1267700000,2025-11-04,quarterly,1.37,USD,pre-market,52900000,1626400000,0.0516,0.102,0.027,65.04,661592000,513700000,32000000,15000000,74.71,80.0,9.6,4180400000,2399200000,719900000,2238600000,1781200000,1518700000,4823167000,1925000000,20.45,-11500000,89.21,55.43
2025-12-28,TKR,4.23,4544400000.0,20.45,None,1.217,45.0,,None,899800000,899800000,,,,,,,,,53100000,97411682,None,3823210000,3823210000,257800000,None,None,552200000,None,None,209656000,,1.38,0.016,,,,-0.147,0.12,353053000,562709000,1.25,2010-09-30,14.43,228200000,1391100000.0,999957000,346538000,112882000,125200000,125200000,None,51585000000,None,771400000,None,None,479400000,None,None,260281000,None,None,None,0.123,,672997000,326960000,145400000,380800000,None,1253500000,None,,,,,1.202,1.923,1.326,,,,,,,,0.0654,,1256600000,2025-11-04,quarterly,1.37,USD,pre-market,52900000,1553600000,0.0516,0.102,0.027,65.04,661592000,493000000,13600000,0,74.71,80.0,9.6,4249000000,2368800000,715500000,2455000000,1880200000,1739500000,4823167000,1777100000,20.45,-30000000,89.21,55.43
2025-12-28,TKR,4.23,4544400000.0,20.45,None,1.217,45.0,,None,796200000,796200000,,,,,,,,,53100000,96876677,None,3823210000,3823210000,220500000,None,None,500300000,None,None,209656000,,1.38,0.016,,,,-0.147,0.12,353053000,562709000,1.25,2010-06-30,14.43,218300000,1391100000.0,999957000,346538000,112882000,127500000,127500000,None,51585000000,None,699500000,None,None,476100000,None,None,260281000,None,None,None,0.123,,672997000,326960000,118300000,344000000,None,1273700000,None,,,,,1.202,1.923,1.326,,,,,,,,0.0654,,1263500000,2025-11-04,quarterly,1.37,USD,pre-market,52900000,1495800000,0.0516,0.102,0.027,65.04,661592000,493400000,17300000,0,74.71,80.0,9.6,4005100000,2114300000,590800000,2346800000,1890800000,1756000000,4823167000,1639700000,20.45,-39900000,89.21,55.43
2025-12-28,TKR,4.23,4544400000.0,20.45,None,1.217,45.0,,None,709301000,709301000,,,,,,,,,53064000,96700256,None,3823210000,3823210000,221852000,None,None,489054000,None,None,209656000,,1.38,0.016,,,,-0.147,0.12,353053000,562709000,1.25,2010-03-31,14.43,221038000,1391100000.0,999957000,346538000,112882000,129762000,129762000,None,51585000000,None,689372000,None,None,471229000,None,None,260281000,None,None,None,0.123,,672997000,326960000,171264000,325300000,None,None,None,,,,,1.202,1.923,1.326,,,,,,,,0.0654,,1302542000,2025-11-04,quarterly,1.37,USD,pre-market,52900000,1422782000,0.0516,0.102,0.027,65.04,661592000,515866000,44637000,None,74.71,80.0,9.6,3988114000,2058991000,600988000,2358625000,1929123000,1757637000,4823167000,1611119000,20.45,-23567000,89.21,55.43
2025-12-28,TKR,4.23,4544400000.0,20.45,None,1.217,45.0,,None,755545000,755545000,,,,,,,,,53064000,96700256,None,3823210000,3823210000,156000000,None,None,411200000,None,None,209656000,,1.38,0.016,,,,-0.147,0.12,353053000,562709000,1.25,2009-12-31,14.43,221734000,1391100000.0,999957000,346538000,112882000,132088000,132088000,None,51585000000,None,671236000,None,None,469287000,None,None,260281000,None,None,None,0.123,,672997000,326960000,184615000,341033000,None,None,None,,,,,1.202,1.923,1.326,,,,,,,,0.0654,,1335228000,2025-11-04,quarterly,1.37,USD,pre-market,52900000,1402855000,0.0516,0.102,0.027,65.04,661592000,512667000,43400000,6948000,74.71,80.0,9.6,4006893000,2022560000,540433000,2411325000,1984333000,1870892000,4823167000,1577584000,20.45,-4698000,89.21,55.43
2025-12-28,TKR,4.23,4544400000.0,20.45,None,1.217,45.0,,None,382878000,382878000,,,,,,,,,53064000,96176091,None,3823210000,3823210000,352558000,None,None,458393000,None,None,209656000,,1.38,0.016,,,,-0.147,0.12,353053000,562709000,1.25,2009-09-30,14.43,222225000,1391100000.0,999957000,346538000,112882000,134437000,134437000,None,51585000000,None,716948000,None,None,469057000,None,None,260281000,None,None,None,0.123,,672997000,326960000,758478000,199378000,None,None,None,,,,,1.202,1.923,1.326,,,,,,,,0.0654,,1425960000,2025-11-04,quarterly,1.37,USD,pre-market,52900000,1431701000,0.0516,0.102,0.027,65.04,661592000,800917000,331860000,248158000,74.71,80.0,9.6,4458021000,2316697000,888856000,2867048000,2141324000,1978192000,4823167000,1572834000,20.45,-4493000,89.21,55.43
2025-12-28,TKR,4.23,4544400000.0,20.45,None,1.217,45.0,,None,277086000,277086000,,,,,,,,,53064000,96147809,None,3823210000,3823210000,316284000,None,None,465068000,None,None,209656000,,1.38,0.016,,,,-0.147,0.12,353053000,562709000,1.25,2009-06-30,14.43,229699000,1391100000.0,999957000,346538000,112882000,166264000,166264000,None,51585000000,None,930141000,None,None,254845000,None,None,260281000,None,None,None,0.123,,672997000,326960000,146482000,146608000,None,None,None,,,,,1.202,1.923,1.326,,,,,,,,0.0654,,1653212000,2025-11-04,quarterly,1.37,USD,pre-market,52900000,1490299000,0.0516,0.102,0.027,65.04,661592000,592542000,337697000,None,74.71,80.0,9.6,4222155000,1818777000,805775000,2621008000,2403378000,1815233000,4823167000,1583404000,20.45,-4206000,89.21,55.43
2025-12-28,TKR,4.23,4544400000.0,20.45,None,1.217,45.0,,None,112012000,112012000,,,,,,,,,53064000,96028860,None,3823210000,3823210000,342475000,None,None,538804000,None,None,209656000,,1.38,0.016,,,,-0.147,0.12,353053000,562709000,1.25,2009-03-31,14.43,228132000,1391100000.0,999957000,346538000,112882000,169820000,169820000,None,51585000000,None,1060399000,None,None,261413000,None,None,260281000,None,None,None,0.123,,672997000,326960000,159918000,161705000,None,None,None,,,,,1.202,1.923,1.326,,,,,,,,0.0654,,1698258000,2025-11-04,quarterly,1.37,USD,pre-market,52900000,1563530000,0.0516,0.102,0.027,65.04,661592000,630274000,368861000,None,74.71,80.0,9.6,4317873000,1871133000,884321000,2707007000,2446740000,1822686000,4823167000,1593603000,20.45,-4163000,89.21,55.43
2025-12-28,TKR,4.23,4544400000.0,20.45,None,1.217,45.0,,None,116306000,116306000,,,,,,,,,53064000,96028860,None,3823210000,3823210000,423523000,None,None,575915000,None,None,209656000,,1.38,0.016,,,,-0.147,0.12,353053000,562709000,1.25,2008-12-31,14.43,230049000,1391100000.0,999957000,346538000,112882000,173704000,173704000,None,51585000000,None,1145695000,None,None,515250000,None,None,260281000,None,None,None,0.123,,672997000,326960000,340751000,243733000,None,None,None,,,,,1.202,1.923,1.326,,,,,,,,0.0654,,1743866000,2025-11-04,quarterly,1.37,USD,pre-market,52900000,1580084000,0.0516,0.102,0.027,65.04,661592000,623840000,108590000,23640000,74.71,80.0,9.6,4536050000,2033465000,798313000,2895753000,2502585000,2097440000,4823167000,1640297000,20.45,-11586000,89.21,55.43
2025-12-28,TKR,4.23,4544400000.0,20.45,None,1.217,45.0,,None,94709000,94709000,,,,,,,,,53064000,96103130,None,3823210000,3823210000,535693000,None,None,814702000,None,None,209656000,,1.38,0.016,,,,-0.147,0.12,353053000,562709000,1.25,2008-09-30,14.43,273474000,1391100000.0,999957000,346538000,112882000,167736000,167736000,None,51585000000,None,1297928000,None,None,521896000,None,None,260281000,None,None,None,0.123,,672997000,326960000,169993000,-54776278000,None,None,None,,,,,1.202,1.923,1.326,,,,,,,,0.0654,,1733445000,2025-11-04,quarterly,1.37,USD,pre-market,52900000,1633614000,0.0516,0.102,0.027,65.04,661592000,739209000,217313000,None,74.71,80.0,9.6,4707119000,2377332000,1054895000,2500417000,2329787000,1445522000,4823167000,2206702000,20.45,-11501000,89.21,55.43
2025-12-28,TKR,4.23,4544400000.0,20.45,None,1.217,45.0,,None,74735000,74735000,,,,,,,,,53064000,96169184,None,3823210000,3823210000,576630000,None,None,909409000,None,None,209656000,,1.38,0.016,,,,-0.147,0.12,353053000,562709000,1.25,2008-06-30,14.43,277759000,1391100000.0,999957000,346538000,112882000,171985000,171985000,None,51585000000,None,1247759000,None,None,559315000,None,None,260281000,None,None,None,0.123,,672997000,326960000,165044000,-29064183000,None,None,None,,,,,1.202,1.923,1.326,,,,,,,,0.0654,,1774744000,2025-11-04,quarterly,1.37,USD,pre-market,52900000,1520575000,0.0516,0.102,0.027,65.04,661592000,861374000,302059000,None,74.71,80.0,9.6,4794879000,2396947000,1133089000,2616706000,2397932000,1483617000,4823167000,2178173000,20.45,-11126000,89.21,55.43
2025-12-28,TKR,4.23,4544400000.0,20.45,None,1.217,45.0,,None,68206000,68206000,,,,,,,,,53064000,95254264,None,3823210000,3823210000,519616000,None,None,845927000,None,None,209656000,,1.38,0.016,,,,-0.147,0.12,353053000,562709000,1.25,2008-03-31,14.43,281531000,1391100000.0,999957000,346538000,112882000,168725000,168725000,None,51585000000,None,1185498000,None,None,725239000,None,None,260281000,None,None,None,0.123,,672997000,326960000,165307000,-55884175000,None,None,None,,,,,1.202,1.923,1.326,,,,,,,,0.0654,,1753656000,2025-11-04,quarterly,1.37,USD,pre-market,52900000,1448021000,0.0516,0.102,0.027,65.04,661592000,873271000,148032000,None,74.71,80.0,9.6,4651244000,2264938000,927316000,2581751000,2386306000,1654435000,4823167000,2069493000,20.45,-5793000,89.21,55.43
2025-12-28,TKR,4.23,4544400000.0,20.45,None,1.217,45.0,,None,30144000,30144000,,,,,,,,,53064000,95982955,None,3823210000,3823210000,528052000,None,None,748483000,None,None,209656000,,1.38,0.016,,,,-0.147,0.12,353053000,562709000,1.25,2007-12-31,14.43,271784000,1391100000.0,999957000,346538000,112882000,160452000,160452000,None,51585000000,None,1087712000,None,None,580587000,None,None,260281000,None,None,None,0.123,,672997000,326960000,178912000,-16853198000,None,None,None,,,,,1.202,1.923,1.326,,,,,,,,0.0654,,1722081000,2025-11-04,quarterly,1.37,USD,pre-market,52900000,1379876000,0.0516,0.102,0.027,65.04,661592000,723155000,142568000,None,74.71,80.0,9.6,4379237000,2045251000,904422000,2418568000,2333986000,1514146000,4823167000,1960669000,20.45,-10779000,89.21,55.43
2025-12-28,TKR,4.23,4544400000.0,20.45,None,1.217,45.0,,None,87767000,87767000,,,,,,,,,53064000,96095860,None,3823210000,3823210000,502458000,None,None,734771000,None,None,209656000,,1.38,0.016,,,,-0.147,0.12,353053000,562709000,1.25,2007-09-30,14.43,215778000,1391100000.0,999957000,346538000,112882000,96965000,96965000,None,51585000000,None,1021961000,None,None,526521000,None,None,260281000,None,None,None,0.123,,672997000,326960000,173869000,-18214957000,None,None,None,,,,,1.202,1.923,1.326,,,,,,,,0.0654,,1644965000,2025-11-04,quarterly,1.37,USD,pre-market,52900000,1347871000,0.0516,0.102,0.027,65.04,661592000,601412000,74891000,None,74.71,80.0,9.6,4197052000,2018368000,808030000,2442779000,2178684000,1634749000,4823167000,1754273000,20.45,-10354000,89.21,55.43
2025-12-28,TKR,4.23,4544400000.0,20.45,None,1.217,45.0,,None,73339000,73339000,,,,,,,,,53064000,95389655,None,3823210000,3823210000,525945000,None,None,759285000,None,None,209656000,,1.38,0.016,,,,-0.147,0.12,353053000,562709000,1.25,2007-06-30,14.43,211527000,1391100000.0,999957000,346538000,112882000,98810000,98810000,None,51585000000,None,981287000,None,None,533856000,None,None,260281000,None,None,None,0.123,,672997000,326960000,192912000,-34522997000,None,None,None,,,,,1.202,1.923,1.326,,,,,,,,0.0654,,1623747000,2025-11-04,quarterly,1.37,USD,pre-market,52900000,1322909000,0.0516,0.102,0.027,65.04,661592000,598505000,64649000,None,74.71,80.0,9.6,4165646000,2006823000,818183000,2487253000,2158823000,1669070000,4823167000,1678393000,20.45,-9575000,89.21,55.43
2025-12-28,TKR,4.23,4544400000.0,20.45,None,1.217,45.0,,None,100818000,100818000,,,,,,,,,53064000,95182278,None,3823210000,3823210000,528742000,None,None,740837000,None,None,209656000,,1.38,0.016,,,,-0.147,0.12,353053000,562709000,1.25,2007-03-31,14.43,204247000,1391100000.0,999957000,346538000,112882000,101074000,101074000,None,51585000000,None,974967000,None,None,530590000,None,None,260281000,None,None,None,0.123,,672997000,326960000,180976000,-8353744000,None,None,None,,,,,1.202,1.923,1.326,,,,,,,,0.0654,,1598160000,2025-11-04,quarterly,1.37,USD,pre-market,52900000,1282832000,0.0516,0.102,0.027,65.04,661592000,668499000,137909000,None,74.71,80.0,9.6,4124063000,1997598000,845542000,2561806000,2126465000,1716264000,4823167000,1562257000,20.45,-5306000,89.21,55.43
2025-12-28,TKR,4.23,4544400000.0,20.45,None,1.217,45.0,,None,101072000,101072000,,,,,,,,,53064000,95182278,None,3823210000,3823210000,501880000,None,None,685836000,None,None,209656000,,1.38,0.016,,,,-0.147,0.12,353053000,562709000,1.25,2006-12-31,14.43,201899000,1391100000.0,999957000,346538000,112882000,104070000,104070000,None,51585000000,None,952310000,None,None,547390000,None,None,260281000,None,None,None,0.123,,672997000,326960000,161062000,-52485402000,None,None,None,,,,,1.202,1.923,1.326,,,,,,,,0.0654,,1601559000,2025-11-04,quarterly,1.37,USD,pre-market,52900000,1217167000,0.0516,0.102,0.027,65.04,661592000,597843000,50453000,None,74.71,80.0,9.6,4031533000,1900280000,835569000,2555353000,2131253000,1719784000,4823167000,1476180000,20.45,-2584000,89.21,55.43
2025-12-28,TKR,4.23,4544400000.0,20.45,None,1.217,45.0,,None,54069000,54069000,,,,,,,,,799053000,94993878,None,3823210000,3823210000,506866000,None,None,734631000,None,None,209656000,,1.38,0.016,,,,-0.147,0.12,353053000,562709000,1.25,2006-09-30,14.43,216961000,1391100000.0,999957000,346538000,112882000,180114000,180114000,None,51585000000,None,1077792000,None,None,548611000,None,None,260281000,None,None,None,0.123,,672997000,326960000,197015000,373708000,None,None,None,,,,,1.202,1.923,1.326,,,,,,,,0.0654,,1606782000,2025-11-04,quarterly,1.37,USD,pre-market,52900000,1196878000,0.0516,0.102,0.027,65.04,661592000,752777000,204166000,None,74.71,80.0,9.6,4144054000,2063507000,1084740000,2446751000,2080547000,1362011000,4823167000,1697303000,20.45,-2015000,89.21,55.43
2025-12-28,TKR,4.23,4544400000.0,20.45,None,1.217,45.0,,None,38752000,38752000,,,,,,,,,791585000,94545570,None,3823210000,3823210000,515055000,None,None,790171000,None,None,209656000,,1.38,0.016,,,,-0.147,0.12,353053000,562709000,1.25,2006-06-30,14.43,207943000,1391100000.0,999957000,346538000,112882000,180486000,180486000,None,51585000000,None,1046956000,None,None,529016000,None,None,260281000,None,None,None,0.123,,672997000,326960000,195417000,399991000,None,None,None,,,,,1.202,1.923,1.326,,,,,,,,0.0654,,1549643000,2025-11-04,quarterly,1.37,USD,pre-market,52900000,1165380000,0.0516,0.102,0.027,65.04,661592000,703999000,174983000,None,74.71,80.0,9.6,4095938000,2071296000,1090029000,2434636000,2024642000,1344607000,4823167000,1661302000,20.45,-1736000,89.21,55.43
2025-12-28,TKR,4.23,4544400000.0,20.45,None,1.217,45.0,,None,31285000,31285000,,,,,,,,,53064000,94200000,None,3823210000,3823210000,524228000,None,None,784900000,None,None,209656000,,1.38,0.016,,,,-0.147,0.12,353053000,562709000,1.25,2006-03-31,14.43,204892000,1391100000.0,999957000,346538000,112882000,182263000,182263000,None,51585000000,None,1045580000,None,None,560286000,None,None,260281000,None,None,None,0.123,,672997000,326960000,221966000,365436000,None,None,None,,,,,1.202,1.923,1.326,,,,,,,,0.0654,,1535583000,2025-11-04,quarterly,1.37,USD,pre-market,52900000,1104784000,0.0516,0.102,0.027,65.04,661592000,768523000,208237000,None,74.71,80.0,9.6,4083811000,2083751000,1097901000,2511589000,2000060000,1413688000,4823167000,1572222000,20.45,-418000,89.21,55.43
2025-12-28,TKR,4.23,4544400000.0,20.45,None,1.217,45.0,,None,65417000,65417000,,,,,,,,,53064000,94010483,None,3823210000,3823210000,470966000,None,None,657237000,None,None,209656000,,1.38,0.016,,,,-0.147,0.12,353053000,562709000,1.25,2005-12-31,14.43,204129000,1391100000.0,999957000,346538000,112882000,179043000,179043000,None,51585000000,None,998368000,None,None,561747000,None,None,260281000,None,None,None,0.123,,672997000,326960000,360361000,-33686770000,None,None,None,,,,,1.202,1.923,1.326,,,,,,,,0.0654,,1547044000,2025-11-04,quarterly,1.37,USD,pre-market,52900000,1052871000,0.0516,0.102,0.027,65.04,661592000,721026000,159279000,None,74.71,80.0,9.6,3993734000,1983309000,1074475000,2496667000,2010425000,1422192000,4823167000,1497067000,20.45,-4420000,89.21,55.43
2025-12-28,TKR,4.23,4544400000.0,20.45,None,1.217,45.0,,None,63105000,63105000,,,,,,,,,749898000,91688231,None,3823210000,3823210000,514255000,None,None,791729000,None,None,209656000,,1.38,0.016,,,,-0.147,0.12,353053000,562709000,1.25,2005-09-30,14.43,190200000,1391100000.0,999957000,346538000,112882000,363991000,363991000,None,51585000000,None,1004939000,None,None,533169000,None,None,260281000,None,None,None,0.123,,672997000,326960000,94821000,503247000,None,None,None,,,,,1.202,1.923,1.326,,,,,,,,0.0654,,1516325000,2025-11-04,quarterly,1.37,USD,pre-market,52900000,971900000,0.0516,0.102,0.027,65.04,661592000,802610000,269441000,None,74.71,80.0,9.6,4107822000,1954594000,1286943000,2703892000,2153228000,1416949000,4823167000,1403930000,20.45,-2810000,89.21,55.43
2025-12-28,TKR,4.23,4544400000.0,20.45,None,1.217,45.0,,116000000,373200000,373200000,,,,,,,,,40700000,70750000,None,3823210000,3823210000,321700000,None,13000000,805400000,None,None,209656000,,1.38,0.016,,,,-0.147,0.12,353053000,562709000,1.25,2024-12-31,14.43,1383300000,1391100000.0,999957000,346538000,112882000,1006500000,1006500000,None,51585000000,None,1195600000,None,None,2049700000,None,None,260281000,None,None,None,0.123,,672997000,326960000,126800000,429400000,None,110200000,None,,,,,1.202,1.923,1.326,,,,,,,,0.0654,,1437500000,2025-11-04,annual,1.37,USD,pre-market,52900000,2488800000,0.0516,0.102,0.027,65.04,661592000,2178700000,45000000,15900000,74.71,80.0,9.6,6411000000,2516900000,820500000,3426900000,3894100000,2606400000,4823167000,2826500000,20.45,None,89.21,55.43
2025-12-28,TKR,4.23,4544400000.0,20.45,None,1.217,45.0,,104600000,419300000,419300000,,,,,,,,,40700000,72081884,None,3823210000,3823210000,367200000,None,605600000,816200000,None,None,209656000,,1.38,0.016,,,,-0.147,0.12,353053000,562709000,1.25,2023-12-31,14.43,1369600000,1391100000.0,999957000,346538000,112882000,1031400000,1031400000,None,51585000000,None,1229100000,None,None,1790300000,None,None,260281000,None,None,None,0.123,,672997000,326960000,138700000,407300000,None,110000000,None,,,,,1.202,1.923,1.326,,,,,,,,0.0654,,1431600000,2025-11-04,annual,1.37,USD,pre-market,52900000,2232200000,0.0516,0.102,0.027,65.04,661592000,2500500000,631500000,31600000,74.71,80.0,9.6,6541700000,2634900000,1471300000,3839300000,3906800000,2368000000,4823167000,2582400000,20.45,None,89.21,55.43
2025-12-28,TKR,4.23,4544400000.0,20.45,None,1.217,45.0,,65200000,340700000,340700000,,,,,,,,,40700000,74323839,None,3823210000,3823210000,403900000,None,49000000,803500000,None,None,209656000,,1.38,0.016,,,,-0.147,0.12,353053000,562709000,1.25,2022-12-31,14.43,1098300000,1391100000.0,999957000,346538000,112882000,765300000,765300000,None,51585000000,None,1191300000,None,None,1914200000,None,None,260281000,None,None,None,0.123,,672997000,326960000,129300000,429800000,None,236000000,None,,,,,1.202,1.923,1.326,,,,,,,,0.0654,,1308800000,2025-11-04,annual,1.37,USD,pre-market,52900000,1932100000,0.0516,0.102,0.027,65.04,661592000,2052500000,73100000,39200000,74.71,80.0,9.6,5772400000,2504000000,1012400000,3419500000,3268399999,2407100000,4823167000,2268300000,20.45,None,89.21,55.43
2025-12-28,TKR,4.23,4544400000.0,20.45,None,1.217,45.0,,77600000,257100000,257100000,,,,,,,,,40700000,77006589,None,3823210000,3823210000,430000000,None,53800000,730900000,None,None,209656000,,1.38,0.016,,,,-0.147,0.12,353053000,562709000,1.25,2021-12-31,14.43,1022700000,1391100000.0,999957000,346538000,112882000,668800000,668800000,None,51585000000,None,1042700000,None,None,1411100000,None,None,260281000,None,None,None,0.123,,672997000,326960000,182800000,340600000,None,206300000,None,,,,,1.202,1.923,1.326,,,,,,,,0.0654,,1174200000,2025-11-04,annual,1.37,USD,pre-market,52900000,1616400000,0.0516,0.102,0.027,65.04,661592000,1568700000,80000000,56900000,74.71,80.0,9.6,5170700000,2213500000,896600000,2793000000,2957200000,1896400000,4823167000,2294900000,20.45,-126100000,89.21,55.43
2025-12-28,TKR,4.23,4544400000.0,20.45,None,1.217,45.0,,102700000,320300000,320300000,,,,,,,,,40700000,76401366,None,3823210000,3823210000,351400000,None,130700000,692000000,None,None,209656000,,1.38,0.016,,,,-0.147,0.12,353053000,562709000,1.25,2020-12-31,14.43,1047600000,1391100000.0,999957000,346538000,112882000,741400000,741400000,None,51585000000,None,841300000,None,None,1433900000,None,None,260281000,None,None,None,0.123,,672997000,326960000,109100000,143600000,None,385800000,None,,,,,1.202,1.923,1.326,,,,,,,,0.0654,,1153800000,2025-11-04,annual,1.37,USD,pre-market,52900000,1339500000,0.0516,0.102,0.027,65.04,661592000,1694500000,185100000,37600000,74.71,80.0,9.6,5041600000,2000300000,848000000,2816400000,3041300000,1968400000,4823167000,2152900000,20.45,-9300000,89.21,55.43
2025-12-28,TKR,4.23,4544400000.0,20.45,None,1.217,45.0,,99600000,209500000,209500000,,,,,,,,,53100000,76896565,None,3823210000,3823210000,301700000,None,82000000,674300000,None,None,209656000,,1.38,0.016,,,,-0.147,0.12,353053000,562709000,1.25,2019-12-31,14.43,993700000,1391100000.0,999957000,346538000,112882000,758500000,758500000,None,51585000000,None,842000000,None,None,1648100000,None,2500000,260281000,None,None,None,0.123,,672997000,326960000,148800000,154500000,None,352200000,None,,,,,1.202,1.923,1.326,,,,,,,,0.0654,,989200000,2025-11-04,annual,1.37,USD,pre-market,52900000,1907400000,0.0516,0.102,0.027,65.04,661592000,1829700000,110300000,25800000,74.71,80.0,9.6,4859900000,1874600000,736600000,2905100000,2985300000,2168500000,4823167000,1868200000,20.45,-979800000,89.21,55.43
2025-12-28,TKR,4.23,4544400000.0,20.45,None,1.217,45.0,,None,133100000,133100000,,,,,,,,,53100000,78337481,None,3823210000,3823210000,273200000,None,43000000,663200000,None,None,209656000,,1.38,0.016,,,,-0.147,0.12,353053000,562709000,1.25,2018-12-31,14.43,960500000,1391100000.0,999957000,346538000,112882000,733200000,733200000,None,51585000000,None,835700000,None,None,1638600000,None,2300000,260281000,None,None,None,0.123,,672997000,326960000,83400000,345900000,None,340300000,None,,,,,1.202,1.923,1.326,,,,,,,,0.0654,,912100000,2025-11-04,annual,1.37,USD,pre-market,52900000,1630200000,0.0516,0.102,0.027,65.04,661592000,1681600000,43000000,21800000,74.71,80.0,9.6,4445200000,1737200000,685600000,2802500000,2708000000,2116900000,4823167000,1579600000,20.45,-960300000,89.21,55.43
2025-12-28,TKR,4.23,4544400000.0,20.45,None,1.217,45.0,,None,121600000,121600000,,,,,,,,,53100000,78911149,None,3823210000,3823210000,265200000,None,108100000,524900000,None,None,209656000,,1.38,0.016,,,,-0.147,0.12,353053000,562709000,1.25,2017-12-31,14.43,511800000,1391100000.0,999957000,346538000,112882000,420600000,420600000,None,51585000000,None,738900000,None,None,854200000,None,2500000,260281000,None,None,None,0.123,,672997000,326960000,114700000,288600000,None,357600000,None,,,,,1.202,1.923,1.326,,,,,,,,0.0654,,864200000,2025-11-04,annual,1.37,USD,pre-market,52900000,1408400000,0.0516,0.102,0.027,65.04,661592000,962300000,108100000,16400000,74.71,80.0,9.6,3402400000,1500100000,671700000,1927500000,1902300000,1255800000,4823167000,1442700000,20.45,-884300000,89.21,55.43
2025-12-28,TKR,4.23,4544400000.0,20.45,None,1.217,45.0,,None,148800000,148800000,,,,,,,,,53100000,79234324,None,3823210000,3823210000,176200000,None,24200000,438000000,None,None,209656000,,1.38,0.016,,,,-0.147,0.12,353053000,562709000,1.25,2016-12-31,14.43,357500000,1391100000.0,999957000,346538000,112882000,271000000,271000000,None,51585000000,None,545800000,None,None,635000000,None,3100000,260281000,None,None,None,0.123,,672997000,326960000,71400000,235400000,None,360700000,None,,,,,1.202,1.923,1.326,,,,,,,,0.0654,,804400000,2025-11-04,annual,1.37,USD,pre-market,52900000,1528600000,0.0516,0.102,0.027,65.04,661592000,659200000,24200000,11700000,74.71,80.0,9.6,2758300000,1204000000,452700000,1452300000,1554300000,999600000,4823167000,1274900000,20.45,-891700000,89.21,55.43
2025-12-28,TKR,4.23,4544400000.0,20.45,None,1.217,45.0,,None,129600000,129600000,,,,,,,,,53100000,84631778,None,3823210000,3823210000,159700000,None,15100000,454600000,None,None,209656000,,1.38,0.016,,,,-0.147,0.12,353053000,562709000,1.25,2015-12-31,14.43,327300000,1391100000.0,999957000,346538000,112882000,271300000,271300000,None,51585000000,None,543200000,None,None,580600000,None,2600000,260281000,None,None,None,0.123,,672997000,326960000,79000000,255400000,None,351200000,None,,,,,1.202,1.923,1.326,,,,,,,,0.0654,,777800000,2025-11-04,annual,1.37,USD,pre-market,52900000,1457600000,0.0516,0.102,0.027,65.04,661592000,657700000,77100000,9700000,74.71,80.0,9.6,2790400000,1198800000,497700000,1433100000,1591600000,935400000,4823167000,1337200000,20.45,-804300000,89.21,55.43
2025-12-28,TKR,4.23,4544400000.0,20.45,None,1.217,45.0,,None,278800000,278800000,,,,,,,,,53100000,91217142,None,3823210000,3823210000,143900000,None,600000,475700000,None,None,209656000,,1.38,0.016,,,,-0.147,0.12,353053000,562709000,1.25,2014-12-31,14.43,259500000,1391100000.0,999957000,346538000,112882000,239800000,239800000,None,51585000000,None,585500000,None,None,522100000,None,1800000,260281000,None,None,None,0.123,,672997000,326960000,141900000,301500000,None,352300000,None,,,,,1.202,1.923,1.326,,,,,,,,0.0654,,780500000,2025-11-04,annual,1.37,USD,pre-market,52900000,1615400000,0.0516,0.102,0.027,65.04,661592000,530200000,8000000,8400000,74.71,80.0,9.6,3001400000,1481900000,533800000,1412300000,1519500000,878500000,4823167000,1576200000,20.45,-509200000,89.21,55.43
2025-12-28,TKR,4.23,4544400000.0,20.45,None,1.217,45.0,,None,384600000,384600000,,,,,,,,,53100000,95823728,None,3823210000,3823210000,139900000,None,None,444000000,None,None,209656000,,1.38,0.016,,,,-0.147,0.12,353053000,562709000,1.25,2013-12-31,14.43,346100000,1391100000.0,999957000,346538000,112882000,207400000,207400000,None,51585000000,None,809900000,None,None,206600000,None,None,260281000,None,None,None,0.123,,672997000,326960000,526300000,456200000,None,475700000,None,,,,,1.202,1.923,1.326,,,,,,,,0.0654,,1558100000,2025-11-04,annual,1.37,USD,pre-market,52900000,2586400000,0.0516,0.102,0.027,65.04,661592000,475900000,269300000,13900000,74.71,80.0,9.6,4489300000,1949400000,980100000,1840700000,2539900000,860600000,4823167000,2636600000,20.45,-273200000,89.21,55.43
2025-12-28,TKR,4.23,4544400000.0,20.45,None,1.217,45.0,,None,586400000,586400000,,,,,,,,,53100000,97602481,None,3823210000,3823210000,216200000,None,None,546700000,None,None,209656000,,1.38,0.016,,,,-0.147,0.12,353053000,562709000,1.25,2012-12-31,14.43,338900000,1391100000.0,999957000,346538000,112882000,224700000,224700000,None,51585000000,None,862100000,None,None,455100000,None,None,260281000,None,None,None,0.123,,672997000,326960000,178900000,391400000,None,870200000,None,,,,,1.202,1.923,1.326,,,,,,,,0.0654,,1405300000,2025-11-04,annual,1.37,USD,pre-market,52900000,2411200000,0.0516,0.102,0.027,65.04,661592000,479000000,23900000,17300000,74.71,80.0,9.6,4244700000,2174100000,667900000,1998100000,2070600000,1330200000,4823167000,2232200000,20.45,-110300000,89.21,55.43
2025-12-28,TKR,4.23,4544400000.0,20.45,None,1.217,45.0,,None,464800000,464800000,,,,,,,,,53100000,98655513,None,3823210000,3823210000,287300000,None,None,645500000,None,None,209656000,,1.38,0.016,,,,-0.147,0.12,353053000,562709000,1.25,2011-12-31,14.43,332700000,1391100000.0,999957000,346538000,112882000,235700000,235700000,None,51585000000,None,964400000,None,None,478800000,None,None,260281000,None,None,None,0.123,,672997000,326960000,217600000,447700000,None,978700000,None,,,,,1.202,1.923,1.326,,,,,,,,0.0654,,1308900000,2025-11-04,annual,1.37,USD,pre-market,52900000,2004700000,0.0516,0.102,0.027,65.04,661592000,515100000,36300000,35600000,74.71,80.0,9.6,4352100000,2292300000,844600000,2309600000,2059800000,1465000000,4823167000,2028300000,20.45,-29200000,89.21,55.43
2025-12-28,TKR,4.23,4544400000.0,20.45,None,1.217,45.0,,None,877100000,877100000,,,,,,,,,53100000,97516202,None,3823210000,3823210000,263500000,None,None,516600000,None,None,209656000,,1.38,0.016,,,,-0.147,0.12,353053000,562709000,1.25,2010-12-31,14.43,224400000,1391100000.0,999957000,346538000,112882000,129200000,129200000,None,51585000000,None,828500000,None,None,481700000,None,None,260281000,None,None,None,0.123,,672997000,326960000,177000000,409700000,None,1031000000,None,,,,,1.202,1.923,1.326,,,,,,,,0.0654,,1267700000,2025-11-04,annual,1.37,USD,pre-market,52900000,1626400000,0.0516,0.102,0.027,65.04,661592000,513700000,32000000,15000000,74.71,80.0,9.6,4180400000,2399200000,719900000,2238600000,1781200000,1518700000,4823167000,1925000000,20.45,-11500000,89.21,55.43
2025-12-28,TKR,4.23,4544400000.0,20.45,None,1.217,45.0,,None,755545000,755545000,,,,,,,,,53064000,96135783,None,3823210000,3823210000,156000000,None,None,411226000,None,None,209656000,,1.38,0.016,,,,-0.147,0.12,353053000,562709000,1.25,2009-12-31,14.43,221700000,1391100000.0,999957000,346538000,112882000,132100000,132100000,None,51585000000,None,671236000,None,None,469287000,None,None,260281000,None,None,None,0.123,,672997000,326960000,184553000,331800000,None,None,None,,,,,1.202,1.923,1.326,,,,,,,,0.0654,,1335228000,2025-11-04,annual,1.37,USD,pre-market,52900000,1402855000,0.0516,0.102,0.027,65.04,661592000,512667000,43400000,6948000,74.71,80.0,9.6,4006893000,2063138000,540433000,2411325000,1943755000,1870892000,4823167000,1577584000,20.45,-4698000,89.21,55.43
2025-12-28,TKR,4.23,4544400000.0,20.45,None,1.217,45.0,,None,116306000,116306000,,,,,,,,,53064000,96272763,None,3823210000,3823210000,423523000,None,None,609397000,None,None,209656000,,1.38,0.016,,,,-0.147,0.12,353053000,562709000,1.25,2008-12-31,14.43,221435000,1391100000.0,999957000,346538000,112882000,140899000,140899000,None,51585000000,None,1145695000,None,None,515250000,None,None,260281000,None,None,None,0.123,,672997000,326960000,162067000,238602000,None,None,None,,,,,1.202,1.923,1.326,,,,,,,,0.0654,,1743866000,2025-11-04,annual,1.37,USD,pre-market,52900000,1580084000,0.0516,0.102,0.027,65.04,661592000,623840000,108590000,23640000,74.71,80.0,9.6,4546264000,2032831000,798313000,2923673000,2513433000,2125360000,4823167000,1622591000,20.45,-11586000,89.21,55.43
2025-12-28,TKR,4.23,4544400000.0,20.45,None,1.217,45.0,,None,30144000,30144000,,,,,,,,,53064000,95675652,None,3823210000,3823210000,528052000,None,None,748483000,None,None,209656000,,1.38,0.016,,,,-0.147,0.12,353053000,562709000,1.25,2007-12-31,14.43,271784000,1391100000.0,999957000,346538000,112882000,160452000,160452000,None,51585000000,None,1087712000,None,None,580587000,None,None,260281000,None,None,None,0.123,,672997000,326960000,193116000,-16857898000,None,None,None,,,,,1.202,1.923,1.326,,,,,,,,0.0654,,1722081000,2025-11-04,annual,1.37,USD,pre-market,52900000,1379876000,0.0516,0.102,0.027,65.04,661592000,723155000,142568000,None,74.71,80.0,9.6,4379237000,2045251000,904422000,2418568000,2333986000,1514146000,4823167000,1960669000,20.45,-10779000,89.21,55.43
2025-12-28,TKR,4.23,4544400000.0,20.45,None,1.217,45.0,,None,101072000,101072000,,,,,,,,,53064000,94291102,None,3823210000,3823210000,501880000,None,None,685836000,None,None,209656000,,1.38,0.016,,,,-0.147,0.12,353053000,562709000,1.25,2006-12-31,14.43,201899000,1391100000.0,999957000,346538000,112882000,104070000,104070000,None,51585000000,None,952310000,None,None,547390000,None,None,260281000,None,None,None,0.123,,672997000,326960000,161062000,-52485402000,None,None,None,,,,,1.202,1.923,1.326,,,,,,,,0.0654,,1601559000,2025-11-04,annual,1.37,USD,pre-market,52900000,1217167000,0.0516,0.102,0.027,65.04,661592000,597843000,50453000,None,74.71,80.0,9.6,4031533000,1900280000,835569000,2555353000,2131253000,1719784000,4823167000,1476180000,20.45,-2584000,89.21,55.43
2025-12-28,TKR,4.23,4544400000.0,20.45,None,1.217,45.0,,None,65417000,65417000,,,,,,,,,53064000,92626690,None,3823210000,3823210000,470966000,None,None,657237000,None,None,209656000,,1.38,0.016,,,,-0.147,0.12,353053000,562709000,1.25,2005-12-31,14.43,204129000,1391100000.0,999957000,346538000,112882000,179043000,179043000,None,51585000000,None,998368000,None,None,561747000,None,None,260281000,None,None,None,0.123,,672997000,326960000,360361000,-33686770000,None,None,None,,,,,1.202,1.923,1.326,,,,,,,,0.0654,,1547044000,2025-11-04,annual,1.37,USD,pre-market,52900000,1052871000,0.0516,0.102,0.027,65.04,661592000,721026000,159279000,None,74.71,80.0,9.6,3993734000,1983309000,1074475000,2496667000,2010425000,1422192000,4823167000,1497067000,20.45,-4420000,89.21,55.43
2025-12-28,TKR,4.23,4544400000.0,20.45,None,1.217,45.0,37300000,None,65417000,65417000,-121900000,-45500000,None,None,-7300000,None,None,None,53064000,92626690,None,3823210000,3823210000,470966000,None,None,657237000,None,None,209656000,58600000,1.38,0.016,24400000,24400000,None,-0.147,0.12,353053000,562709000,1.25,2025-09-30,14.43,204129000,1391100000.0,999957000,346538000,112882000,179043000,179043000,None,51585000000,None,998368000,None,None,561747000,None,None,69300000,None,None,None,0.123,201100000,672997000,326960000,360361000,-33686770000,None,None,None,None,None,None,None,1.202,1.923,1.326,None,None,None,None,None,-44600000,None,0.0654,None,1547044000,2025-11-04,quarterly,1.37,USD,pre-market,52900000,1052871000,0.0516,0.102,0.027,65.04,661592000,721026000,159279000,None,74.71,80.0,9.6,3993734000,1983309000,1074475000,2496667000,2010425000,1422192000,4823167000,1497067000,20.45,-4420000,89.21,55.43
2025-12-28,TKR,4.23,4544400000.0,20.45,None,1.217,45.0,33100000,None,65417000,65417000,-54300000,-29100000,None,None,5200000,None,None,None,53064000,92626690,None,3823210000,3823210000,470966000,None,None,657237000,None,None,209656000,57200000,1.38,0.016,24400000,24400000,None,-0.147,0.12,353053000,562709000,1.25,2025-06-30,14.43,204129000,1391100000.0,999957000,346538000,112882000,179043000,179043000,None,51585000000,None,998368000,None,None,561747000,None,None,78500000,None,None,None,0.123,111300000,672997000,326960000,360361000,-33686770000,None,None,None,None,None,None,None,1.202,1.923,1.326,None,None,None,None,None,-22600000,None,0.0654,None,1547044000,2025-11-04,quarterly,1.37,USD,pre-market,52900000,1052871000,0.0516,0.102,0.027,65.04,661592000,721026000,159279000,None,74.71,80.0,9.6,3993734000,1983309000,1074475000,2496667000,2010425000,1422192000,4823167000,1497067000,20.45,-4420000,89.21,55.43
2025-12-28,TKR,4.23,4544400000.0,20.45,None,1.217,45.0,35200000,None,65417000,65417000,-30600000,-32500000,None,None,15300000,None,None,None,53064000,92626690,None,3823210000,3823210000,470966000,None,None,657237000,None,None,209656000,55100000,1.38,0.016,25100000,25100000,None,-0.147,0.12,353053000,562709000,1.25,2025-03-31,14.43,204129000,1391100000.0,999957000,346538000,112882000,179043000,179043000,None,51585000000,None,998368000,None,None,561747000,None,None,91400000,None,None,None,0.123,58600000,672997000,326960000,360361000,-33686770000,None,None,None,None,None,None,None,1.202,1.923,1.326,None,None,None,None,None,-23100000,None,0.0654,None,1547044000,2025-11-04,quarterly,1.37,USD,pre-market,52900000,1052871000,0.0516,0.102,0.027,65.04,661592000,721026000,159279000,None,74.71,80.0,9.6,3993734000,1983309000,1074475000,2496667000,2010425000,1422192000,4823167000,1497067000,20.45,-4420000,89.21,55.43
2025-12-28,TKR,4.23,4544400000.0,20.45,None,1.217,45.0,53600000,None,65417000,65417000,-140600000,-54600000,None,None,22100000,None,None,None,53064000,92626690,None,3823210000,3823210000,470966000,None,None,657237000,None,None,209656000,56200000,1.38,0.016,23900000,23900000,None,-0.147,0.12,353053000,562709000,1.25,2024-12-31,14.43,204129000,1391100000.0,999957000,346538000,112882000,179043000,179043000,None,51585000000,None,998368000,None,None,561747000,None,None,75100000,None,None,None,0.123,178600000,672997000,326960000,360361000,-33686770000,None,None,None,None,None,None,None,1.202,1.923,1.326,None,None,None,None,None,-9100000,None,0.0654,None,1547044000,2025-11-04,quarterly,1.37,USD,pre-market,52900000,1052871000,0.0516,0.102,0.027,65.04,661592000,721026000,159279000,None,74.71,80.0,9.6,3993734000,1983309000,1074475000,2496667000,2010425000,1422192000,4823167000,1497067000,20.45,-4420000,89.21,55.43
2025-12-28,TKR,4.23,4544400000.0,20.45,None,1.217,45.0,35000000,None,65417000,65417000,-2200000,-190600000,None,None,8100000,None,None,None,53064000,92626690,None,3823210000,3823210000,470966000,None,None,657237000,None,None,209656000,56100000,1.38,0.016,23800000,23800000,None,-0.147,0.12,353053000,562709000,1.25,2024-09-30,14.43,204129000,1391100000.0,999957000,346538000,112882000,179043000,179043000,None,51585000000,None,998368000,None,None,561747000,None,None,93400000,None,None,None,0.123,123200000,672997000,326960000,360361000,-33686770000,None,None,None,None,None,None,None,1.202,1.923,1.326,None,None,None,None,None,-1700000,None,0.0654,None,1547044000,2025-11-04,quarterly,1.37,USD,pre-market,52900000,1052871000,0.0516,0.102,0.027,65.04,661592000,721026000,159279000,None,74.71,80.0,9.6,3993734000,1983309000,1074475000,2496667000,2010425000,1422192000,4823167000,1497067000,20.45,-4420000,89.21,55.43
2025-12-28,TKR,4.23,4544400000.0,20.45,None,1.217,45.0,37300000,None,65417000,65417000,-37000000,-34900000,None,None,-9500000,None,None,None,53064000,92626690,None,3823210000,3823210000,470966000,None,None,657237000,None,None,209656000,54200000,1.38,0.016,23900000,23900000,None,-0.147,0.12,353053000,562709000,1.25,2024-06-30,14.43,204129000,1391100000.0,999957000,346538000,112882000,179043000,179043000,None,51585000000,None,998368000,None,None,561747000,None,None,102000000,None,None,None,0.123,124600000,672997000,326960000,360361000,-33686770000,None,None,None,None,None,None,None,1.202,1.923,1.326,None,None,None,None,None,-29700000,None,0.0654,None,1547044000,2025-11-04,quarterly,1.37,USD,pre-market,52900000,1052871000,0.0516,0.102,0.027,65.04,661592000,721026000,159279000,None,74.71,80.0,9.6,3993734000,1983309000,1074475000,2496667000,2010425000,1422192000,4823167000,1497067000,20.45,-4420000,89.21,55.43
2025-12-28,TKR,4.23,4544400000.0,20.45,None,1.217,45.0,44100000,None,65417000,65417000,-15000000,-24500000,None,None,-11100000,None,None,None,53064000,92626690,None,3823210000,3823210000,470966000,None,None,657237000,None,None,209656000,55300000,1.38,0.016,24500000,24500000,None,-0.147,0.12,353053000,562709000,1.25,2024-03-31,14.43,204129000,1391100000.0,999957000,346538000,112882000,179043000,179043000,None,51585000000,None,998368000,None,None,561747000,None,None,103500000,None,None,None,0.123,49300000,672997000,326960000,360361000,-33686770000,None,None,None,None,None,None,None,1.202,1.923,1.326,None,None,None,None,None,-8900000,None,0.0654,None,1547044000,2025-11-04,quarterly,1.37,USD,pre-market,52900000,1052871000,0.0516,0.102,0.027,65.04,661592000,721026000,159279000,None,74.71,80.0,9.6,3993734000,1983309000,1074475000,2496667000,2010425000,1422192000,4823167000,1497067000,20.45,-4420000,89.21,55.43
2025-12-28,TKR,4.23,4544400000.0,20.45,None,1.217,45.0,52900000,None,65417000,65417000,111500000,-207400000,None,None,24400000,None,None,None,53064000,92626690,None,3823210000,3823210000,470966000,None,None,657237000,None,None,209656000,52300000,1.38,0.016,23200000,23200000,None,-0.147,0.12,353053000,562709000,1.25,2023-12-31,14.43,204129000,1391100000.0,999957000,346538000,112882000,179043000,179043000,None,51585000000,None,998368000,None,None,561747000,None,None,58700000,None,None,None,0.123,128300000,672997000,326960000,360361000,-33686770000,None,None,None,None,None,None,None,1.202,1.923,1.326,None,None,None,None,None,-32500000,None,0.0654,None,1547044000,2025-11-04,quarterly,1.37,USD,pre-market,52900000,1052871000,0.0516,0.102,0.027,65.04,661592000,721026000,159279000,None,74.71,80.0,9.6,3993734000,1983309000,1074475000,2496667000,2010425000,1422192000,4823167000,1497067000,20.45,-4420000,89.21,55.43
2025-12-28,TKR,4.23,4544400000.0,20.45,None,1.217,45.0,43600000,None,65417000,65417000,26600000,-187100000,None,None,32300000,None,None,None,53064000,92626690,None,3823210000,3823210000,470966000,None,None,657237000,None,None,209656000,52200000,1.38,0.016,23400000,23400000,None,-0.147,0.12,353053000,562709000,1.25,2023-09-30,14.43,204129000,1391100000.0,999957000,346538000,112882000,179043000,179043000,None,51585000000,None,998368000,None,None,561747000,None,None,90900000,None,None,None,0.123,194300000,672997000,326960000,360361000,-33686770000,None,None,None,None,None,None,None,1.202,1.923,1.326,None,None,None,None,None,-63900000,None,0.0654,None,1547044000,2025-11-04,quarterly,1.37,USD,pre-market,52900000,1052871000,0.0516,0.102,0.027,65.04,661592000,721026000,159279000,None,74.71,80.0,9.6,3993734000,1983309000,1074475000,2496667000,2010425000,1422192000,4823167000,1497067000,20.45,-4420000,89.21,55.43
2025-12-28,TKR,4.23,4544400000.0,20.45,None,1.217,45.0,49600000,None,65417000,65417000,226500000,-347500000,23000000,None,9200000,None,None,-37100000,53064000,92626690,None,3823210000,3823210000,470966000,None,None,657237000,None,None,209656000,51200000,1.38,0.016,23800000,23800000,None,-0.147,0.12,353053000,562709000,1.25,2023-06-30,14.43,204129000,1391100000.0,999957000,346538000,112882000,179043000,179043000,None,51585000000,None,998368000,None,None,561747000,None,None,125200000,None,None,None,0.123,144000000,672997000,326960000,360361000,-33686770000,None,None,None,None,None,None,None,1.202,1.923,1.326,None,None,None,None,None,-100500000,None,0.0654,None,1547044000,2025-11-04,quarterly,1.37,USD,pre-market,52900000,1052871000,0.0516,0.102,0.027,65.04,661592000,721026000,159279000,None,74.71,80.0,9.6,3993734000,1983309000,1074475000,2496667000,2010425000,1422192000,4823167000,1497067000,20.45,-4420000,89.21,55.43
2025-12-28,TKR,4.23,4544400000.0,20.45,None,1.217,45.0,41700000,None,65417000,65417000,-17500000,-64500000,-3400000,None,6100000,None,None,-50300000,53064000,92626690,None,3823210000,3823210000,470966000,None,None,657237000,None,None,209656000,45600000,1.38,0.016,23600000,23600000,None,-0.147,0.12,353053000,562709000,1.25,2023-03-31,14.43,204129000,1391100000.0,999957000,346538000,112882000,179043000,179043000,None,51585000000,None,998368000,None,None,561747000,None,None,125700000,None,None,None,0.123,78600000,672997000,326960000,360361000,-33686770000,None,None,None,None,None,None,None,1.202,1.923,1.326,None,None,None,None,None,-54000000,None,0.0654,None,1547044000,2025-11-04,quarterly,1.37,USD,pre-market,52900000,1052871000,0.0516,0.102,0.027,65.04,661592000,721026000,159279000,None,74.71,80.0,9.6,3993734000,1983309000,1074475000,2496667000,2010425000,1422192000,4823167000,1497067000,20.45,-4420000,89.21,55.43
2025-12-28,TKR,4.23,4544400000.0,20.45,None,1.217,45.0,55900000,None,65417000,65417000,118300000,-331300000,28500000,None,1500000,None,None,83500000,53064000,92626690,None,3823210000,3823210000,470966000,None,None,657237000,None,None,209656000,42000000,1.38,0.016,22500000,22500000,None,-0.147,0.12,353053000,562709000,1.25,2022-12-31,14.43,204129000,1391100000.0,999957000,346538000,112882000,179043000,179043000,None,51585000000,None,998368000,None,None,561747000,None,None,99100000,None,None,None,0.123,241500000,672997000,326960000,360361000,-33686770000,None,None,None,None,None,None,None,1.202,1.923,1.326,None,None,None,None,None,-18300000,None,0.0654,None,1547044000,2025-11-04,quarterly,1.37,USD,pre-market,52900000,1052871000,0.0516,0.102,0.027,65.04,661592000,721026000,159279000,None,74.71,80.0,9.6,3993734000,1983309000,1074475000,2496667000,2010425000,1422192000,4823167000,1497067000,20.45,-4420000,89.21,55.43
2025-12-28,TKR,4.23,4544400000.0,20.45,None,1.217,45.0,47300000,None,65417000,65417000,-88900000,-43300000,13000000,None,-21000000,None,None,-7700000,53064000,92626690,None,3823210000,3823210000,470966000,None,None,657237000,None,None,209656000,39900000,1.38,0.016,22800000,22800000,None,-0.147,0.12,353053000,562709000,1.25,2022-09-30,14.43,204129000,1391100000.0,999957000,346538000,112882000,179043000,179043000,None,51585000000,None,998368000,None,None,561747000,None,None,90400000,None,None,None,0.123,145200000,672997000,326960000,360361000,-33686770000,None,None,None,None,None,None,None,1.202,1.923,1.326,None,None,None,None,None,-49000000,None,0.0654,None,1547044000,2025-11-04,quarterly,1.37,USD,pre-market,52900000,1052871000,0.0516,0.102,0.027,65.04,661592000,721026000,159279000,None,74.71,80.0,9.6,3993734000,1983309000,1074475000,2496667000,2010425000,1422192000,4823167000,1497067000,20.45,-4420000,89.21,55.43
2025-12-28,TKR,4.23,4544400000.0,20.45,None,1.217,45.0,40900000,None,65417000,65417000,-27300000,-163700000,-112700000,None,-55900000,None,None,-31100000,53064000,92626690,None,3823210000,3823210000,470966000,None,None,657237000,None,None,209656000,40700000,1.38,0.016,22900000,22900000,None,-0.147,0.12,353053000,562709000,1.25,2022-06-30,14.43,204129000,1391100000.0,999957000,346538000,112882000,179043000,179043000,None,51585000000,None,998368000,None,None,561747000,None,None,105000000,None,None,None,0.123,78300000,672997000,326960000,360361000,-33686770000,None,None,None,None,None,None,None,1.202,1.923,1.326,None,None,None,None,None,-44300000,None,0.0654,None,1547044000,2025-11-04,quarterly,1.37,USD,pre-market,52900000,1052871000,0.0516,0.102,0.027,65.04,661592000,721026000,159279000,None,74.71,80.0,9.6,3993734000,1983309000,1074475000,2496667000,2010425000,1422192000,4823167000,1497067000,20.45,-4420000,89.21,55.43
2025-12-28,TKR,4.23,4544400000.0,20.45,None,1.217,45.0,34300000,None,65417000,65417000,204700000,-35000000,168500000,None,-70200000,None,None,-118200000,53064000,92626690,None,3823210000,3823210000,470966000,None,None,657237000,None,None,209656000,41400000,1.38,0.016,23500000,23500000,None,-0.147,0.12,353053000,562709000,1.25,2022-03-31,14.43,204129000,1391100000.0,999957000,346538000,112882000,179043000,179043000,None,51585000000,None,998368000,None,None,561747000,None,None,121900000,None,None,None,0.123,-1200000,672997000,326960000,360361000,-33686770000,None,None,None,None,None,None,None,1.202,1.923,1.326,None,None,None,None,None,-100000000,None,0.0654,None,1547044000,2025-11-04,quarterly,1.37,USD,pre-market,52900000,1052871000,0.0516,0.102,0.027,65.04,661592000,721026000,159279000,None,74.71,80.0,9.6,3993734000,1983309000,1074475000,2496667000,2010425000,1422192000,4823167000,1497067000,20.45,-4420000,89.21,55.43
2025-12-28,TKR,4.23,4544400000.0,20.45,None,1.217,45.0,44700000,None,65417000,65417000,-46900000,-57900000,-4700000,-2600000,-71600000,None,None,71700000,53064000,92626690,None,3823210000,3823210000,470966000,None,None,657237000,None,None,209656000,41300000,1.38,0.016,22700000,22700000,None,-0.147,0.12,353053000,562709000,1.25,2021-12-31,14.43,204129000,1391100000.0,999957000,346538000,112882000,179043000,179043000,None,51585000000,None,998368000,None,None,561747000,None,None,66700000,None,None,None,0.123,102800000,672997000,326960000,360361000,-33686770000,None,None,None,None,None,None,None,1.202,1.923,1.326,None,None,None,None,None,-36400000,None,0.0654,None,1547044000,2025-11-04,quarterly,1.37,USD,pre-market,52900000,1052871000,0.0516,0.102,0.027,65.04,661592000,721026000,159279000,None,74.71,80.0,9.6,3993734000,1983309000,1074475000,2496667000,2010425000,1422192000,4823167000,1497067000,20.45,-4420000,89.21,55.43
2025-12-28,TKR,4.23,4544400000.0,20.45,None,1.217,45.0,43100000,None,65417000,65417000,-103500000,-42000000,-43700000,-4000000,-62800000,None,None,-1700000,53064000,92626690,None,3823210000,3823210000,470966000,None,None,657237000,None,None,209656000,41300000,1.38,0.016,22800000,22800000,None,-0.147,0.12,353053000,562709000,1.25,2021-09-30,14.43,204129000,1391100000.0,999957000,346538000,112882000,179043000,179043000,None,51585000000,None,998368000,None,None,561747000,None,None,91600000,None,None,None,0.123,105800000,672997000,326960000,360361000,-33686770000,None,None,None,None,None,None,None,1.202,1.923,1.326,None,None,None,None,None,-30300000,None,0.0654,None,1547044000,2025-11-04,quarterly,1.37,USD,pre-market,52900000,1052871000,0.0516,0.102,0.027,65.04,661592000,721026000,159279000,None,74.71,80.0,9.6,3993734000,1983309000,1074475000,2496667000,2010425000,1422192000,4823167000,1497067000,20.45,-4420000,89.21,55.43
2025-12-28,TKR,4.23,4544400000.0,20.45,None,1.217,45.0,31100000,None,65417000,65417000,-112500000,-34500000,3200000,3100000,-48100000,None,None,13100000,53064000,92626690,None,3823210000,3823210000,470966000,None,None,657237000,None,None,209656000,42200000,1.38,0.016,22900000,22900000,None,-0.147,0.12,353053000,562709000,1.25,2021-06-30,14.43,204129000,1391100000.0,999957000,346538000,112882000,179043000,179043000,None,51585000000,None,998368000,None,None,561747000,None,None,104800000,None,None,None,0.123,147100000,672997000,326960000,360361000,-33686770000,None,None,None,None,None,None,None,1.202,1.923,1.326,None,None,None,None,None,-5700000,None,0.0654,None,1547044000,2025-11-04,quarterly,1.37,USD,pre-market,52900000,1052871000,0.0516,0.102,0.027,65.04,661592000,721026000,159279000,None,74.71,80.0,9.6,3993734000,1983309000,1074475000,2496667000,2010425000,1422192000,4823167000,1497067000,20.45,-4420000,89.21,55.43
2025-12-28,TKR,4.23,4544400000.0,20.45,None,1.217,45.0,29400000,None,65417000,65417000,-6400000,-39400000,-18000000,-3900000,-33300000,None,None,-138900000,53064000,92626690,None,3823210000,3823210000,470966000,None,None,657237000,None,None,209656000,43000000,1.38,0.016,23800000,23800000,None,-0.147,0.12,353053000,562709000,1.25,2021-03-31,14.43,204129000,1391100000.0,999957000,346538000,112882000,179043000,179043000,None,51585000000,None,998368000,None,None,561747000,None,None,116000000,None,None,None,0.123,31700000,672997000,326960000,360361000,-33686770000,None,None,None,None,None,None,None,1.202,1.923,1.326,None,None,None,None,None,-26300000,None,0.0654,None,1547044000,2025-11-04,quarterly,1.37,USD,pre-market,52900000,1052871000,0.0516,0.102,0.027,65.04,661592000,721026000,159279000,None,74.71,80.0,9.6,3993734000,1983309000,1074475000,2496667000,2010425000,1422192000,4823167000,1497067000,20.45,-4420000,89.21,55.43
2025-12-28,TKR,4.23,4544400000.0,20.45,None,1.217,45.0,35900000,None,65417000,65417000,-73400000,-52100000,7100000,12200000,-20500000,None,None,-48300000,53064000,92626690,None,3823210000,3823210000,470966000,None,None,657237000,None,None,209656000,41900000,1.38,0.016,22000000,22000000,None,-0.147,0.12,353053000,562709000,1.25,2020-12-31,14.43,204129000,1391100000.0,999957000,346538000,112882000,179043000,179043000,None,51585000000,None,998368000,None,None,561747000,None,None,53100000,None,None,None,0.123,120400000,672997000,326960000,360361000,-33686770000,None,None,None,None,None,None,None,1.202,1.923,1.326,None,None,None,None,None,-7000000,None,0.0654,None,1547044000,2025-11-04,quarterly,1.37,USD,pre-market,52900000,1052871000,0.0516,0.102,0.027,65.04,661592000,721026000,159279000,None,74.71,80.0,9.6,3993734000,1983309000,1074475000,2496667000,2010425000,1422192000,4823167000,1497067000,20.45,-4420000,89.21,55.43
2025-12-28,TKR,4.23,4544400000.0,20.45,None,1.217,45.0,29200000,None,65417000,65417000,-226400000,-36700000,-102100000,7400000,6600000,None,None,19200000,53064000,92626690,None,3823210000,3823210000,470966000,None,None,657237000,None,None,209656000,41200000,1.38,0.016,21100000,21100000,None,-0.147,0.12,353053000,562709000,1.25,2020-09-30,14.43,204129000,1391100000.0,999957000,346538000,112882000,179043000,179043000,None,51585000000,None,998368000,None,None,561747000,None,None,88800000,None,None,None,0.123,153600000,672997000,326960000,360361000,-33686770000,None,None,None,None,None,None,None,1.202,1.923,1.326,None,None,None,None,None,-1600000,None,0.0654,None,1547044000,2025-11-04,quarterly,1.37,USD,pre-market,52900000,1052871000,0.0516,0.102,0.027,65.04,661592000,721026000,159279000,None,74.71,80.0,9.6,3993734000,1983309000,1074475000,2496667000,2010425000,1422192000,4823167000,1497067000,20.45,-4420000,89.21,55.43
2025-12-28,TKR,4.23,4544400000.0,20.45,None,1.217,45.0,24700000,None,65417000,65417000,-197800000,-33100000,22100000,5600000,41000000,None,None,-39200000,53064000,92626690,None,3823210000,3823210000,470966000,None,None,657237000,None,None,209656000,41700000,1.38,0.016,21000000,21000000,None,-0.147,0.12,353053000,562709000,1.25,2020-06-30,14.43,204129000,1391100000.0,999957000,346538000,112882000,179043000,179043000,None,51585000000,None,998368000,None,None,561747000,None,None,61900000,None,None,None,0.123,247400000,672997000,326960000,360361000,-33686770000,None,None,None,None,None,None,None,1.202,1.923,1.326,None,None,None,None,None,-200000,None,0.0654,None,1547044000,2025-11-04,quarterly,1.37,USD,pre-market,52900000,1052871000,0.0516,0.102,0.027,65.04,661592000,721026000,159279000,None,74.71,80.0,9.6,3993734000,1983309000,1074475000,2496667000,2010425000,1422192000,4823167000,1497067000,20.45,-4420000,89.21,55.43
2025-12-28,TKR,4.23,4544400000.0,20.45,None,1.217,45.0,31800000,None,65417000,65417000,166500000,-31600000,177800000,-13300000,300000,None,None,47600000,53064000,92626690,None,3823210000,3823210000,470966000,None,None,657237000,None,None,209656000,42300000,1.38,0.016,22900000,22900000,None,-0.147,0.12,353053000,562709000,1.25,2020-03-31,14.43,204129000,1391100000.0,999957000,346538000,112882000,179043000,179043000,None,51585000000,None,998368000,None,None,561747000,None,None,84000000,None,None,None,0.123,56200000,672997000,326960000,360361000,-33686770000,None,None,None,None,None,None,None,1.202,1.923,1.326,None,None,None,None,None,-42300000,None,0.0654,None,1547044000,2025-11-04,quarterly,1.37,USD,pre-market,52900000,1052871000,0.0516,0.102,0.027,65.04,661592000,721026000,159279000,None,74.71,80.0,9.6,3993734000,1983309000,1074475000,2496667000,2010425000,1422192000,4823167000,1497067000,20.45,-4420000,89.21,55.43
2025-12-28,TKR,4.23,4544400000.0,20.45,None,1.217,45.0,57700000,None,65417000,65417000,36700000,-202700000,34300000,5000000,12900000,None,None,5100000,53064000,92626690,None,3823210000,3823210000,470966000,None,None,657237000,None,None,209656000,40200000,1.38,0.016,21100000,21100000,None,-0.147,0.12,353053000,562709000,1.25,2019-12-31,14.43,204129000,1391100000.0,999957000,346538000,112882000,179043000,179043000,None,51585000000,None,998368000,None,None,561747000,None,None,117800000,None,None,None,0.123,195300000,672997000,326960000,360361000,-33686770000,None,None,None,None,None,None,None,1.202,1.923,1.326,None,None,None,None,None,-6600000,None,0.0654,None,1547044000,2025-11-04,quarterly,1.37,USD,pre-market,52900000,1052871000,0.0516,0.102,0.027,65.04,661592000,721026000,159279000,None,74.71,80.0,9.6,3993734000,1983309000,1074475000,2496667000,2010425000,1422192000,4823167000,1497067000,20.45,-4420000,89.21,55.43
2025-12-28,TKR,4.23,4544400000.0,20.45,None,1.217,45.0,43700000,None,65417000,65417000,-80500000,-42400000,14500000,-7500000,21200000,None,None,-29500000,53064000,92626690,None,3823210000,3823210000,470966000,None,None,657237000,None,None,209656000,39200000,1.38,0.016,21200000,21200000,None,-0.147,0.12,353053000,562709000,1.25,2019-09-30,14.43,204129000,1391100000.0,999957000,346538000,112882000,179043000,179043000,None,51585000000,None,998368000,None,None,561747000,None,None,66700000,None,None,None,0.123,144900000,672997000,326960000,360361000,-33686770000,None,None,None,None,None,None,None,1.202,1.923,1.326,None,None,None,None,None,-32500000,None,0.0654,None,1547044000,2025-11-04,quarterly,1.37,USD,pre-market,52900000,1052871000,0.0516,0.102,0.027,65.04,661592000,721026000,159279000,None,74.71,80.0,9.6,3993734000,1983309000,1074475000,2496667000,2010425000,1422192000,4823167000,1497067000,20.45,-4420000,89.21,55.43
2025-12-28,TKR,4.23,4544400000.0,20.45,None,1.217,45.0,23000000,None,65417000,65417000,-130300000,-100200000,-72700000,200000,20700000,None,None,107500000,53064000,92626690,None,3823210000,3823210000,470966000,None,None,657237000,None,None,209656000,41700000,1.38,0.016,21300000,21300000,None,-0.147,0.12,353053000,562709000,1.25,2019-06-30,14.43,204129000,1391100000.0,999957000,346538000,112882000,179043000,179043000,None,51585000000,None,998368000,None,None,561747000,None,None,98300000,None,None,None,0.123,157600000,672997000,326960000,360361000,-33686770000,None,None,None,None,None,None,None,1.202,1.923,1.326,None,None,None,None,None,-15300000,None,0.0654,None,1547044000,2025-11-04,quarterly,1.37,USD,pre-market,52900000,1052871000,0.0516,0.102,0.027,65.04,661592000,721026000,159279000,None,74.71,80.0,9.6,3993734000,1983309000,1074475000,2496667000,2010425000,1422192000,4823167000,1497067000,20.45,-4420000,89.21,55.43
2025-12-28,TKR,4.23,4544400000.0,20.45,None,1.217,45.0,16200000,None,65417000,65417000,73400000,-19600000,107000000,900000,-4100000,None,None,-71600000,53064000,92626690,None,3823210000,3823210000,470966000,None,None,657237000,None,None,209656000,39500000,1.38,0.016,21300000,21300000,None,-0.147,0.12,353053000,562709000,1.25,2019-03-31,14.43,204129000,1391100000.0,999957000,346538000,112882000,179043000,179043000,None,51585000000,None,998368000,None,None,561747000,None,None,91900000,None,None,None,0.123,52300000,672997000,326960000,360361000,-33686770000,None,None,None,None,None,None,None,1.202,1.923,1.326,None,None,None,None,None,-8300000,None,0.0654,None,1547044000,2025-11-04,quarterly,1.37,USD,pre-market,52900000,1052871000,0.0516,0.102,0.027,65.04,661592000,721026000,159279000,None,74.71,80.0,9.6,3993734000,1983309000,1074475000,2496667000,2010425000,1422192000,4823167000,1497067000,20.45,-4420000,89.21,55.43
2025-12-28,TKR,4.23,4544400000.0,20.45,None,1.217,45.0,49800000,None,65417000,65417000,-104200000,-54900000,-21900000,-300000,7200000,None,None,15100000,53064000,92626690,None,3823210000,3823210000,470966000,None,None,657237000,None,None,209656000,40100000,1.38,0.016,21500000,21500000,None,-0.147,0.12,353053000,562709000,1.25,2018-12-31,14.43,204129000,1391100000.0,999957000,346538000,112882000,179043000,179043000,None,51585000000,None,998368000,None,None,561747000,None,None,60000000,None,None,None,0.123,137500000,672997000,326960000,360361000,-33686770000,None,None,None,None,None,None,None,1.202,1.923,1.326,None,None,None,None,None,-35500000,None,0.0654,None,1547044000,2025-11-04,quarterly,1.37,USD,pre-market,52900000,1052871000,0.0516,0.102,0.027,65.04,661592000,721026000,159279000,None,74.71,80.0,9.6,3993734000,1983309000,1074475000,2496667000,2010425000,1422192000,4823167000,1497067000,20.45,-4420000,89.21,55.43
2025-12-28,TKR,4.23,4544400000.0,20.45,None,1.217,45.0,23200000,None,65417000,65417000,649400000,-774300000,8400000,-3900000,-14400000,None,None,10900000,53064000,92626690,None,3823210000,3823210000,470966000,None,None,657237000,None,None,209656000,35100000,1.38,0.016,21500000,21500000,None,-0.147,0.12,353053000,562709000,1.25,2018-09-30,14.43,204129000,1391100000.0,999957000,346538000,112882000,179043000,179043000,None,51585000000,None,998368000,None,None,561747000,None,None,71600000,None,None,None,0.123,137100000,672997000,326960000,360361000,-33686770000,None,None,None,None,None,None,None,1.202,1.923,1.326,None,None,None,None,None,-13400000,None,0.0654,None,1547044000,2025-11-04,quarterly,1.37,USD,pre-market,52900000,1052871000,0.0516,0.102,0.027,65.04,661592000,721026000,159279000,None,74.71,80.0,9.6,3993734000,1983309000,1074475000,2496667000,2010425000,1422192000,4823167000,1497067000,20.45,-4420000,89.21,55.43
2025-12-28,TKR,4.23,4544400000.0,20.45,None,1.217,45.0,21800000,None,65417000,65417000,-44400000,-22000000,26300000,-9400000,-26100000,None,None,-186300000,53064000,92626690,None,3823210000,3823210000,470966000,None,None,657237000,None,None,209656000,35000000,1.38,0.016,21600000,21600000,None,-0.147,0.12,353053000,562709000,1.25,2018-06-30,14.43,204129000,1391100000.0,999957000,346538000,112882000,179043000,179043000,None,51585000000,None,998368000,None,None,561747000,None,None,91000000,None,None,None,0.123,102100000,672997000,326960000,360361000,-33686770000,None,None,None,None,None,None,None,1.202,1.923,1.326,None,None,None,None,None,-26900000,None,0.0654,None,1547044000,2025-11-04,quarterly,1.37,USD,pre-market,52900000,1052871000,0.0516,0.102,0.027,65.04,661592000,721026000,159279000,None,74.71,80.0,9.6,3993734000,1983309000,1074475000,2496667000,2010425000,1422192000,4823167000,1497067000,20.45,-4420000,89.21,55.43
2025-12-28,TKR,4.23,4544400000.0,20.45,None,1.217,45.0,17800000,None,65417000,65417000,52300000,-14000000,-5100000,900000,-53800000,None,None,72100000,53064000,92626690,None,3823210000,3823210000,470966000,None,None,657237000,None,None,209656000,35800000,1.38,0.016,21100000,21100000,None,-0.147,0.12,353053000,562709000,1.25,2018-03-31,14.43,204129000,1391100000.0,999957000,346538000,112882000,179043000,179043000,None,51585000000,None,998368000,None,None,561747000,None,None,80200000,None,None,None,0.123,-44300000,672997000,326960000,360361000,-33686770000,None,None,None,None,None,None,None,1.202,1.923,1.326,None,None,None,None,None,-22700000,None,0.0654,None,1547044000,2025-11-04,quarterly,1.37,USD,pre-market,52900000,1052871000,0.0516,0.102,0.027,65.04,661592000,721026000,159279000,None,74.71,80.0,9.6,3993734000,1983309000,1074475000,2496667000,2010425000,1422192000,4823167000,1497067000,20.45,-4420000,89.21,55.43
2025-12-28,TKR,4.23,4544400000.0,20.45,None,1.217,45.0,42200000,None,65417000,65417000,-69300000,-41300000,-15600000,1100000,-46700000,None,None,-103900000,53064000,92626690,None,3823210000,3823210000,470966000,None,None,657237000,None,None,209656000,35200000,1.38,0.016,20900000,20900000,None,-0.147,0.12,353053000,562709000,1.25,2017-12-31,14.43,204129000,1391100000.0,999957000,346538000,112882000,179043000,179043000,None,51585000000,None,998368000,None,None,561747000,None,None,29200000,None,None,None,0.123,93900000,672997000,326960000,360361000,-33686770000,None,None,None,None,None,None,None,1.202,1.923,1.326,None,None,None,None,None,-2400000,None,0.0654,None,1547044000,2025-11-04,quarterly,1.37,USD,pre-market,52900000,1052871000,0.0516,0.102,0.027,65.04,661592000,721026000,159279000,None,74.71,80.0,9.6,3993734000,1983309000,1074475000,2496667000,2010425000,1422192000,4823167000,1497067000,20.45,-4420000,89.21,55.43
2025-12-28,TKR,4.23,4544400000.0,20.45,None,1.217,45.0,22600000,None,65417000,65417000,-43600000,-298500000,-307900000,5800000,-47300000,None,None,15600000,53064000,92626690,None,3823210000,3823210000,470966000,None,None,657237000,None,None,209656000,35700000,1.38,0.016,21000000,21000000,None,-0.147,0.12,353053000,562709000,1.25,2017-09-30,14.43,204129000,1391100000.0,999957000,346538000,112882000,179043000,179043000,None,51585000000,None,998368000,None,None,561747000,None,None,53500000,None,None,None,0.123,28400000,672997000,326960000,360361000,-33686770000,None,None,None,None,None,None,None,1.202,1.923,1.326,None,None,None,None,None,-14000000,None,0.0654,None,1547044000,2025-11-04,quarterly,1.37,USD,pre-market,52900000,1052871000,0.0516,0.102,0.027,65.04,661592000,721026000,159279000,None,74.71,80.0,9.6,3993734000,1983309000,1074475000,2496667000,2010425000,1422192000,4823167000,1497067000,20.45,-4420000,89.21,55.43
2025-12-28,TKR,4.23,4544400000.0,20.45,None,1.217,45.0,20600000,None,65417000,65417000,322900000,-82000000,315600000,6900000,-31600000,None,None,-4300000,53064000,92626690,None,3823210000,3823210000,470966000,None,None,657237000,None,None,209656000,33900000,1.38,0.016,21100000,21100000,None,-0.147,0.12,353053000,562709000,1.25,2017-06-30,14.43,204129000,1391100000.0,999957000,346538000,112882000,179043000,179043000,None,51585000000,None,998368000,None,None,561747000,None,None,82500000,None,None,None,0.123,67800000,672997000,326960000,360361000,-33686770000,None,None,None,None,None,None,None,1.202,1.923,1.326,None,None,None,None,None,-18900000,None,0.0654,None,1547044000,2025-11-04,quarterly,1.37,USD,pre-market,52900000,1052871000,0.0516,0.102,0.027,65.04,661592000,721026000,159279000,None,74.71,80.0,9.6,3993734000,1983309000,1074475000,2496667000,2010425000,1422192000,4823167000,1497067000,20.45,-4420000,89.21,55.43
2025-12-28,TKR,4.23,4544400000.0,20.45,None,1.217,45.0,19300000,None,65417000,65417000,-43000000,-26900000,-19300000,3900000,-6500000,None,None,50300000,53064000,92626690,None,3823210000,3823210000,470966000,None,None,657237000,None,None,209656000,32900000,1.38,0.016,20300000,20300000,None,-0.147,0.12,353053000,562709000,1.25,2017-03-31,14.43,204129000,1391100000.0,999957000,346538000,112882000,179043000,179043000,None,51585000000,None,998368000,None,None,561747000,None,None,38200000,None,None,None,0.123,46700000,672997000,326960000,360361000,-33686770000,None,None,None,None,None,None,None,1.202,1.923,1.326,None,None,None,None,None,-8100000,None,0.0654,None,1547044000,2025-11-04,quarterly,1.37,USD,pre-market,52900000,1052871000,0.0516,0.102,0.027,65.04,661592000,721026000,159279000,None,74.71,80.0,9.6,3993734000,1983309000,1074475000,2496667000,2010425000,1422192000,4823167000,1497067000,20.45,-4420000,89.21,55.43
2025-12-28,TKR,4.23,4544400000.0,20.45,None,1.217,45.0,53100000,None,65417000,65417000,-31300000,-67700000,19800000,-6100000,23700000,None,None,-8100000,53064000,92626690,None,3823210000,3823210000,470966000,None,None,657237000,None,None,209656000,33400000,1.38,0.016,20200000,20200000,None,-0.147,0.12,353053000,562709000,1.25,2016-12-31,14.43,204129000,1391100000.0,999957000,346538000,112882000,179043000,179043000,None,51585000000,None,998368000,None,None,561747000,None,None,24100000,None,None,None,0.123,124900000,672997000,326960000,360361000,-33686770000,None,None,None,None,None,None,None,1.202,1.923,1.326,None,None,None,None,None,-17700000,None,0.0654,None,1547044000,2025-11-04,quarterly,1.37,USD,pre-market,52900000,1052871000,0.0516,0.102,0.027,65.04,661592000,721026000,159279000,None,74.71,80.0,9.6,3993734000,1983309000,1074475000,2496667000,2010425000,1422192000,4823167000,1497067000,20.45,-4420000,89.21,55.43
2025-12-28,TKR,4.23,4544400000.0,20.45,None,1.217,45.0,34000000,None,65417000,65417000,-9600000,-92300000,-27000000,400000,-5400000,None,None,-7500000,53064000,92626690,None,3823210000,3823210000,470966000,None,None,657237000,None,None,209656000,33300000,1.38,0.016,20300000,20300000,None,-0.147,0.12,353053000,562709000,1.25,2016-09-30,14.43,204129000,1391100000.0,999957000,346538000,112882000,179043000,179043000,None,51585000000,None,998368000,None,None,561747000,None,None,20600000,None,None,None,0.123,74500000,672997000,326960000,360361000,-33686770000,None,None,None,None,None,None,None,1.202,1.923,1.326,None,None,None,None,None,-15100000,None,0.0654,None,1547044000,2025-11-04,quarterly,1.37,USD,pre-market,52900000,1052871000,0.0516,0.102,0.027,65.04,661592000,721026000,159279000,None,74.71,80.0,9.6,3993734000,1983309000,1074475000,2496667000,2010425000,1422192000,4823167000,1497067000,20.45,-4420000,89.21,55.43
2025-12-28,TKR,4.23,4544400000.0,20.45,None,1.217,45.0,26200000,None,65417000,65417000,-109100000,-26400000,18700000,-1300000,-8100000,None,None,-9600000,53064000,92626690,None,3823210000,3823210000,470966000,None,None,657237000,None,None,209656000,32400000,1.38,0.016,20400000,20400000,None,-0.147,0.12,353053000,562709000,1.25,2016-06-30,14.43,204129000,1391100000.0,999957000,346538000,112882000,179043000,179043000,None,51585000000,None,998368000,None,None,561747000,None,None,44900000,None,None,None,0.123,155500000,672997000,326960000,360361000,-33686770000,None,None,None,None,None,None,None,1.202,1.923,1.326,None,None,None,None,None,-33200000,None,0.0654,None,1547044000,2025-11-04,quarterly,1.37,USD,pre-market,52900000,1052871000,0.0516,0.102,0.027,65.04,661592000,721026000,159279000,None,74.71,80.0,9.6,3993734000,1983309000,1074475000,2496667000,2010425000,1422192000,4823167000,1497067000,20.45,-4420000,89.21,55.43
2025-12-28,TKR,4.23,4544400000.0,20.45,None,1.217,45.0,24200000,None,65417000,65417000,-19400000,-24600000,7700000,4600000,-100000,None,None,4900000,53064000,92626690,None,3823210000,3823210000,470966000,None,None,657237000,None,None,209656000,32600000,1.38,0.016,20700000,20700000,None,-0.147,0.12,353053000,562709000,1.25,2016-03-31,14.43,204129000,1391100000.0,999957000,346538000,112882000,179043000,179043000,None,51585000000,None,998368000,None,None,561747000,None,None,63000000,None,None,None,0.123,47100000,672997000,326960000,360361000,-33686770000,None,None,None,None,None,None,None,1.202,1.923,1.326,None,None,None,None,None,-35000000,None,0.0654,None,1547044000,2025-11-04,quarterly,1.37,USD,pre-market,52900000,1052871000,0.0516,0.102,0.027,65.04,661592000,721026000,159279000,None,74.71,80.0,9.6,3993734000,1983309000,1074475000,2496667000,2010425000,1422192000,4823167000,1497067000,20.45,-4420000,89.21,55.43
2025-12-28,TKR,4.23,4544400000.0,20.45,None,1.217,45.0,40500000,None,65417000,65417000,-151400000,3600000,-25400000,-6100000,45800000,None,None,-10000000,53064000,92626690,None,3823210000,3823210000,470966000,None,None,657237000,None,None,209656000,33000000,1.38,0.016,21300000,21300000,None,-0.147,0.12,353053000,562709000,1.25,2015-12-31,14.43,204129000,1391100000.0,999957000,346538000,112882000,179043000,179043000,None,51585000000,None,998368000,None,None,561747000,None,None,-35700000,None,None,None,0.123,128500000,672997000,326960000,360361000,-33686770000,None,None,None,None,None,None,None,1.202,1.923,1.326,None,None,None,None,None,-81800000,None,0.0654,None,1547044000,2025-11-04,quarterly,1.37,USD,pre-market,52900000,1052871000,0.0516,0.102,0.027,65.04,661592000,721026000,159279000,None,74.71,80.0,9.6,3993734000,1983309000,1074475000,2496667000,2010425000,1422192000,4823167000,1497067000,20.45,-4420000,89.21,55.43
2025-12-28,TKR,4.23,4544400000.0,20.45,None,1.217,45.0,21600000,None,65417000,65417000,18100000,-235500000,-81800000,-5200000,9900000,None,None,20800000,53064000,92626690,None,3823210000,3823210000,470966000,None,None,657237000,None,None,209656000,32200000,1.38,0.016,21700000,21700000,None,-0.147,0.12,353053000,562709000,1.25,2015-09-30,14.43,204129000,1391100000.0,999957000,346538000,112882000,179043000,179043000,None,51585000000,None,998368000,None,None,561747000,None,None,63400000,None,None,None,0.123,140800000,672997000,326960000,360361000,-33686770000,None,None,None,None,None,None,None,1.202,1.923,1.326,None,None,None,None,None,-50700000,None,0.0654,None,1547044000,2025-11-04,quarterly,1.37,USD,pre-market,52900000,1052871000,0.0516,0.102,0.027,65.04,661592000,721026000,159279000,None,74.71,80.0,9.6,3993734000,1983309000,1074475000,2496667000,2010425000,1422192000,4823167000,1497067000,20.45,-4420000,89.21,55.43
2025-12-28,TKR,4.23,4544400000.0,20.45,None,1.217,45.0,23800000,None,65417000,65417000,12500000,-19300000,82400000,700000,10000000,None,None,6900000,53064000,92626690,None,3823210000,3823210000,470966000,None,None,657237000,None,None,209656000,32100000,1.38,0.016,22100000,22100000,None,-0.147,0.12,353053000,562709000,1.25,2015-06-30,14.43,204129000,1391100000.0,999957000,346538000,112882000,179043000,179043000,None,51585000000,None,998368000,None,None,561747000,None,None,36700000,None,None,None,0.123,88500000,672997000,326960000,360361000,-33686770000,None,None,None,None,None,None,None,1.202,1.923,1.326,None,None,None,None,None,-80400000,None,0.0654,None,1547044000,2025-11-04,quarterly,1.37,USD,pre-market,52900000,1052871000,0.0516,0.102,0.027,65.04,661592000,721026000,159279000,None,74.71,80.0,9.6,3993734000,1983309000,1074475000,2496667000,2010425000,1422192000,4823167000,1497067000,20.45,-4420000,89.21,55.43
2025-12-28,TKR,4.23,4544400000.0,20.45,None,1.217,45.0,19700000,None,65417000,65417000,-120800000,-14000000,-124400000,-6600000,-12800000,None,None,-29600000,53064000,92626690,None,3823210000,3823210000,470966000,None,None,657237000,None,None,209656000,33500000,1.38,0.016,21900000,21900000,None,-0.147,0.12,353053000,562709000,1.25,2015-03-31,14.43,204129000,1391100000.0,999957000,346538000,112882000,179043000,179043000,None,51585000000,None,998368000,None,None,561747000,None,None,-135200000,None,None,None,0.123,17000000,672997000,326960000,360361000,-33686770000,None,None,None,None,None,None,None,1.202,1.923,1.326,None,None,None,None,None,-96800000,None,0.0654,None,1547044000,2025-11-04,quarterly,1.37,USD,pre-market,52900000,1052871000,0.0516,0.102,0.027,65.04,661592000,721026000,159279000,None,74.71,80.0,9.6,3993734000,1983309000,1074475000,2496667000,2010425000,1422192000,4823167000,1497067000,20.45,-4420000,89.21,55.43
2025-12-28,TKR,4.23,4544400000.0,20.45,None,1.217,45.0,39700000,None,65417000,65417000,-27100000,-37600000,40600000,-6300000,25300000,None,None,100900000,53064000,92626690,None,3823210000,3823210000,470966000,None,None,657237000,None,None,209656000,33600000,1.38,0.016,22100000,22100000,None,-0.147,0.12,353053000,562709000,1.25,2014-12-31,14.43,204129000,1391100000.0,999957000,346538000,112882000,179043000,179043000,None,51585000000,None,998368000,None,None,561747000,None,None,38900000,None,None,None,0.123,111600000,672997000,326960000,360361000,-33686770000,None,None,None,None,None,None,None,1.202,1.923,1.326,None,None,None,None,None,-4400000,None,0.0654,None,1547044000,2025-11-04,quarterly,1.37,USD,pre-market,52900000,1052871000,0.0516,0.102,0.027,65.04,661592000,721026000,159279000,None,74.71,80.0,9.6,3993734000,1983309000,1074475000,2496667000,2010425000,1422192000,4823167000,1497067000,20.45,-4420000,89.21,55.43
2025-12-28,TKR,4.23,4544400000.0,20.45,None,1.217,45.0,38600000,None,65417000,65417000,-88400000,-37400000,-56600000,-10000000,-12300000,None,None,-13300000,53064000,92626690,None,3823210000,3823210000,470966000,None,None,657237000,None,None,209656000,34100000,1.38,0.016,22500000,22500000,None,-0.147,0.12,353053000,562709000,1.25,2014-09-30,14.43,204129000,1391100000.0,999957000,346538000,112882000,179043000,179043000,None,51585000000,None,998368000,None,None,561747000,None,None,-3800000,None,None,None,0.123,79200000,672997000,326960000,360361000,-33686770000,None,None,None,None,None,None,None,1.202,1.923,1.326,None,None,None,None,None,-115200000,None,0.0654,None,1547044000,2025-11-04,quarterly,1.37,USD,pre-market,52900000,1052871000,0.0516,0.102,0.027,65.04,661592000,721026000,159279000,None,74.71,80.0,9.6,3993734000,1983309000,1074475000,2496667000,2010425000,1422192000,4823167000,1497067000,20.45,-4420000,89.21,55.43
2025-12-28,TKR,4.23,4544400000.0,20.45,None,1.217,45.0,29500000,None,65417000,65417000,44200000,-74800000,46500000,1000000,-19900000,None,None,12600000,53064000,92626690,None,3823210000,3823210000,470966000,None,None,657237000,None,None,209656000,34300000,1.38,0.016,22600000,22600000,None,-0.147,0.12,353053000,562709000,1.25,2014-06-30,14.43,204129000,1391100000.0,999957000,346538000,112882000,179043000,179043000,None,51585000000,None,998368000,None,None,561747000,None,None,56500000,None,None,None,0.123,76100000,672997000,326960000,360361000,-33686770000,None,None,None,None,None,None,None,1.202,1.923,1.326,None,None,None,None,None,-33600000,None,0.0654,None,1547044000,2025-11-04,quarterly,1.37,USD,pre-market,52900000,1052871000,0.0516,0.102,0.027,65.04,661592000,721026000,159279000,None,74.71,80.0,9.6,3993734000,1983309000,1074475000,2496667000,2010425000,1422192000,4823167000,1497067000,20.45,-4420000,89.21,55.43
2025-12-28,TKR,4.23,4544400000.0,20.45,None,1.217,45.0,53800000,None,65417000,65417000,-130900000,-45000000,-136300000,-600000,-20800000,None,None,-51900000,53064000,92626690,None,3823210000,3823210000,470966000,None,None,657237000,None,None,209656000,49100000,1.38,0.016,23100000,23100000,None,-0.147,0.12,353053000,562709000,1.25,2014-03-31,14.43,204129000,1391100000.0,999957000,346538000,112882000,179043000,179043000,None,51585000000,None,998368000,None,None,561747000,None,None,83500000,None,None,None,0.123,40200000,672997000,326960000,360361000,-33686770000,None,None,None,None,None,None,None,1.202,1.923,1.326,None,None,None,None,None,-117700000,None,0.0654,None,1547044000,2025-11-04,quarterly,1.37,USD,pre-market,52900000,1052871000,0.0516,0.102,0.027,65.04,661592000,721026000,159279000,None,74.71,80.0,9.6,3993734000,1983309000,1074475000,2496667000,2010425000,1422192000,4823167000,1497067000,20.45,-4420000,89.21,55.43
2025-12-28,TKR,4.23,4544400000.0,20.45,None,1.217,45.0,115400000,None,65417000,65417000,-105500000,-109700000,-33500000,1200000,50600000,None,None,26900000,53064000,92626690,None,3823210000,3823210000,470966000,None,None,657237000,None,None,209656000,49900000,1.38,0.016,21500000,21500000,None,-0.147,0.12,353053000,562709000,1.25,2013-12-31,14.43,204129000,1391100000.0,999957000,346538000,112882000,179043000,179043000,None,51585000000,None,998368000,None,None,561747000,None,None,52600000,None,None,None,0.123,180600000,672997000,326960000,360361000,-33686770000,None,None,None,None,None,None,None,1.202,1.923,1.326,None,None,None,None,None,-81900000,None,0.0654,None,1547044000,2025-11-04,quarterly,1.37,USD,pre-market,52900000,1052871000,0.0516,0.102,0.027,65.04,661592000,721026000,159279000,None,74.71,80.0,9.6,3993734000,1983309000,1074475000,2496667000,2010425000,1422192000,4823167000,1497067000,20.45,-4420000,89.21,55.43
2025-12-28,TKR,4.23,4544400000.0,20.45,None,1.217,45.0,65200000,None,65417000,65417000,-30700000,-63000000,21300000,2700000,-33100000,None,None,33600000,53064000,92626690,None,3823210000,3823210000,470966000,None,None,657237000,None,None,209656000,47600000,1.38,0.016,21800000,21800000,None,-0.147,0.12,353053000,562709000,1.25,2013-09-30,14.43,204129000,1391100000.0,999957000,346538000,112882000,179043000,179043000,None,51585000000,None,998368000,None,None,561747000,None,None,52200000,None,None,None,0.123,112300000,672997000,326960000,360361000,-33686770000,None,None,None,None,None,None,None,1.202,1.923,1.326,None,None,None,None,None,-25600000,None,0.0654,None,1547044000,2025-11-04,quarterly,1.37,USD,pre-market,52900000,1052871000,0.0516,0.102,0.027,65.04,661592000,721026000,159279000,None,74.71,80.0,9.6,3993734000,1983309000,1074475000,2496667000,2010425000,1422192000,4823167000,1497067000,20.45,-4420000,89.21,55.43
2025-12-28,TKR,4.23,4544400000.0,20.45,None,1.217,45.0,81800000,None,65417000,65417000,-95100000,-134500000,-61100000,-6900000,18600000,None,None,-12100000,53064000,92626690,None,3823210000,3823210000,470966000,None,None,657237000,None,None,209656000,48700000,1.38,0.016,22100000,22100000,None,-0.147,0.12,353053000,562709000,1.25,2013-06-30,14.43,204129000,1391100000.0,999957000,346538000,112882000,179043000,179043000,None,51585000000,None,998368000,None,None,561747000,None,None,82800000,None,None,None,0.123,175400000,672997000,326960000,360361000,-33686770000,None,None,None,None,None,None,None,1.202,1.923,1.326,None,None,None,None,None,-81800000,None,0.0654,None,1547044000,2025-11-04,quarterly,1.37,USD,pre-market,52900000,1052871000,0.0516,0.102,0.027,65.04,661592000,721026000,159279000,None,74.71,80.0,9.6,3993734000,1983309000,1074475000,2496667000,2010425000,1422192000,4823167000,1497067000,20.45,-4420000,89.21,55.43
2025-12-28,TKR,4.23,4544400000.0,20.45,None,1.217,45.0,63400000,None,65417000,65417000,-20000000,-69100000,-128500000,-3500000,27300000,None,None,-61800000,53064000,92626690,None,3823210000,3823210000,470966000,None,None,657237000,None,None,209656000,48400000,1.38,0.016,22100000,22100000,None,-0.147,0.12,353053000,562709000,1.25,2013-03-31,14.43,204129000,1391100000.0,999957000,346538000,112882000,179043000,179043000,None,51585000000,None,998368000,None,None,561747000,None,None,75100000,None,None,None,0.123,-35900000,672997000,326960000,360361000,-33686770000,None,None,None,None,None,None,None,1.202,1.923,1.326,None,None,None,None,None,9100000,None,0.0654,None,1547044000,2025-11-04,quarterly,1.37,USD,pre-market,52900000,1052871000,0.0516,0.102,0.027,65.04,661592000,721026000,159279000,None,74.71,80.0,9.6,3993734000,1983309000,1074475000,2496667000,2010425000,1422192000,4823167000,1497067000,20.45,-4420000,89.21,55.43
2025-12-28,TKR,4.23,4544400000.0,20.45,None,1.217,45.0,109900000,None,65417000,65417000,-28800000,-132700000,100900000,2800000,67300000,None,None,89200000,53064000,92626690,None,3823210000,3823210000,470966000,None,None,657237000,None,None,209656000,49200000,1.38,0.016,22200000,22200000,None,-0.147,0.12,353053000,562709000,1.25,2012-12-31,14.43,204129000,1391100000.0,999957000,346538000,112882000,179043000,179043000,None,51585000000,None,998368000,None,None,561747000,None,None,75300000,None,None,None,0.123,259600000,672997000,326960000,360361000,-33686770000,None,None,None,None,None,None,None,1.202,1.923,1.326,None,None,None,None,None,112300000,None,0.0654,None,1547044000,2025-11-04,quarterly,1.37,USD,pre-market,52900000,1052871000,0.0516,0.102,0.027,65.04,661592000,721026000,159279000,None,74.71,80.0,9.6,3993734000,1983309000,1074475000,2496667000,2010425000,1422192000,4823167000,1497067000,20.45,-4420000,89.21,55.43
2025-12-28,TKR,4.23,4544400000.0,20.45,None,1.217,45.0,72000000,None,65417000,65417000,-88000000,-71700000,-24400000,5200000,20100000,None,None,88300000,53064000,92626690,None,3823210000,3823210000,470966000,None,None,657237000,None,None,209656000,49000000,1.38,0.016,21900000,21900000,None,-0.147,0.12,353053000,562709000,1.25,2012-09-30,14.43,204129000,1391100000.0,999957000,346538000,112882000,179043000,179043000,None,51585000000,None,998368000,None,None,561747000,None,None,80900000,None,None,None,0.123,130100000,672997000,326960000,360361000,-33686770000,None,None,None,None,None,None,None,1.202,1.923,1.326,None,None,None,None,None,-60600000,None,0.0654,None,1547044000,2025-11-04,quarterly,1.37,USD,pre-market,52900000,1052871000,0.0516,0.102,0.027,65.04,661592000,721026000,159279000,None,74.71,80.0,9.6,3993734000,1983309000,1074475000,2496667000,2010425000,1422192000,4823167000,1497067000,20.45,-4420000,89.21,55.43
2025-12-28,TKR,4.23,4544400000.0,20.45,None,1.217,45.0,69300000,None,65417000,65417000,-46300000,-64100000,154600000,-10100000,36500000,None,None,37500000,53064000,92626690,None,3823210000,3823210000,470966000,None,None,657237000,None,None,209656000,50000000,1.38,0.016,22400000,22400000,None,-0.147,0.12,353053000,562709000,1.25,2012-06-30,14.43,204129000,1391100000.0,999957000,346538000,112882000,179043000,179043000,None,51585000000,None,998368000,None,None,561747000,None,None,183600000,None,None,None,0.123,275100000,672997000,326960000,360361000,-33686770000,None,None,None,None,None,None,None,1.202,1.923,1.326,None,None,None,None,None,-25500000,None,0.0654,None,1547044000,2025-11-04,quarterly,1.37,USD,pre-market,52900000,1052871000,0.0516,0.102,0.027,65.04,661592000,721026000,159279000,None,74.71,80.0,9.6,3993734000,1983309000,1074475000,2496667000,2010425000,1422192000,4823167000,1497067000,20.45,-4420000,89.21,55.43
2025-12-28,TKR,4.23,4544400000.0,20.45,None,1.217,45.0,46000000,None,65417000,65417000,-47500000,-29200000,-109500000,5900000,-21400000,None,None,-112000000,53064000,92626690,None,3823210000,3823210000,470966000,None,None,657237000,None,None,209656000,49800000,1.38,0.016,22500000,22500000,None,-0.147,0.12,353053000,562709000,1.25,2012-03-31,14.43,204129000,1391100000.0,999957000,346538000,112882000,179043000,179043000,None,51585000000,None,998368000,None,None,561747000,None,None,155700000,None,None,None,0.123,-38700000,672997000,326960000,360361000,-33686770000,None,None,None,None,None,None,None,1.202,1.923,1.326,None,None,None,None,None,-26200000,None,0.0654,None,1547044000,2025-11-04,quarterly,1.37,USD,pre-market,52900000,1052871000,0.0516,0.102,0.027,65.04,661592000,721026000,159279000,None,74.71,80.0,9.6,3993734000,1983309000,1074475000,2496667000,2010425000,1422192000,4823167000,1497067000,20.45,-4420000,89.21,55.43
2025-12-28,TKR,4.23,4544400000.0,20.45,None,1.217,45.0,99300000,None,65417000,65417000,-20500000,-190500000,61900000,-6200000,-3400000,None,None,76300000,53064000,92626690,None,3823210000,3823210000,470966000,None,None,657237000,None,None,209656000,49600000,1.38,0.016,19400000,19400000,None,-0.147,0.12,353053000,562709000,1.25,2011-12-31,14.43,204129000,1391100000.0,999957000,346538000,112882000,179043000,179043000,None,51585000000,None,998368000,None,None,561747000,None,None,109100000,None,None,None,0.123,279100000,672997000,326960000,360361000,-33686770000,None,None,None,None,None,None,None,1.202,1.923,1.326,None,None,None,None,None,43800000,None,0.0654,None,1547044000,2025-11-04,quarterly,1.37,USD,pre-market,52900000,1052871000,0.0516,0.102,0.027,65.04,661592000,721026000,159279000,None,74.71,80.0,9.6,3993734000,1983309000,1074475000,2496667000,2010425000,1422192000,4823167000,1497067000,20.45,-4420000,89.21,55.43
2025-12-28,TKR,4.23,4544400000.0,20.45,None,1.217,45.0,46400000,None,65417000,65417000,-44200000,-256500000,-229900000,-24700000,-35600000,None,None,3800000,53064000,92626690,None,3823210000,3823210000,470966000,None,None,657237000,None,None,209656000,49100000,1.38,0.016,19500000,19500000,None,-0.147,0.12,353053000,562709000,1.25,2011-09-30,14.43,204129000,1391100000.0,999957000,346538000,112882000,179043000,179043000,None,51585000000,None,998368000,None,None,561747000,None,None,111000000,None,None,None,0.123,95500000,672997000,326960000,360361000,-33686770000,None,None,None,None,None,None,None,1.202,1.923,1.326,None,None,None,None,None,-18500000,None,0.0654,None,1547044000,2025-11-04,quarterly,1.37,USD,pre-market,52900000,1052871000,0.0516,0.102,0.027,65.04,661592000,721026000,159279000,None,74.71,80.0,9.6,3993734000,1983309000,1074475000,2496667000,2010425000,1422192000,4823167000,1497067000,20.45,-4420000,89.21,55.43
2025-12-28,TKR,4.23,4544400000.0,20.45,None,1.217,45.0,39500000,None,65417000,65417000,-18000000,-28800000,-4800000,7300000,-6200000,None,None,-42100000,53064000,92626690,None,3823210000,3823210000,470966000,None,None,657237000,None,None,209656000,46300000,1.38,0.016,19500000,19500000,None,-0.147,0.12,353053000,562709000,1.25,2011-06-30,14.43,204129000,1391100000.0,999957000,346538000,112882000,179043000,179043000,None,51585000000,None,998368000,None,None,561747000,None,None,-112700000,None,None,None,0.123,34700000,672997000,326960000,360361000,-33686770000,None,None,None,None,None,None,None,1.202,1.923,1.326,None,None,None,None,None,7500000,None,0.0654,None,1547044000,2025-11-04,quarterly,1.37,USD,pre-market,52900000,1052871000,0.0516,0.102,0.027,65.04,661592000,721026000,159279000,None,74.71,80.0,9.6,3993734000,1983309000,1074475000,2496667000,2010425000,1422192000,4823167000,1497067000,20.45,-4420000,89.21,55.43
2025-12-28,TKR,4.23,4544400000.0,20.45,None,1.217,45.0,20100000,None,65417000,65417000,-23900000,-32200000,-239500000,14200000,-80400000,None,None,-149600000,53064000,92626690,None,3823210000,3823210000,470966000,None,None,657237000,None,None,209656000,47500000,1.38,0.016,17600000,17600000,None,-0.147,0.12,353053000,562709000,1.25,2011-03-31,14.43,204129000,1391100000.0,999957000,346538000,112882000,179043000,179043000,None,51585000000,None,998368000,None,None,561747000,None,None,112700000,None,None,None,0.123,-197600000,672997000,326960000,360361000,-33686770000,None,None,None,None,None,None,None,1.202,1.923,1.326,None,None,None,None,None,-25300000,None,0.0654,None,1547044000,2025-11-04,quarterly,1.37,USD,pre-market,52900000,1052871000,0.0516,0.102,0.027,65.04,661592000,721026000,159279000,None,74.71,80.0,9.6,3993734000,1983309000,1074475000,2496667000,2010425000,1422192000,4823167000,1497067000,20.45,-4420000,89.21,55.43
2025-12-28,TKR,4.23,4544400000.0,20.45,None,1.217,45.0,54600000,None,65417000,65417000,23500000,-45700000,None,None,-54800000,None,None,None,53064000,92626690,None,3823210000,3823210000,470966000,None,None,657237000,None,None,209656000,47500000,1.38,0.016,17500000,17500000,None,-0.147,0.12,353053000,562709000,1.25,2010-12-31,14.43,204129000,1391100000.0,999957000,346538000,112882000,179043000,179043000,None,51585000000,None,998368000,None,None,561747000,None,None,86300000,None,None,None,0.123,-700000,672997000,326960000,360361000,-33686770000,None,None,None,None,None,None,None,1.202,1.923,1.326,None,None,None,None,None,29200000,None,0.0654,None,1547044000,2025-11-04,quarterly,1.37,USD,pre-market,52900000,1052871000,0.0516,0.102,0.027,65.04,661592000,721026000,159279000,None,74.71,80.0,9.6,3993734000,1983309000,1074475000,2496667000,2010425000,1422192000,4823167000,1497067000,20.45,-4420000,89.21,55.43
2025-12-28,TKR,4.23,4544400000.0,20.45,None,1.217,45.0,22200000,None,65417000,65417000,-6500000,-69800000,None,None,-49500000,None,None,None,53064000,92626690,None,3823210000,3823210000,470966000,None,None,657237000,None,None,209656000,47000000,1.38,0.016,12500000,12500000,None,-0.147,0.12,353053000,562709000,1.25,2010-09-30,14.43,204129000,1391100000.0,999957000,346538000,112882000,179043000,179043000,None,51585000000,None,998368000,None,None,561747000,None,None,71400000,None,None,None,0.123,149400000,672997000,326960000,360361000,-33686770000,None,None,None,None,None,None,None,1.202,1.923,1.326,None,None,None,None,None,5000000,None,0.0654,None,1547044000,2025-11-04,quarterly,1.37,USD,pre-market,52900000,1052871000,0.0516,0.102,0.027,65.04,661592000,721026000,159279000,None,74.71,80.0,9.6,3993734000,1983309000,1074475000,2496667000,2010425000,1422192000,4823167000,1497067000,20.45,-4420000,89.21,55.43
2025-12-28,TKR,4.23,4544400000.0,20.45,None,1.217,45.0,25019000,None,65417000,65417000,-39173000,-22325000,None,None,-23167000,None,None,None,53064000,92626690,None,3823210000,3823210000,470966000,None,None,657237000,None,None,209656000,47452000,1.38,0.016,12600000,12600000,None,-0.147,0.12,353053000,562709000,1.25,2010-06-30,14.43,204129000,1391100000.0,999957000,346538000,112882000,179043000,179043000,None,51585000000,None,998368000,None,None,561747000,None,None,81083000,None,None,None,0.123,177880000,672997000,326960000,360361000,-33686770000,None,None,None,None,None,None,None,1.202,1.923,1.326,None,None,None,None,None,-15214000,None,0.0654,None,1547044000,2025-11-04,quarterly,1.37,USD,pre-market,52900000,1052871000,0.0516,0.102,0.027,65.04,661592000,721026000,159279000,None,74.71,80.0,9.6,3993734000,1983309000,1074475000,2496667000,2010425000,1422192000,4823167000,1497067000,20.45,-4420000,89.21,55.43
2025-12-28,TKR,4.23,4544400000.0,20.45,None,1.217,45.0,13981000,None,65417000,65417000,-10727000,-15075000,None,None,-22533000,None,None,None,53064000,92626690,None,3823210000,3823210000,470966000,None,None,657237000,None,None,209656000,47748000,1.38,0.016,8700000,8700000,None,-0.147,0.12,353053000,562709000,1.25,2010-03-31,14.43,204129000,1391100000.0,999957000,346538000,112882000,179043000,179043000,None,51585000000,None,998368000,None,None,561747000,None,None,28617000,None,None,None,0.123,-13880000,672997000,326960000,360361000,-33686770000,None,None,None,None,None,None,None,1.202,1.923,1.326,None,None,None,None,None,-13986000,None,0.0654,None,1547044000,2025-11-04,quarterly,1.37,USD,pre-market,52900000,1052871000,0.0516,0.102,0.027,65.04,661592000,721026000,159279000,None,74.71,80.0,9.6,3993734000,1983309000,1074475000,2496667000,2010425000,1422192000,4823167000,1497067000,20.45,-4420000,89.21,55.43
2025-12-28,TKR,4.23,4544400000.0,20.45,None,1.217,45.0,33197000,None,65417000,65417000,-59554000,269938000,None,None,44638000,None,None,None,53064000,92626690,None,3823210000,3823210000,470966000,None,None,657237000,None,None,209656000,50651000,1.38,0.016,8660000,8660000,None,-0.147,0.12,353053000,562709000,1.25,2009-12-31,14.43,204129000,1391100000.0,999957000,346538000,112882000,179043000,179043000,None,51585000000,None,998368000,None,None,561747000,None,None,-7509000,None,None,None,0.123,163343000,672997000,326960000,360361000,-33686770000,None,None,None,None,None,None,None,1.202,1.923,1.326,None,None,None,None,None,1648000,None,0.0654,None,1547044000,2025-11-04,quarterly,1.37,USD,pre-market,52900000,1052871000,0.0516,0.102,0.027,65.04,661592000,721026000,159279000,None,74.71,80.0,9.6,3993734000,1983309000,1074475000,2496667000,2010425000,1422192000,4823167000,1497067000,20.45,-4420000,89.21,55.43
2025-12-28,TKR,4.23,4544400000.0,20.45,None,1.217,45.0,26335000,None,65417000,65417000,-49981000,-26472000,None,None,83512000,None,None,None,53064000,92626690,None,3823210000,3823210000,470966000,None,None,657237000,None,None,209656000,33886000,1.38,0.016,8500000,8500000,None,-0.147,0.12,353053000,562709000,1.25,2009-09-30,14.43,204129000,1391100000.0,999957000,346538000,112882000,179043000,179043000,None,51585000000,None,998368000,None,None,561747000,None,None,9784000,None,None,None,0.123,170871000,672997000,326960000,360361000,-33686770000,None,None,None,None,None,None,None,1.202,1.923,1.326,None,None,None,None,None,None,None,0.0654,None,1547044000,2025-11-04,quarterly,1.37,USD,pre-market,52900000,1052871000,0.0516,0.102,0.027,65.04,661592000,721026000,159279000,None,74.71,80.0,9.6,3993734000,1983309000,1074475000,2496667000,2010425000,1422192000,4823167000,1497067000,20.45,-4420000,89.21,55.43
2025-12-28,TKR,4.23,4544400000.0,20.45,None,1.217,45.0,21056000,None,65417000,65417000,-58755000,-19625000,None,None,161473000,None,None,None,53064000,92626690,None,3823210000,3823210000,470966000,None,None,657237000,None,None,209656000,59483000,1.38,0.016,8676000,8676000,None,-0.147,0.12,353053000,562709000,1.25,2009-06-30,14.43,204129000,1391100000.0,999957000,346538000,112882000,179043000,179043000,None,51585000000,None,998368000,None,None,561747000,None,None,-64517000,None,None,None,0.123,220317000,672997000,326960000,360361000,-33686770000,None,None,None,None,None,None,None,1.202,1.923,1.326,None,None,None,None,None,-1648000,None,0.0654,None,1547044000,2025-11-04,quarterly,1.37,USD,pre-market,52900000,1052871000,0.0516,0.102,0.027,65.04,661592000,721026000,159279000,None,74.71,80.0,9.6,3993734000,1983309000,1074475000,2496667000,2010425000,1422192000,4823167000,1497067000,20.45,-4420000,89.21,55.43
2025-12-28,TKR,4.23,4544400000.0,20.45,None,1.217,45.0,33562000,None,65417000,65417000,-9742000,-29570000,None,None,65434000,None,None,None,53064000,92626690,None,3823210000,3823210000,470966000,None,None,657237000,None,None,209656000,57466000,1.38,0.016,17424000,17424000,None,-0.147,0.12,353053000,562709000,1.25,2009-03-31,14.43,204129000,1391100000.0,999957000,346538000,112882000,179043000,179043000,None,51585000000,None,998368000,None,None,561747000,None,None,870000,None,None,None,0.123,37448000,672997000,326960000,360361000,-33686770000,None,None,None,None,None,None,None,1.202,1.923,1.326,None,None,None,None,None,None,None,0.0654,None,1547044000,2025-11-04,quarterly,1.37,USD,pre-market,52900000,1052871000,0.0516,0.102,0.027,65.04,661592000,721026000,159279000,None,74.71,80.0,9.6,3993734000,1983309000,1074475000,2496667000,2010425000,1422192000,4823167000,1497067000,20.45,-4420000,89.21,55.43
2025-12-28,TKR,4.23,4544400000.0,20.45,None,1.217,45.0,85478000,None,65417000,65417000,-133179000,-111282000,None,None,123745000,None,None,None,53064000,92626690,None,3823210000,3823210000,470966000,None,None,657237000,None,None,209656000,52909000,1.38,0.016,17379000,17379000,None,-0.147,0.12,353053000,562709000,1.25,2008-12-31,14.43,204129000,1391100000.0,999957000,346538000,112882000,179043000,179043000,None,51585000000,None,998368000,None,None,561747000,None,None,-36151000,None,None,None,0.123,271316000,672997000,326960000,360361000,-33686770000,None,None,None,None,None,None,None,1.202,1.923,1.326,None,None,None,None,None,None,None,0.0654,None,1547044000,2025-11-04,quarterly,1.37,USD,pre-market,52900000,1052871000,0.0516,0.102,0.027,65.04,661592000,721026000,159279000,None,74.71,80.0,9.6,3993734000,1983309000,1074475000,2496667000,2010425000,1422192000,4823167000,1497067000,20.45,-4420000,89.21,55.43
2025-12-28,TKR,4.23,4544400000.0,20.45,None,1.217,45.0,58851000,None,65417000,65417000,-122881000,-53195000,None,None,-101877000,None,None,None,53064000,92626690,None,3823210000,3823210000,470966000,None,None,657237000,None,None,209656000,61005000,1.38,0.016,17374000,17374000,None,-0.147,0.12,353053000,562709000,1.25,2008-09-30,14.43,204129000,1391100000.0,999957000,346538000,112882000,179043000,179043000,None,51585000000,None,998368000,None,None,561747000,None,None,130413000,None,None,None,0.123,214709000,672997000,326960000,360361000,-33686770000,None,None,None,None,None,None,None,1.202,1.923,1.326,None,None,None,None,None,None,None,0.0654,None,1547044000,2025-11-04,quarterly,1.37,USD,pre-market,52900000,1052871000,0.0516,0.102,0.027,65.04,661592000,721026000,159279000,None,74.71,80.0,9.6,3993734000,1983309000,1074475000,2496667000,2010425000,1422192000,4823167000,1497067000,20.45,-4420000,89.21,55.43
2025-12-28,TKR,4.23,4544400000.0,20.45,None,1.217,45.0,75030000,None,65417000,65417000,-14684000,-77647000,None,None,-52105000,None,None,None,53064000,92626690,None,3823210000,3823210000,470966000,None,None,657237000,None,None,209656000,59605000,1.38,0.016,16389000,16389000,None,-0.147,0.12,353053000,562709000,1.25,2008-06-30,14.43,204129000,1391100000.0,999957000,346538000,112882000,179043000,179043000,None,51585000000,None,998368000,None,None,561747000,None,None,88943000,None,None,None,0.123,96266000,672997000,326960000,360361000,-33686770000,None,None,None,None,None,None,None,1.202,1.923,1.326,None,None,None,None,None,None,None,0.0654,None,1547044000,2025-11-04,quarterly,1.37,USD,pre-market,52900000,1052871000,0.0516,0.102,0.027,65.04,661592000,721026000,159279000,None,74.71,80.0,9.6,3993734000,1983309000,1074475000,2496667000,2010425000,1422192000,4823167000,1497067000,20.45,-4420000,89.21,55.43
2025-12-28,TKR,4.23,4544400000.0,20.45,None,1.217,45.0,52417000,None,65417000,65417000,124823000,-78571000,None,None,-68578000,None,None,None,53064000,92626690,None,3823210000,3823210000,470966000,None,None,657237000,None,None,209656000,57475000,1.38,0.016,16320000,16320000,None,-0.147,0.12,353053000,562709000,1.25,2008-03-31,14.43,204129000,1391100000.0,999957000,346538000,112882000,179043000,179043000,None,51585000000,None,998368000,None,None,561747000,None,None,84465000,None,None,None,0.123,-12911000,672997000,326960000,360361000,-33686770000,None,None,None,None,None,None,None,1.202,1.923,1.326,None,None,None,None,None,None,None,0.0654,None,1547044000,2025-11-04,quarterly,1.37,USD,pre-market,52900000,1052871000,0.0516,0.102,0.027,65.04,661592000,721026000,159279000,None,74.71,80.0,9.6,3993734000,1983309000,1074475000,2496667000,2010425000,1422192000,4823167000,1497067000,20.45,-4420000,89.21,55.43
2025-12-28,TKR,4.23,4544400000.0,20.45,None,1.217,45.0,117547000,None,65417000,65417000,103633000,-312268000,None,None,-9420000,None,None,None,53064000,92626690,None,3823210000,3823210000,470966000,None,None,657237000,None,None,209656000,57758000,1.38,0.016,16284000,16284000,None,-0.147,0.12,353053000,562709000,1.25,2007-12-31,14.43,204129000,1391100000.0,999957000,346538000,112882000,179043000,179043000,None,51585000000,None,998368000,None,None,561747000,None,None,48291000,None,None,None,0.123,150489000,672997000,326960000,360361000,-33686770000,None,None,None,None,None,None,None,1.202,1.923,1.326,None,None,None,None,None,None,None,0.0654,None,1547044000,2025-11-04,quarterly,1.37,USD,pre-market,52900000,1052871000,0.0516,0.102,0.027,65.04,661592000,721026000,159279000,None,74.71,80.0,9.6,3993734000,1983309000,1074475000,2496667000,2010425000,1422192000,4823167000,1497067000,20.45,-4420000,89.21,55.43
2025-12-28,TKR,4.23,4544400000.0,20.45,None,1.217,45.0,71395000,None,65417000,65417000,-16945000,-69757000,None,None,-23248000,None,None,None,53064000,92626690,None,3823210000,3823210000,470966000,None,None,657237000,None,None,209656000,58120000,1.38,0.016,16281000,16281000,None,-0.147,0.12,353053000,562709000,1.25,2007-09-30,14.43,204129000,1391100000.0,999957000,346538000,112882000,179043000,179043000,None,51585000000,None,998368000,None,None,561747000,None,None,41243000,None,None,None,0.123,95556000,672997000,326960000,360361000,-33686770000,None,None,None,None,None,None,None,1.202,1.923,1.326,None,None,None,None,None,None,None,0.0654,None,1547044000,2025-11-04,quarterly,1.37,USD,pre-market,52900000,1052871000,0.0516,0.102,0.027,65.04,661592000,721026000,159279000,None,74.71,80.0,9.6,3993734000,1983309000,1074475000,2496667000,2010425000,1422192000,4823167000,1497067000,20.45,-4420000,89.21,55.43
2025-12-28,TKR,4.23,4544400000.0,20.45,None,1.217,45.0,64037000,None,65417000,65417000,-71158000,-55204000,None,None,6273000,None,None,None,53064000,92626690,None,3823210000,3823210000,470966000,None,None,657237000,None,None,209656000,47975000,1.38,0.016,15249000,15249000,None,-0.147,0.12,353053000,562709000,1.25,2007-06-30,14.43,204129000,1391100000.0,999957000,346538000,112882000,179043000,179043000,None,51585000000,None,998368000,None,None,561747000,None,None,55326000,None,None,None,0.123,96325000,672997000,326960000,360361000,-33686770000,None,None,None,None,None,None,None,1.202,1.923,1.326,None,None,None,None,None,None,None,0.0654,None,1547044000,2025-11-04,quarterly,1.37,USD,pre-market,52900000,1052871000,0.0516,0.102,0.027,65.04,661592000,721026000,159279000,None,74.71,80.0,9.6,3993734000,1983309000,1074475000,2496667000,2010425000,1422192000,4823167000,1497067000,20.45,-4420000,89.21,55.43
2025-12-28,TKR,4.23,4544400000.0,20.45,None,1.217,45.0,60942000,None,65417000,65417000,63549000,-59341000,None,None,-17791000,None,None,None,53064000,92626690,None,3823210000,3823210000,470966000,None,None,657237000,None,None,209656000,54500000,1.38,0.016,15152000,15152000,None,-0.147,0.12,353053000,562709000,1.25,2007-03-31,14.43,204129000,1391100000.0,999957000,346538000,112882000,179043000,179043000,None,51585000000,None,998368000,None,None,561747000,None,None,75194000,None,None,None,0.123,-5702000,672997000,326960000,360361000,-33686770000,None,None,None,None,None,None,None,1.202,1.923,1.326,None,None,None,None,None,None,None,0.0654,None,1547044000,2025-11-04,quarterly,1.37,USD,pre-market,52900000,1052871000,0.0516,0.102,0.027,65.04,661592000,721026000,159279000,None,74.71,80.0,9.6,3993734000,1983309000,1074475000,2496667000,2010425000,1422192000,4823167000,1497067000,20.45,-4420000,89.21,55.43
2025-12-28,TKR,4.23,4544400000.0,20.45,None,1.217,45.0,116674000,None,65417000,65417000,-170728000,22992000,None,None,51094000,None,None,None,53064000,92626690,None,3823210000,3823210000,470966000,None,None,657237000,None,None,209656000,45366000,1.38,0.016,15061000,15061000,None,-0.147,0.12,353053000,562709000,1.25,2006-12-31,14.43,204129000,1391100000.0,999957000,346538000,112882000,179043000,179043000,None,51585000000,None,998368000,None,None,561747000,None,None,35350000,None,None,None,0.123,164578000,672997000,326960000,360361000,-33686770000,None,None,None,None,None,None,None,1.202,1.923,1.326,None,None,None,None,None,None,None,0.0654,None,1547044000,2025-11-04,quarterly,1.37,USD,pre-market,52900000,1052871000,0.0516,0.102,0.027,65.04,661592000,721026000,159279000,None,74.71,80.0,9.6,3993734000,1983309000,1074475000,2496667000,2010425000,1422192000,4823167000,1497067000,20.45,-4420000,89.21,55.43
2025-12-28,TKR,4.23,4544400000.0,20.45,None,1.217,45.0,74490000,None,65417000,65417000,15766000,-73893000,None,None,-29495000,None,None,None,53064000,92626690,None,3823210000,3823210000,470966000,None,None,657237000,None,None,209656000,49640000,1.38,0.016,15048000,15048000,None,-0.147,0.12,353053000,562709000,1.25,2006-09-30,14.43,204129000,1391100000.0,999957000,346538000,112882000,179043000,179043000,None,51585000000,None,998368000,None,None,561747000,None,None,46546000,None,None,None,0.123,73538000,672997000,326960000,360361000,-33686770000,None,None,None,None,None,None,None,1.202,1.923,1.326,None,None,None,None,None,None,None,0.0654,None,1547044000,2025-11-04,quarterly,1.37,USD,pre-market,52900000,1052871000,0.0516,0.102,0.027,65.04,661592000,721026000,159279000,None,74.71,80.0,9.6,3993734000,1983309000,1074475000,2496667000,2010425000,1422192000,4823167000,1497067000,20.45,-4420000,89.21,55.43
2025-12-28,TKR,4.23,4544400000.0,20.45,None,1.217,45.0,63856000,None,65417000,65417000,-63029000,-66505000,None,None,9513000,None,None,None,53064000,92626690,None,3823210000,3823210000,470966000,None,None,657237000,None,None,209656000,49985000,1.38,0.016,14095000,14095000,None,-0.147,0.12,353053000,562709000,1.25,2006-06-30,14.43,204129000,1391100000.0,999957000,346538000,112882000,179043000,179043000,None,51585000000,None,998368000,None,None,561747000,None,None,74691000,None,None,None,0.123,135488000,672997000,326960000,360361000,-33686770000,None,None,None,None,None,None,None,1.202,1.923,1.326,None,None,None,None,None,None,None,0.0654,None,1547044000,2025-11-04,quarterly,1.37,USD,pre-market,52900000,1052871000,0.0516,0.102,0.027,65.04,661592000,721026000,159279000,None,74.71,80.0,9.6,3993734000,1983309000,1074475000,2496667000,2010425000,1422192000,4823167000,1497067000,20.45,-4420000,89.21,55.43
2025-12-28,TKR,4.23,4544400000.0,20.45,None,1.217,45.0,41073000,None,65417000,65417000,41281000,-39885000,None,None,-37855000,None,None,None,53064000,92626690,None,3823210000,3823210000,470966000,None,None,657237000,None,None,209656000,51601000,1.38,0.016,14027000,14027000,None,-0.147,0.12,353053000,562709000,1.25,2006-03-31,14.43,204129000,1391100000.0,999957000,346538000,112882000,179043000,179043000,None,51585000000,None,998368000,None,None,561747000,None,None,65940000,None,None,None,0.123,-36676000,672997000,326960000,360361000,-33686770000,None,None,None,None,None,None,None,1.202,1.923,1.326,None,None,None,None,None,None,None,0.0654,None,1547044000,2025-11-04,quarterly,1.37,USD,pre-market,52900000,1052871000,0.0516,0.102,0.027,65.04,661592000,721026000,159279000,None,74.71,80.0,9.6,3993734000,1983309000,1074475000,2496667000,2010425000,1422192000,4823167000,1497067000,20.45,-4420000,89.21,55.43
2025-12-28,TKR,4.23,4544400000.0,20.45,None,1.217,45.0,92380000,None,65417000,65417000,-84195000,-126144000,None,None,1819000,None,None,None,53064000,92626690,None,3823210000,3823210000,470966000,None,None,657237000,None,None,209656000,52896000,1.38,0.016,13911000,13911000,None,-0.147,0.12,353053000,562709000,1.25,2005-12-31,14.43,204129000,1391100000.0,999957000,346538000,112882000,179043000,179043000,None,51585000000,None,998368000,None,None,561747000,None,None,94881000,None,None,None,0.123,213007000,672997000,326960000,360361000,-33686770000,None,None,None,None,None,None,None,1.202,1.923,1.326,None,None,None,None,None,None,None,0.0654,None,1547044000,2025-11-04,quarterly,1.37,USD,pre-market,52900000,1052871000,0.0516,0.102,0.027,65.04,661592000,721026000,159279000,None,74.71,80.0,9.6,3993734000,1983309000,1074475000,2496667000,2010425000,1422192000,4823167000,1497067000,20.45,-4420000,89.21,55.43
2025-12-28,TKR,4.23,4544400000.0,20.45,None,1.217,45.0,45379000,None,65417000,65417000,-33197000,-41667000,None,None,-37512000,None,None,None,53064000,92626690,None,3823210000,3823210000,470966000,None,None,657237000,None,None,209656000,54455000,1.38,0.016,13824000,13824000,None,-0.147,0.12,353053000,562709000,1.25,2005-09-30,14.43,204129000,1391100000.0,999957000,346538000,112882000,179043000,179043000,None,51585000000,None,998368000,None,None,561747000,None,None,39831000,None,None,None,0.123,69520000,672997000,326960000,360361000,-33686770000,None,None,None,None,None,None,None,1.202,1.923,1.326,None,None,None,None,None,None,None,0.0654,None,1547044000,2025-11-04,quarterly,1.37,USD,pre-market,52900000,1052871000,0.0516,0.102,0.027,65.04,661592000,721026000,159279000,None,74.71,80.0,9.6,3993734000,1983309000,1074475000,2496667000,2010425000,1422192000,4823167000,1497067000,20.45,-4420000,89.21,55.43
2025-12-28,TKR,4.23,4544400000.0,20.45,None,1.217,45.0,170000000,None,65417000,65417000,-194800000,-304600000,None,None,9600000,None,None,None,53064000,92626690,None,3823210000,3823210000,470966000,None,None,657237000,None,None,209656000,221800000,1.38,0.016,96100000,96100000,None,-0.147,0.12,353053000,562709000,1.25,2024-12-31,14.43,204129000,1391100000.0,999957000,346538000,112882000,179043000,179043000,None,51585000000,None,998368000,None,None,561747000,None,None,375300000,None,None,None,0.123,475700000,672997000,326960000,360361000,-33686770000,None,None,None,None,None,None,None,1.202,1.923,1.326,None,None,None,None,None,-40500000,None,0.0654,None,1547044000,2025-11-04,annual,1.37,USD,pre-market,52900000,1052871000,0.0516,0.102,0.027,65.04,661592000,721026000,159279000,None,74.71,80.0,9.6,3993734000,1983309000,1074475000,2496667000,2010425000,1422192000,4823167000,1497067000,20.45,-4420000,89.21,55.43
2025-12-28,TKR,4.23,4544400000.0,20.45,None,1.217,45.0,187800000,None,65417000,65417000,347100000,-806500000,None,None,72000000,None,None,None,53064000,92626690,None,3823210000,3823210000,470966000,None,None,657237000,None,None,209656000,201300000,1.38,0.016,94000000,94000000,None,-0.147,0.12,353053000,562709000,1.25,2023-12-31,14.43,204129000,1391100000.0,999957000,346538000,112882000,179043000,179043000,None,51585000000,None,998368000,None,None,561747000,None,None,394100000,None,None,None,0.123,545200000,672997000,326960000,360361000,-33686770000,None,None,None,None,None,None,None,1.202,1.923,1.326,None,None,None,None,None,-250900000,None,0.0654,None,1547044000,2025-11-04,annual,1.37,USD,pre-market,52900000,1052871000,0.0516,0.102,0.027,65.04,661592000,721026000,159279000,None,74.71,80.0,9.6,3993734000,1983309000,1074475000,2496667000,2010425000,1422192000,4823167000,1497067000,20.45,-4420000,89.21,55.43
2025-12-28,TKR,4.23,4544400000.0,20.45,None,1.217,45.0,178400000,None,65417000,65417000,206800000,-573300000,97300000,None,-145600000,None,None,-73500000,53064000,92626690,None,3823210000,3823210000,470966000,None,None,657237000,None,None,209656000,164000000,1.38,0.016,91700000,91700000,None,-0.147,0.12,353053000,562709000,1.25,2022-12-31,14.43,204129000,1391100000.0,999957000,346538000,112882000,179043000,179043000,None,51585000000,None,998368000,None,None,561747000,None,None,407400000,None,None,None,0.123,463800000,672997000,326960000,360361000,-33686770000,None,None,None,None,None,None,None,1.202,1.923,1.326,None,None,None,None,None,-211600000,None,0.0654,None,1547044000,2025-11-04,annual,1.37,USD,pre-market,52900000,1052871000,0.0516,0.102,0.027,65.04,661592000,721026000,159279000,None,74.71,80.0,9.6,3993734000,1983309000,1074475000,2496667000,2010425000,1422192000,4823167000,1497067000,20.45,-4420000,89.21,55.43
2025-12-28,TKR,4.23,4544400000.0,20.45,None,1.217,45.0,148300000,None,65417000,65417000,-269300000,-173800000,-63200000,-7400000,-215800000,None,None,-55800000,53064000,92626690,None,3823210000,3823210000,470966000,None,None,657237000,None,None,209656000,167800000,1.38,0.016,92200000,92200000,None,-0.147,0.12,353053000,562709000,1.25,2021-12-31,14.43,204129000,1391100000.0,999957000,346538000,112882000,179043000,179043000,None,51585000000,None,998368000,None,None,561747000,None,None,369100000,None,None,None,0.123,387300000,672997000,326960000,360361000,-33686770000,None,None,None,None,None,None,None,1.202,1.923,1.326,None,None,None,None,None,-93000000,None,0.0654,None,1547044000,2025-11-04,annual,1.37,USD,pre-market,52900000,1052871000,0.0516,0.102,0.027,65.04,661592000,721026000,159279000,None,74.71,80.0,9.6,3993734000,1983309000,1074475000,2496667000,2010425000,1422192000,4823167000,1497067000,20.45,-4420000,89.21,55.43
2025-12-28,TKR,4.23,4544400000.0,20.45,None,1.217,45.0,121600000,None,65417000,65417000,-331100000,-153500000,104900000,11900000,27400000,None,None,-20700000,53064000,92626690,None,3823210000,3823210000,470966000,None,None,657237000,None,None,209656000,167100000,1.38,0.016,87000000,87000000,None,-0.147,0.12,353053000,562709000,1.25,2020-12-31,14.43,204129000,1391100000.0,999957000,346538000,112882000,179043000,179043000,None,51585000000,None,998368000,None,None,561747000,None,None,292400000,None,None,None,0.123,577600000,672997000,326960000,360361000,-33686770000,None,None,None,None,None,None,None,1.202,1.923,1.326,None,None,None,None,None,-49300000,None,0.0654,None,1547044000,2025-11-04,annual,1.37,USD,pre-market,52900000,1052871000,0.0516,0.102,0.027,65.04,661592000,721026000,159279000,None,74.71,80.0,9.6,3993734000,1983309000,1074475000,2496667000,2010425000,1422192000,4823167000,1497067000,20.45,-4420000,89.21,55.43
2025-12-28,TKR,4.23,4544400000.0,20.45,None,1.217,45.0,140600000,None,65417000,65417000,-100700000,-364900000,83100000,-1400000,50700000,None,None,11500000,53064000,92626690,None,3823210000,3823210000,470966000,None,None,657237000,None,None,209656000,160600000,1.38,0.016,84900000,84900000,None,-0.147,0.12,353053000,562709000,1.25,2019-12-31,14.43,204129000,1391100000.0,999957000,346538000,112882000,179043000,179043000,None,51585000000,None,998368000,None,None,561747000,None,None,374700000,None,None,None,0.123,550100000,672997000,326960000,360361000,-33686770000,None,None,None,None,None,None,None,1.202,1.923,1.326,None,None,None,None,None,-62700000,None,0.0654,None,1547044000,2025-11-04,annual,1.37,USD,pre-market,52900000,1052871000,0.0516,0.102,0.027,65.04,661592000,721026000,159279000,None,74.71,80.0,9.6,3993734000,1983309000,1074475000,2496667000,2010425000,1422192000,4823167000,1497067000,20.45,-4420000,89.21,55.43
2025-12-28,TKR,4.23,4544400000.0,20.45,None,1.217,45.0,112600000,None,65417000,65417000,553100000,-865200000,7700000,-12700000,-87100000,None,None,-88200000,53064000,92626690,None,3823210000,3823210000,470966000,None,None,657237000,None,None,209656000,146000000,1.38,0.016,85700000,85700000,None,-0.147,0.12,353053000,562709000,1.25,2018-12-31,14.43,204129000,1391100000.0,999957000,346538000,112882000,179043000,179043000,None,51585000000,None,998368000,None,None,561747000,None,None,302800000,None,None,None,0.123,332500000,672997000,326960000,360361000,-33686770000,None,None,None,None,None,None,None,1.202,1.923,1.326,None,None,None,None,None,-98500000,None,0.0654,None,1547044000,2025-11-04,annual,1.37,USD,pre-market,52900000,1052871000,0.0516,0.102,0.027,65.04,661592000,721026000,159279000,None,74.71,80.0,9.6,3993734000,1983309000,1074475000,2496667000,2010425000,1422192000,4823167000,1497067000,20.45,-4420000,89.21,55.43
2025-12-28,TKR,4.23,4544400000.0,20.45,None,1.217,45.0,104700000,None,65417000,65417000,167000000,-448700000,-27200000,17700000,-132100000,None,None,-42300000,53064000,92626690,None,3823210000,3823210000,470966000,None,None,657237000,None,None,209656000,137700000,1.38,0.016,83300000,83300000,None,-0.147,0.12,353053000,562709000,1.25,2017-12-31,14.43,204129000,1391100000.0,999957000,346538000,112882000,179043000,179043000,None,51585000000,None,998368000,None,None,561747000,None,None,203400000,None,None,None,0.123,236800000,672997000,326960000,360361000,-33686770000,None,None,None,None,None,None,None,1.202,1.923,1.326,None,None,None,None,None,-43400000,None,0.0654,None,1547044000,2025-11-04,annual,1.37,USD,pre-market,52900000,1052871000,0.0516,0.102,0.027,65.04,661592000,721026000,159279000,None,74.71,80.0,9.6,3993734000,1983309000,1074475000,2496667000,2010425000,1422192000,4823167000,1497067000,20.45,-4420000,89.21,55.43
2025-12-28,TKR,4.23,4544400000.0,20.45,None,1.217,45.0,137500000,None,65417000,65417000,-169400000,-211000000,19200000,-2400000,10100000,None,None,-20300000,53064000,92626690,None,3823210000,3823210000,470966000,None,None,657237000,None,None,209656000,131700000,1.38,0.016,81600000,81600000,None,-0.147,0.12,353053000,562709000,1.25,2016-12-31,14.43,204129000,1391100000.0,999957000,346538000,112882000,179043000,179043000,None,51585000000,None,998368000,None,None,561747000,None,None,152600000,None,None,None,0.123,402000000,672997000,326960000,360361000,-33686770000,None,None,None,None,None,None,None,1.202,1.923,1.326,None,None,None,None,None,-101000000,None,0.0654,None,1547044000,2025-11-04,annual,1.37,USD,pre-market,52900000,1052871000,0.0516,0.102,0.027,65.04,661592000,721026000,159279000,None,74.71,80.0,9.6,3993734000,1983309000,1074475000,2496667000,2010425000,1422192000,4823167000,1497067000,20.45,-4420000,89.21,55.43
2025-12-28,TKR,4.23,4544400000.0,20.45,None,1.217,45.0,105600000,None,65417000,65417000,-241600000,-265200000,-149200000,-17200000,52900000,None,None,-11900000,53064000,92626690,None,3823210000,3823210000,470966000,None,None,657237000,None,None,209656000,130800000,1.38,0.016,87000000,87000000,None,-0.147,0.12,353053000,562709000,1.25,2015-12-31,14.43,204129000,1391100000.0,999957000,346538000,112882000,179043000,179043000,None,51585000000,None,998368000,None,None,561747000,None,None,-70800000,None,None,None,0.123,374800000,672997000,326960000,360361000,-33686770000,None,None,None,None,None,None,None,1.202,1.923,1.326,None,None,None,None,None,-309700000,None,0.0654,None,1547044000,2025-11-04,annual,1.37,USD,pre-market,52900000,1052871000,0.0516,0.102,0.027,65.04,661592000,721026000,159279000,None,74.71,80.0,9.6,3993734000,1983309000,1074475000,2496667000,2010425000,1422192000,4823167000,1497067000,20.45,-4420000,89.21,55.43
2025-12-28,TKR,4.23,4544400000.0,20.45,None,1.217,45.0,126800000,None,65417000,65417000,-202200000,-194700000,-105800000,-15900000,-26800000,None,None,48300000,53064000,92626690,None,3823210000,3823210000,470966000,None,None,657237000,None,None,209656000,137000000,1.38,0.016,90300000,90300000,None,-0.147,0.12,353053000,562709000,1.25,2014-12-31,14.43,204129000,1391100000.0,999957000,346538000,112882000,179043000,179043000,None,51585000000,None,998368000,None,None,561747000,None,None,144500000,None,None,None,0.123,307000000,672997000,326960000,360361000,-33686770000,None,None,None,None,None,None,None,1.202,1.923,1.326,None,None,None,None,None,-270900000,None,0.0654,None,1547044000,2025-11-04,annual,1.37,USD,pre-market,52900000,1052871000,0.0516,0.102,0.027,65.04,661592000,721026000,159279000,None,74.71,80.0,9.6,3993734000,1983309000,1074475000,2496667000,2010425000,1422192000,4823167000,1497067000,20.45,-4420000,89.21,55.43
2025-12-28,TKR,4.23,4544400000.0,20.45,None,1.217,45.0,325800000,None,65417000,65417000,-251300000,-376300000,-201800000,-6500000,63400000,None,None,-13400000,53064000,92626690,None,3823210000,3823210000,470966000,None,None,657237000,None,None,209656000,194600000,1.38,0.016,87500000,87500000,None,-0.147,0.12,353053000,562709000,1.25,2013-12-31,14.43,204129000,1391100000.0,999957000,346538000,112882000,179043000,179043000,None,51585000000,None,998368000,None,None,561747000,None,None,262700000,None,None,None,0.123,432400000,672997000,326960000,360361000,-33686770000,None,None,None,None,None,None,None,1.202,1.923,1.326,None,None,None,None,None,-189200000,None,0.0654,None,1547044000,2025-11-04,annual,1.37,USD,pre-market,52900000,1052871000,0.0516,0.102,0.027,65.04,661592000,721026000,159279000,None,74.71,80.0,9.6,3993734000,1983309000,1074475000,2496667000,2010425000,1422192000,4823167000,1497067000,20.45,-4420000,89.21,55.43
2025-12-28,TKR,4.23,4544400000.0,20.45,None,1.217,45.0,297200000,None,65417000,65417000,-210600000,-297700000,121600000,3800000,102500000,None,None,103000000,53064000,92626690,None,3823210000,3823210000,470966000,None,None,657237000,None,None,209656000,198000000,1.38,0.016,89000000,89000000,None,-0.147,0.12,353053000,562709000,1.25,2012-12-31,14.43,204129000,1391100000.0,999957000,346538000,112882000,179043000,179043000,None,51585000000,None,998368000,None,None,561747000,None,None,495500000,None,None,None,0.123,626100000,672997000,326960000,360361000,-33686770000,None,None,None,None,None,None,None,1.202,1.923,1.326,None,None,None,None,None,-112300000,None,0.0654,None,1547044000,2025-11-04,annual,1.37,USD,pre-market,52900000,1052871000,0.0516,0.102,0.027,65.04,661592000,721026000,159279000,None,74.71,80.0,9.6,3993734000,1983309000,1074475000,2496667000,2010425000,1422192000,4823167000,1497067000,20.45,-4420000,89.21,55.43
2025-12-28,TKR,4.23,4544400000.0,20.45,None,1.217,45.0,205300000,None,65417000,65417000,-106600000,-508000000,-412300000,-9400000,-125600000,None,None,-111600000,53064000,92626690,None,3823210000,3823210000,470966000,None,None,657237000,None,None,209656000,192500000,1.38,0.016,76000000,76000000,None,-0.147,0.12,353053000,562709000,1.25,2011-12-31,14.43,204129000,1391100000.0,999957000,346538000,112882000,179043000,179043000,None,51585000000,None,998368000,None,None,561747000,None,None,454300000,None,None,None,0.123,211700000,672997000,326960000,360361000,-33686770000,None,None,None,None,None,None,None,1.202,1.923,1.326,None,None,None,None,None,-43800000,None,0.0654,None,1547044000,2025-11-04,annual,1.37,USD,pre-market,52900000,1052871000,0.0516,0.102,0.027,65.04,661592000,721026000,159279000,None,74.71,80.0,9.6,3993734000,1983309000,1074475000,2496667000,2010425000,1422192000,4823167000,1497067000,20.45,-4420000,89.21,55.43
2025-12-28,TKR,4.23,4544400000.0,20.45,None,1.217,45.0,115800000,None,65417000,65417000,-32900000,-152900000,121600000,-5300000,-150000000,None,None,-104800000,53064000,92626690,None,3823210000,3823210000,470966000,None,None,657237000,None,None,209656000,189700000,1.38,0.016,51300000,51300000,None,-0.147,0.12,353053000,562709000,1.25,2010-12-31,14.43,204129000,1391100000.0,999957000,346538000,112882000,179043000,179043000,None,51585000000,None,998368000,None,None,561747000,None,None,267400000,None,None,None,0.123,312700000,672997000,326960000,360361000,-33686770000,None,None,None,None,None,None,None,1.202,1.923,1.326,None,None,None,None,None,-29200000,None,0.0654,None,1547044000,2025-11-04,annual,1.37,USD,pre-market,52900000,1052871000,0.0516,0.102,0.027,65.04,661592000,721026000,159279000,None,74.71,80.0,9.6,3993734000,1983309000,1074475000,2496667000,2010425000,1422192000,4823167000,1497067000,20.45,-4420000,89.21,55.43
2025-12-28,TKR,4.23,4544400000.0,20.45,None,1.217,45.0,114150000,None,65417000,65417000,-167228000,194271000,None,None,356154000,None,None,None,53064000,92626690,None,3823210000,3823210000,470966000,None,None,657237000,None,None,209656000,201486000,1.38,0.016,43268000,43268000,None,-0.147,0.12,353053000,562709000,1.25,2009-12-31,14.43,204129000,1391100000.0,999957000,346538000,112882000,179043000,179043000,None,51585000000,None,998368000,None,None,561747000,None,None,-133961000,None,None,None,0.123,576854000,672997000,326960000,360361000,-33686770000,None,None,None,None,None,None,None,1.202,1.923,1.326,None,None,None,None,None,10820000,None,0.0654,None,1547044000,2025-11-04,annual,1.37,USD,pre-market,52900000,1052871000,0.0516,0.102,0.027,65.04,661592000,721026000,159279000,None,74.71,80.0,9.6,3993734000,1983309000,1074475000,2496667000,2010425000,1422192000,4823167000,1497067000,20.45,-4420000,89.21,55.43
2025-12-28,TKR,4.23,4544400000.0,20.45,None,1.217,45.0,271776000,None,65417000,65417000,-145921000,-320695000,None,None,-98815000,None,None,None,53064000,92626690,None,3823210000,3823210000,470966000,None,None,657237000,None,None,209656000,230994000,1.38,0.016,67462000,67462000,None,-0.147,0.12,353053000,562709000,1.25,2008-12-31,14.43,204129000,1391100000.0,999957000,346538000,112882000,179043000,179043000,None,51585000000,None,998368000,None,None,561747000,None,None,267670000,None,None,None,0.123,569380000,672997000,326960000,360361000,-33686770000,None,None,None,None,None,None,None,1.202,1.923,1.326,None,None,None,None,None,None,None,0.0654,None,1547044000,2025-11-04,annual,1.37,USD,pre-market,52900000,1052871000,0.0516,0.102,0.027,65.04,661592000,721026000,159279000,None,74.71,80.0,9.6,3993734000,1983309000,1074475000,2496667000,2010425000,1422192000,4823167000,1497067000,20.45,-4420000,89.21,55.43
2025-12-28,TKR,4.23,4544400000.0,20.45,None,1.217,45.0,313921000,None,65417000,65417000,79079000,-496570000,None,None,-44186000,None,None,None,53064000,92626690,None,3823210000,3823210000,470966000,None,None,657237000,None,None,209656000,218353000,1.38,0.016,62966000,62966000,None,-0.147,0.12,353053000,562709000,1.25,2007-12-31,14.43,204129000,1391100000.0,999957000,346538000,112882000,179043000,179043000,None,51585000000,None,998368000,None,None,561747000,None,None,220054000,None,None,None,0.123,336668000,672997000,326960000,360361000,-33686770000,None,None,None,None,None,None,None,1.202,1.923,1.326,None,None,None,None,None,None,None,0.0654,None,1547044000,2025-11-04,annual,1.37,USD,pre-market,52900000,1052871000,0.0516,0.102,0.027,65.04,661592000,721026000,159279000,None,74.71,80.0,9.6,3993734000,1983309000,1074475000,2496667000,2010425000,1422192000,4823167000,1497067000,20.45,-4420000,89.21,55.43
2025-12-28,TKR,4.23,4544400000.0,20.45,None,1.217,45.0,296093000,None,65417000,65417000,-176710000,-157291000,None,None,-6743000,None,None,None,53064000,92626690,None,3823210000,3823210000,470966000,None,None,657237000,None,None,209656000,196592000,1.38,0.016,58231000,58231000,None,-0.147,0.12,353053000,562709000,1.25,2006-12-31,14.43,204129000,1391100000.0,999957000,346538000,112882000,179043000,179043000,None,51585000000,None,998368000,None,None,561747000,None,None,222527000,None,None,None,0.123,336928000,672997000,326960000,360361000,-33686770000,None,None,None,None,None,None,None,1.202,1.923,1.326,None,None,None,None,None,None,None,0.0654,None,1547044000,2025-11-04,annual,1.37,USD,pre-market,52900000,1052871000,0.0516,0.102,0.027,65.04,661592000,721026000,159279000,None,74.71,80.0,9.6,3993734000,1983309000,1074475000,2496667000,2010425000,1422192000,4823167000,1497067000,20.45,-4420000,89.21,55.43
2025-12-28,TKR,4.23,4544400000.0,20.45,None,1.217,45.0,220985000,None,65417000,65417000,-56294000,-242802000,None,None,-160287000,None,None,None,53064000,92626690,None,3823210000,3823210000,470966000,None,None,657237000,None,None,209656000,218059000,1.38,0.016,55149000,55149000,None,-0.147,0.12,353053000,562709000,1.25,2005-12-31,14.43,204129000,1391100000.0,999957000,346538000,112882000,179043000,179043000,None,51585000000,None,998368000,None,None,561747000,None,None,260281000,None,None,None,0.123,318701000,672997000,326960000,360361000,-33686770000,None,None,None,None,None,None,None,1.202,1.923,1.326,None,None,None,None,None,None,None,0.0654,None,1547044000,2025-11-04,annual,1.37,USD,pre-market,52900000,1052871000,0.0516,0.102,0.027,65.04,661592000,721026000,159279000,None,74.71,80.0,9.6,3993734000,1983309000,1074475000,2496667000,2010425000,1422192000,4823167000,1497067000,20.45,-4420000,89.21,55.43
