date,symbol,eps,revenue_ttm,pe_ratio,accumulateddepreciationamortizationppe,beta,book_value,capitalexpenditures,capitalleaseobligations,cashandcashequivalentsatcarryingvalue,cashandshortterminvestments,cashflowfromfinancing,cashflowfrominvestment,changeincashandcashequivalents,changeinexchangerate,changeininventory,changeinoperatingassets,changeinoperatingliabilities,changeinreceivables,commonstock,commonstocksharesoutstanding,comprehensiveincomenetoftax,costofgoodsandservicessold,costofrevenue,currentaccountspayable,currentdebt,currentlongtermdebt,currentnetreceivables,deferredrevenue,depreciation,depreciationandamortization,depreciationdepletionandamortization,dividend_per_share,dividend_yield,dividendpayout,dividendpayoutcommonstock,dividendpayoutpreferredstock,earnings_growth_yoy,earnings_surprise,ebit,ebitda,estimated_eps,fiscaldateending,forward_pe,goodwill,gross_profit_ttm,grossprofit,incomebeforetax,incometaxexpense,intangibleassets,intangibleassetsexcludinggoodwill,interestanddebtexpense,interestexpense,interestincome,inventory,investmentincomenet,investments,longtermdebt,longtermdebtnoncurrent,longterminvestments,netincome,netincomefromcontinuingoperations,netinterestincome,noninterestincome,operating_margin_ttm,operatingcashflow,operatingexpenses,operatingincome,othercurrentassets,othercurrentliabilities,othernoncurrentassets,othernoncurrentliabilities,othernonoperatingincome,paymentsforoperatingactivities,paymentsforrepurchaseofcommonstock,paymentsforrepurchaseofequity,paymentsforrepurchaseofpreferredstock,peg_ratio,price_to_book,price_to_sales_ttm,proceedsfromissuanceofcommonstock,proceedsfromissuanceoflongtermdebtandcapitalsecuritiesnet,proceedsfromissuanceofpreferredstock,proceedsfromoperatingactivities,proceedsfromrepaymentsofshorttermdebt,proceedsfromrepurchaseofequity,proceedsfromsaleoftreasurystock,profit_margin,profitloss,propertyplantequipment,report_date,report_type,reported_eps,reportedcurrency,reporttime,researchanddevelopment,retainedearnings,return_on_assets_ttm,return_on_equity_ttm,revenue_growth_yoy,revenue_per_share_ttm,sellinggeneralandadministrative,shortlongtermdebttotal,shorttermdebt,shortterminvestments,sma_200,sma_50,surprise_pct,totalassets,totalcurrentassets,totalcurrentliabilities,totalliabilities,totalnoncurrentassets,totalnoncurrentliabilities,totalrevenue,totalshareholderequity,trailing_pe,treasurystock,week_52_high,week_52_low
1996-03-31,TT,,,,,,,,,,,,,,,,,,,,,,,,,,,,,,,,,,,,,,0.0,,,0.19,,,,,,,,,,,,,,,,,,,,,,,,,,,,,,,,,,,,,,,,,,,,,,,,,1996-04-24,,0.19,,pre-market,,,,,,,,,,,,,0.0,,,,,,,,,,,,
1996-06-30,TT,,,,,,,,,,,,,,,,,,,,,,,,,,,,,,,,,,,,,,0.03,,,0.26,,,,,,,,,,,,,,,,,,,,,,,,,,,,,,,,,,,,,,,,,,,,,,,,,1996-07-23,,0.29,,pre-market,,,,,,,,,,,,,11.5385,,,,,,,,,,,,
1996-09-30,TT,,,,,,,,,,,,,,,,,,,,,,,,,,,,,,,,,,,,,,0.02,,,0.23,,,,,,,,,,,,,,,,,,,,,,,,,,,,,,,,,,,,,,,,,,,,,,,,,1996-10-25,,0.25,,pre-market,,,,,,,,,,,,,8.6957,,,,,,,,,,,,
1996-12-31,TT,,,,,,,,,,,,,,,,,,,,,,,,,,,,,,,,,,,,,,0.03,,,0.31,,,,,,,,,,,,,,,,,,,,,,,,,,,,,,,,,,,,,,,,,,,,,,,,,1997-01-27,,0.34,,pre-market,,,,,,,,,,,,,9.6774,,,,,,,,,,,,
1997-03-31,TT,,,,,,,,,,,,,,,,,,,,,,,,,,,,,,,,,,,,,,0.03,,,0.22,,,,,,,,,,,,,,,,,,,,,,,,,,,,,,,,,,,,,,,,,,,,,,,,,1997-04-24,,0.25,,pre-market,,,,,,,,,,,,,13.6364,,,,,,,,,,,,
1997-06-30,TT,,,,,,,,,,,,,,,,,,,,,,,,,,,,,,,,,,,,,,0.02,,,0.32,,,,,,,,,,,,,,,,,,,,,,,,,,,,,,,,,,,,,,,,,,,,,,,,,1997-07-23,,0.34,,pre-market,,,,,,,,,,,,,6.25,,,,,,,,,,,,
1997-09-30,TT,,,,,,,,,,,,,,,,,,,,,,,,,,,,,,,,,,,,,,0.02,,,0.28,,,,,,,,,,,,,,,,,,,,,,,,,,,,,,,,,,,,,,,,,,,,,,,,,1997-10-22,,0.3,,pre-market,,,,,,,,,,,,,7.1429,,,,,,,,,,,,
1997-12-31,TT,,,,,,,,,,,,,,,,,,,,,,,,,,,,,,,,,,,,,,0.02,,,0.36,,,,,,,,,,,,,,,,,,,,,,,,,,,,,,,,,,,,,,,,,,,,,,,,,1998-01-29,,0.38,,pre-market,,,,,,,,,,,,,5.5556,,,,,,,,,,,,
1998-03-31,TT,,,,,,,,,,,,,,,,,,,,,,,,,,,,,,,,,,,,,,0.01,,,0.29,,,,,,,,,,,,,,,,,,,,,,,,,,,,,,,,,,,,,,,,,,,,,,,,,1998-04-22,,0.3,,pre-market,,,,,,,,,,,,,3.4483,,,,,,,,,,,,
1998-06-30,TT,,,,,,,,,,,,,,,,,,,,,,,,,,,,,,,,,,,,,,0.03,,,0.4,,,,,,,,,,,,,,,,,,,,,,,,,,,,,,,,,,,,,,,,,,,,,,,,,1998-07-23,,0.43,,pre-market,,,,,,,,,,,,,7.5,,,,,,,,,,,,
1998-09-30,TT,,,,,,,,,,,,,,,,,,,,,,,,,,,,,,,,,,,,,,0.01,,,0.35,,,,,,,,,,,,,,,,,,,,,,,,,,,,,,,,,,,,,,,,,,,,,,,,,1998-10-21,,0.36,,pre-market,,,,,,,,,,,,,2.8571,,,,,,,,,,,,
1998-12-31,TT,,,,,,,,,,,,,,,,,,,,,,,,,,,,,,,,,,,,,,0.02,,,0.44,,,,,,,,,,,,,,,,,,,,,,,,,,,,,,,,,,,,,,,,,,,,,,,,,1999-01-28,,0.46,,pre-market,,,,,,,,,,,,,4.5455,,,,,,,,,,,,
1999-03-31,TT,,,,,,,,,,,,,,,,,,,,,,,,,,,,,,,,,,,,,,0.03,,,0.34,,,,,,,,,,,,,,,,,,,,,,,,,,,,,,,,,,,,,,,,,,,,,,,,,1999-04-21,,0.37,,pre-market,,,,,,,,,,,,,8.8235,,,,,,,,,,,,
1999-06-30,TT,,,,,,,,,,,,,,,,,,,,,,,,,,,,,,,,,,,,,,0.01,,,0.49,,,,,,,,,,,,,,,,,,,,,,,,,,,,,,,,,,,,,,,,,,,,,,,,,1999-07-22,,0.5,,pre-market,,,,,,,,,,,,,2.0408,,,,,,,,,,,,
1999-09-30,TT,,,,,,,,,,,,,,,,,,,,,,,,,,,,,,,,,,,,,,0.01,,,0.41,,,,,,,,,,,,,,,,,,,,,,,,,,,,,,,,,,,,,,,,,,,,,,,,,1999-10-20,,0.42,,pre-market,,,,,,,,,,,,,2.439,,,,,,,,,,,,
1999-12-31,TT,,,,,,,,,,,,,,,,,,,,,,,,,,,,,,,,,,,,,,-0.04,,,0.48,,,,,,,,,,,,,,,,,,,,,,,,,,,,,,,,,,,,,,,,,,,,,,,,,2000-01-26,,0.44,,pre-market,,,,,,,,,,,,,-8.3333,,,,,,,,,,,,
2000-03-31,TT,,,,,,,,,,,,,,,,,,,,,,,,,,,,,,,,,,,,,,0.02,,,0.41,,,,,,,,,,,,,,,,,,,,,,,,,,,,,,,,,,,,,,,,,,,,,,,,,2000-04-19,,0.43,,pre-market,,,,,,,,,,,,,4.878,,,,,,,,,,,,
2000-06-30,TT,,,,,,,,,,,,,,,,,,,,,,,,,,,,,,,,,,,,,,0.01,,,0.55,,,,,,,,,,,,,,,,,,,,,,,,,,,,,,,,,,,,,,,,,,,,,,,,,2000-07-19,,0.56,,pre-market,,,,,,,,,,,,,1.8182,,,,,,,,,,,,
2000-09-30,TT,,,,,,,,,,,,,,,,,,,,,,,,,,,,,,,,,,,,,,0.01,,,0.42,,,,,,,,,,,,,,,,,,,,,,,,,,,,,,,,,,,,,,,,,,,,,,,,,2000-10-18,,0.43,,pre-market,,,,,,,,,,,,,2.381,,,,,,,,,,,,
2000-12-31,TT,,,,,,,,,,,,,,,,,,,,,,,,,,,,,,,,,,,,,,0.04,,,0.46,,,,,,,,,,,,,,,,,,,,,,,,,,,,,,,,,,,,,,,,,,,,,,,,,2001-01-24,,0.5,,pre-market,,,,,,,,,,,,,8.6957,,,,,,,,,,,,
2001-03-31,TT,,,,,,,,,,,,,,,,,,,,,,,,,,,,,,,,,,,,,,0.01,,,0.25,,,,,,,,,,,,,,,,,,,,,,,,,,,,,,,,,,,,,,,,,,,,,,,,,2001-04-18,,0.26,,pre-market,,,,,,,,,,,,,4.0,,,,,,,,,,,,
2001-06-30,TT,,,,,,,,,,,,,,,,,,,,,,,,,,,,,,,,,,,,,,0.0,,,0.28,,,,,,,,,,,,,,,,,,,,,,,,,,,,,,,,,,,,,,,,,,,,,,,,,2001-07-19,,0.28,,pre-market,,,,,,,,,,,,,0.0,,,,,,,,,,,,
2001-09-30,TT,,,,,,,,,,,,,,,,,,,,,,,,,,,,,,,,,,,,,,0.01,,,0.22,,,,,,,,,,,,,,,,,,,,,,,,,,,,,,,,,,,,,,,,,,,,,,,,,2001-10-18,,0.23,,pre-market,,,,,,,,,,,,,4.5455,,,,,,,,,,,,
2001-12-31,TT,,,,,,,,,,,,,,,,,,,,,,,,,,,,,,,,,,,,,,0.02,,,0.26,,,,,,,,,,,,,,,,,,,,,,,,,,,,,,,,,,,,,,,,,,,,,,,,,2002-01-24,,0.28,,pre-market,,,,,,,,,,,,,7.6923,,,,,,,,,,,,
2002-03-31,TT,,,,,,,,,,,,,,,,,,,,,,,,,,,,,,,,,,,,,,0.0,,,0.29,,,,,,,,,,,,,,,,,,,,,,,,,,,,,,,,,,,,,,,,,,,,,,,,,2002-04-18,,0.29,,pre-market,,,,,,,,,,,,,0.0,,,,,,,,,,,,
2002-06-30,TT,,,,,,,,,,,,,,,,,,,,,,,,,,,,,,,,,,,,,,0.01,,,0.35,,,,,,,,,,,,,,,,,,,,,,,,,,,,,,,,,,,,,,,,,,,,,,,,,2002-07-18,,0.36,,pre-market,,,,,,,,,,,,,2.8571,,,,,,,,,,,,
2002-09-30,TT,,,,,,,,,,,,,,,,,,,,,,,,,,,,,,,,,,,,,,0.03,,,0.28,,,,,,,,,,,,,,,,,,,,,,,,,,,,,,,,,,,,,,,,,,,,,,,,,2002-10-17,,0.31,,pre-market,,,,,,,,,,,,,10.7143,,,,,,,,,,,,
2002-12-31,TT,,,,,,,,,,,,,,,,,,,,,,,,,,,,,,,,,,,,,,0.13,,,0.47,,,,,,,,,,,,,,,,,,,,,,,,,,,,,,,,,,,,,,,,,,,,,,,,,2003-01-23,,0.6,,pre-market,,,,,,,,,,,,,27.6596,,,,,,,,,,,,
2003-03-31,TT,,,,,,,,,,,,,,,,,,,,,,,,,,,,,,,,,,,,,,0.0,,,0.3,,,,,,,,,,,,,,,,,,,,,,,,,,,,,,,,,,,,,,,,,,,,,,,,,2003-04-17,,0.3,,pre-market,,,,,,,,,,,,,0.0,,,,,,,,,,,,
2003-06-30,TT,,,,,,,,,,,,,,,,,,,,,,,,,,,,,,,,,,,,,,0.05,,,0.36,,,,,,,,,,,,,,,,,,,,,,,,,,,,,,,,,,,,,,,,,,,,,,,,,2003-07-17,,0.41,,pre-market,,,,,,,,,,,,,13.8889,,,,,,,,,,,,
2003-09-30,TT,,,,,,,,,,,,,,,,,,,,,,,,,,,,,,,,,,,,,,0.03,,,0.38,,,,,,,,,,,,,,,,,,,,,,,,,,,,,,,,,,,,,,,,,,,,,,,,,2003-10-22,,0.41,,pre-market,,,,,,,,,,,,,7.8947,,,,,,,,,,,,
2003-12-31,TT,,,,,,,,,,,,,,,,,,,,,,,,,,,,,,,,,,,,,,0.02,,,0.54,,,,,,,,,,,,,,,,,,,,,,,,,,,,,,,,,,,,,,,,,,,,,,,,,2004-01-27,,0.56,,pre-market,,,,,,,,,,,,,3.7037,,,,,,,,,,,,
2004-03-31,TT,,,,,,,,,,,,,,,,,,,,,,,,,,,,,,,,,,,,,,0.07,,,0.44,,,,,,,,,,,,,,,,,,,,,,,,,,,,,,,,,,,,,,,,,,,,,,,,,2004-04-20,,0.51,,pre-market,,,,,,,,,,,,,15.9091,,,,,,,,,,,,
2004-06-30,TT,,,,,,,,,,,,,,,,,,,,,,,,,,,,,,,,,,,,,,0.06,,,0.65,,,,,,,,,,,,,,,,,,,,,,,,,,,,,,,,,,,,,,,,,,,,,,,,,2004-07-22,,0.71,,pre-market,,,,,,,,,,,,,9.2308,,,,,,,,,,,,
2004-09-30,TT,,,,,,,,,,,,,,,,,,,,,,,,,,,,,,,,,,,,,,0.04,,,0.58,,,,,,,,,,,,,,,,,,,,,,,,,,,,,,,,,,,,,,,,,,,,,,,,,2004-10-21,,0.62,,pre-market,,,,,,,,,,,,,6.8966,,,,,,,,,,,,
2004-12-31,TT,,,,,,,,,,,,,,,,,,,,,,,,,,,,,,,,,,,,,,0.05,,,0.61,,,,,,,,,,,,,,,,,,,,,,,,,,,,,,,,,,,,,,,,,,,,,,,,,2005-02-01,,0.66,,pre-market,,,,,,,,,,,,,8.1967,,,,,,,,,,,,
2005-03-31,TT,,,,,,,,,,,,,,,,,,,,,,,,,,,,,,,,,,,,,,0.05,,,0.59,,,,,,,,,,,,,,,,,,,,,,,,,,,,,,,,,,,,,,,,,,,,,,,,,2005-04-21,,0.64,,pre-market,,,,,,,,,,,,,8.4746,,,,,,,,,,,,
2005-06-30,TT,,,,,,,,,,,,,,,,,,,,,,,,,,,,,,,,,,,,,,0.03,,,0.81,,,,,,,,,,,,,,,,,,,,,,,,,,,,,,,,,,,,,,,,,,,,,,,,,2005-07-21,,0.84,,pre-market,,,,,,,,,,,,,3.7037,,,,,,,,,,,,
2005-09-30,TT,,,,,,,,,,,,,,,,,,,,,,,,,,,,,,,,,,,,,,0.03,,,0.72,,,,,,,,,,,,,,,,,,,,,,,,,,,,,,,,,,,,,,,,,,,,,,,,,2005-10-20,,0.75,,pre-market,,,,,,,,,,,,,4.1667,,,,,,,,,,,,
2005-12-31,TT,,,,,,,,,,,,,,,,,,,,,,,,,,,,,,,,,,,,,,0.1,,,0.77,,,,,,,,,,,,,,,,,,,,,,,,,,,,,,,,,,,,,,,,,,,,,,,,,2006-01-26,,0.87,,pre-market,,,,,,,,,,,,,12.987,,,,,,,,,,,,
2006-03-31,TT,,,,,,,,,,,,,,,,,,,,,,,,,,,,,,,,,,,,,,0.04,,,0.72,,,,,,,,,,,,,,,,,,,,,,,,,,,,,,,,,,,,,,,,,,,,,,,,,2006-04-21,,0.76,,pre-market,,,,,,,,,,,,,5.5556,,,,,,,,,,,,
2006-06-30,TT,,,,,,,,,,,,,,,,,,,,,,,,,,,,,,,,,,,,,,0.0,,,0.95,,,,,,,,,,,,,,,,,,,,,,,,,,,,,,,,,,,,,,,,,,,,,,,,,2006-07-28,,0.95,,pre-market,,,,,,,,,,,,,0.0,,,,,,,,,,,,
2006-09-30,TT,,,,,,,,,,,,,,,,,,,,,,,,,,,,,,,,,,,,,,-0.01,,,0.86,,,,,,,,,,,,,,,,,,,,,,,,,,,,,,,,,,,,,,,,,,,,,,,,,2006-10-27,,0.85,,pre-market,,,,,,,,,,,,,-1.1628,,,,,,,,,,,,
2006-12-31,TT,,,,,,,,,,,,,,,,,,,,,,,,,,,,,,,,,,,,,,-0.01,,,0.73,,,,,,,,,,,,,,,,,,,,,,,,,,,,,,,,,,,,,,,,,,,,,,,,,2007-01-31,,0.72,,pre-market,,,,,,,,,,,,,-1.3699,,,,,,,,,,,,
2007-03-31,TT,,,,,,,,,,,,,,,,,,,,,,,,,,,,,,,,,,,,,,0.0,,,0.7,,,,,,,,,,,,,,,,,,,,,,,,,,,,,,,,,,,,,,,,,,,,,,,,,2007-04-27,,0.7,,pre-market,,,,,,,,,,,,,0.0,,,,,,,,,,,,
2007-06-30,TT,,,,,,,,,,,,,,,,,,,,,,,,,,,,,,,,,,,,,,0.0,,,0.95,,,,,,,,,,,,,,,,,,,,,,,,,,,,,,,,,,,,,,,,,,,,,,,,,2007-07-27,,0.95,,pre-market,,,,,,,,,,,,,0.0,,,,,,,,,,,,
2007-09-30,TT,,,,,,,,,,,,,,,,,,,,,,,,,,,,,,,,,,,,,,0.08,,,0.88,,,,,,,,,,,,,,,,,,,,,,,,,,,,,,,,,,,,,,,,,,,,,,,,,2007-10-26,,0.96,,pre-market,,,,,,,,,,,,,9.0909,,,,,,,,,,,,
2007-12-31,TT,,,,,,,,,,,,,,,,,,,,,,,,,,,,,,,,,,,,,,0.0,,,0.97,,,,,,,,,,,,,,,,,,,,,,,,,,,,,,,,,,,,,,,,,,,,,,,,,2008-02-14,,0.97,,pre-market,,,,,,,,,,,,,0.0,,,,,,,,,,,,
2008-03-31,TT,,,,,,,,,,,,,,,,,,,,,,,,,,,,,,,,,,,,,,0.04,,,0.73,,,,,,,,,,,,,,,,,,,,,,,,,,,,,,,,,,,,,,,,,,,,,,,,,2008-04-30,,0.77,,pre-market,,,,,,,,,,,,,5.4795,,,,,,,,,,,,
2008-06-30,TT,,,,,,,,,,,,,,,,,,,,,,,,,,,,,,,,,,,,,,0.14,,,0.89,,,,,,,,,,,,,,,,,,,,,,,,,,,,,,,,,,,,,,,,,,,,,,,,,2008-08-01,,1.03,,pre-market,,,,,,,,,,,,,15.7303,,,,,,,,,,,,
2008-09-30,TT,,,,,,,,,,,,,,,,,,,,,,,,,,,,,,,,,,,,,,0.02,,,0.97,,,,,,,,,,,,,,,,,,,,,,,,,,,,,,,,,,,,,,,,,,,,,,,,,2008-10-24,,0.99,,pre-market,,,,,,,,,,,,,2.0619,,,,,,,,,,,,
2008-12-31,TT,,,,,,,,,,,,,,,,,,,,,,,,,,,,,,,,,,,,,,0.25,,,0.28,,,,,,,,,,,,,,,,,,,,,,,,,,,,,,,,,,,,,,,,,,,,,,,,,2009-02-11,,0.53,,pre-market,,,,,,,,,,,,,89.2857,,,,,,,,,,,,
2009-03-31,TT,,,,,,,,,,,,,,,,,,,,,,,,,,,,,,,,,,,,,,0.08,,,-0.12,,,,,,,,,,,,,,,,,,,,,,,,,,,,,,,,,,,,,,,,,,,,,,,,,2009-04-22,,-0.04,,pre-market,,,,,,,,,,,,,66.6667,,,,,,,,,,,,
2009-06-30,TT,,,,,,,,,,,,,,,,,,,,,,,,,,,,,,,,,,,,,,0.11,,,0.39,,,,,,,,,,,,,,,,,,,,,,,,,,,,,,,,,,,,,,,,,,,,,,,,,2009-07-24,,0.5,,pre-market,,,,,,,,,,,,,28.2051,,,,,,,,,,,,
2009-09-30,TT,,,,,,,,,,,,,,,,,,,,,,,,,,,,,,,,,,,,,,0.09,,,0.61,,,,,,,,,,,,,,,,,,,,,,,,,,,,,,,,,,,,,,,,,,,,,,,,,2009-10-23,,0.7,,pre-market,,,,,,,,,,,,,14.7541,,,,,,,,,,,,
2009-12-31,TT,,,,,,,,,,,,,,,,,,,,,,,,,,,,,,,,,,,,,,-0.05,,,0.53,,,,,,,,,,,,,,,,,,,,,,,,,,,,,,,,,,,,,,,,,,,,,,,,,2010-02-12,,0.48,,pre-market,,,,,,,,,,,,,-9.434,,,,,,,,,,,,
2010-03-31,TT,,,,,,,,,,,,,,,,,,,,,,,,,,,,,,,,,,,,,,-0.02,,,0.18,,,,,,,,,,,,,,,,,,,,,,,,,,,,,,,,,,,,,,,,,,,,,,,,,2010-04-23,,0.16,,pre-market,,,,,,,,,,,,,-11.1111,,,,,,,,,,,,
2010-06-30,TT,,,,,,,,,,,,,,,,,,,,,,,,,,,,,,,,,,,,,,0.04,,,0.72,,,,,,,,,,,,,,,,,,,,,,,,,,,,,,,,,,,,,,,,,,,,,,,,,2010-07-23,,0.76,,pre-market,,,,,,,,,,,,,5.5556,,,,,,,,,,,,
2010-09-30,TT,,,,,,,,,,,,,,,,,,,,,,,,,,,,,,,,,,,,,,0.01,,,0.79,,,,,,,,,,,,,,,,,,,,,,,,,,,,,,,,,,,,,,,,,,,,,,,,,2010-10-22,,0.8,,pre-market,,,,,,,,,,,,,1.2658,,,,,,,,,,,,
2010-12-31,TT,,,,,,,,,,,,,,,,,,,,,,,,,,,,,,,,,,,,,,-0.03,,,0.65,,,,,,,,,,,,,,,,,,,,,,,,,,,,,,,,,,,,,,,,,,,,,,,,,2011-02-09,,0.62,,pre-market,,,,,,,,,,,,,-4.6154,,,,,,,,,,,,
2011-03-31,TT,,,,,,,,,,,,,,,,,,,,,,,,,,,,,,,,,,,,,,0.03,,,0.32,,,,,,,,,,,,,,,,,,,,,,,,,,,,,,,,,,,,,,,,,,,,,,,,,2011-04-21,,0.35,,pre-market,,,,,,,,,,,,,9.375,,,,,,,,,,,,
2011-06-30,TT,,,,,,,,,,,,,,,,,,,,,,,,,,,,,,,,,,,,,,-0.05,,,0.93,,,,,,,,,,,,,,,,,,,,,,,,,,,,,,,,,,,,,,,,,,,,,,,,,2011-07-21,,0.88,,pre-market,,,,,,,,,,,,,-5.3763,,,,,,,,,,,,
2011-09-30,TT,,,,,,,,,,,,,,,,,,,,,,,,,,,,,,,,,,,,,,0.02,,,0.79,,,,,,,,,,,,,,,,,,,,,,,,,,,,,,,,,,,,,,,,,,,,,,,,,2011-10-20,,0.81,,pre-market,,,,,,,,,,,,,2.5316,,,,,,,,,,,,
2011-12-31,TT,,,,,,,,,,,,,,,,,,,,,,,,,,,,,,,,,,,,,,0.1,,,0.66,,,,,,,,,,,,,,,,,,,,,,,,,,,,,,,,,,,,,,,,,,,,,,,,,2012-02-08,,0.76,,pre-market,,,,,,,,,,,,,15.1515,,,,,,,,,,,,
2012-03-31,TT,,,,,,,,,,,,,,,,,,,,,,,,,,,,,,,,,,,,,,0.06,,,0.25,,,,,,,,,,,,,,,,,,,,,,,,,,,,,,,,,,,,,,,,,,,,,,,,,2012-04-20,,0.31,,pre-market,,,,,,,,,,,,,24.0,,,,,,,,,,,,
2012-06-30,TT,,,,,,,,,,,,,,,,,,,,,,,,,,,,,,,,,,,,,,0.09,,,0.91,,,,,,,,,,,,,,,,,,,,,,,,,,,,,,,,,,,,,,,,,,,,,,,,,2012-07-20,,1.0,,pre-market,,,,,,,,,,,,,9.8901,,,,,,,,,,,,
2012-09-30,TT,,,,,,,,,,,,,,,,,,,,,,,,,,,,,,,,,,,,,,0.09,,,0.98,,,,,,,,,,,,,,,,,,,,,,,,,,,,,,,,,,,,,,,,,,,,,,,,,2012-10-19,,1.07,,pre-market,,,,,,,,,,,,,9.1837,,,,,,,,,,,,
2012-12-31,TT,,,,,,,,,,,,,,,,,,,,,,,,,,,,,,,,,,,,,,0.06,,,0.7,,,,,,,,,,,,,,,,,,,,,,,,,,,,,,,,,,,,,,,,,,,,,,,,,2013-02-01,,0.76,,pre-market,,,,,,,,,,,,,8.5714,,,,,,,,,,,,
2013-03-31,TT,,,,,,,,,,,,,,,,,,,,,,,,,,,,,,,,,,,,,,0.02,,,0.4,,,,,,,,,,,,,,,,,,,,,,,,,,,,,,,,,,,,,,,,,,,,,,,,,2013-04-23,,0.42,,pre-market,,,,,,,,,,,,,5.0,,,,,,,,,,,,
2013-06-30,TT,,,,,,,,,,,,,,,,,,,,,,,,,,,,,,,,,,,,,,0.06,,,1.08,,,,,,,,,,,,,,,,,,,,,,,,,,,,,,,,,,,,,,,,,,,,,,,,,2013-07-19,,1.14,,pre-market,,,,,,,,,,,,,5.5556,,,,,,,,,,,,
2013-09-30,TT,,,,,,,,,,,,,,,,,,,,,,,,,,,,,,,,,,,,,,0.03,,,1.1,,,,,,,,,,,,,,,,,,,,,,,,,,,,,,,,,,,,,,,,,,,,,,,,,2013-10-18,,1.13,,pre-market,,,,,,,,,,,,,2.7273,,,,,,,,,,,,
2013-12-31,TT,,,,,,,,,,,,,,,,,,,,,,,,,,,,,,,,,,,,,,0.0,,,0.61,,,,,,,,,,,,,,,,,,,,,,,,,,,,,,,,,,,,,,,,,,,,,,,,,2014-02-11,,0.61,,pre-market,,,,,,,,,,,,,0.0,,,,,,,,,,,,
2014-03-31,TT,,,,,,,,,,,,,,,,,,,,,,,,,,,,,,,,,,,,,,0.03,,,0.26,,,,,,,,,,,,,,,,,,,,,,,,,,,,,,,,,,,,,,,,,,,,,,,,,2014-04-23,,0.29,,pre-market,,,,,,,,,,,,,11.5385,,,,,,,,,,,,
2014-06-30,TT,,,,,,,,,,,,,,,,,,,,,,,,,,,,,,,,,,,,,,0.02,,,1.11,,,,,,,,,,,,,,,,,,,,,,,,,,,,,,,,,,,,,,,,,,,,,,,,,2014-07-22,,1.13,,pre-market,,,,,,,,,,,,,1.8018,,,,,,,,,,,,
2014-09-30,TT,,,,,,,,,,,,,,,,,,,,,,,,,,,,,,,,,,,,,,0.06,,,1.04,,,,,,,,,,,,,,,,,,,,,,,,,,,,,,,,,,,,,,,,,,,,,,,,,2014-10-22,,1.1,,pre-market,,,,,,,,,,,,,5.7692,,,,,,,,,,,,
2014-12-31,TT,,,,,,,,,,,,,,,,,,,,,,,,,,,,,,,,,,,,,,0.12,,,0.7,,,,,,,,,,,,,,,,,,,,,,,,,,,,,,,,,,,,,,,,,,,,,,,,,2015-01-30,,0.82,,pre-market,,,,,,,,,,,,,17.1429,,,,,,,,,,,,
2015-03-31,TT,,,,,,,,,,,,,,,,,,,,,,,,,,,,,,,,,,,,,,0.06,,,0.32,,,,,,,,,,,,,,,,,,,,,,,,,,,,,,,,,,,,,,,,,,,,,,,,,2015-04-23,,0.38,,pre-market,,,,,,,,,,,,,18.75,,,,,,,,,,,,
2015-06-30,TT,,,,,,,,,,,,,,,,,,,,,,,,,,,,,,,,,,,,,,-0.03,,,1.23,,,,,,,,,,,,,,,,,,,,,,,,,,,,,,,,,,,,,,,,,,,,,,,,,2015-07-28,,1.2,,pre-market,,,,,,,,,,,,,-2.439,,,,,,,,,,,,
2015-09-30,TT,,,,,,,,,,,,,,,,,,,,,,,,,,,,,,,,,,,,,,0.05,,,1.16,,,,,,,,,,,,,,,,,,,,,,,,,,,,,,,,,,,,,,,,,,,,,,,,,2015-10-27,,1.21,,pre-market,,,,,,,,,,,,,4.3103,,,,,,,,,,,,
2015-12-31,TT,,,,,,,,,,,,,,,,,,,,,,,,,,,,,,,,,,,,,,0.01,,,0.93,,,,,,,,,,,,,,,,,,,,,,,,,,,,,,,,,,,,,,,,,,,,,,,,,2016-02-09,,0.94,,pre-market,,,,,,,,,,,,,1.0753,,,,,,,,,,,,
2016-03-31,TT,,,,,,,,,,,,,,,,,,,,,,,,,,,,,,,,,,,,,,0.13,,,0.37,,,,,,,,,,,,,,,,,,,,,,,,,,,,,,,,,,,,,,,,,,,,,,,,,2016-04-26,,0.5,,pre-market,,,,,,,,,,,,,35.1351,,,,,,,,,,,,
2016-06-30,TT,,,,,,,,,,,,,,,,,,,,,,,,,,,,,,,,,,,,,,0.08,,,1.3,,,,,,,,,,,,,,,,,,,,,,,,,,,,,,,,,,,,,,,,,,,,,,,,,2016-07-27,,1.38,,pre-market,,,,,,,,,,,,,6.1538,,,,,,,,,,,,
2016-09-30,TT,,,,,,,,,,,,,,,,,,,,,,,,,,,,,,,,,,,,,,0.12,,,1.29,,,,,,,,,,,,,,,,,,,,,,,,,,,,,,,,,,,,,,,,,,,,,,,,,2016-10-26,,1.41,,pre-market,,,,,,,,,,,,,9.3023,,,,,,,,,,,,
2016-12-31,TT,,,,,,,,,,,,,,,,,,,,,,,,,,,,,,,,,,,,,,-0.08,,,0.92,,,,,,,,,,,,,,,,,,,,,,,,,,,,,,,,,,,,,,,,,,,,,,,,,2017-02-01,,0.84,,pre-market,,,,,,,,,,,,,-8.6957,,,,,,,,,,,,
2017-03-31,TT,,,,,,,,,,,,,,,,,,,,,,,,,,,,,,,,,,,,,,0.04,,,0.53,,,,,,,,,,,,,,,,,,,,,,,,,,,,,,,,,,,,,,,,,,,,,,,,,2017-04-26,,0.57,,pre-market,,,,,,,,,,,,,7.5472,,,,,,,,,,,,
2017-06-30,TT,,,,,,,,,,,,,,,,,,,,,,,,,,,,,,,,,,,,,,0.03,,,1.46,,,,,,,,,,,,,,,,,,,,,,,,,,,,,,,,,,,,,,,,,,,,,,,,,2017-07-26,,1.49,,pre-market,,,,,,,,,,,,,2.0548,,,,,,,,,,,,
2017-09-30,TT,,,,,,,,,,,,,,,,,,,,,,,,,,,,,,,,,,,,,,0.01,,,1.43,,,,,,,,,,,,,,,,,,,,,,,,,,,,,,,,,,,,,,,,,,,,,,,,,2017-10-25,,1.44,,pre-market,,,,,,,,,,,,,0.6993,,,,,,,,,,,,
2017-12-31,TT,,,,,,,,,,,,,,,,,,,,,,,,,,,,,,,,,,,,,,-0.01,,,1.03,,,,,,,,,,,,,,,,,,,,,,,,,,,,,,,,,,,,,,,,,,,,,,,,,2018-01-31,,1.02,,pre-market,,,,,,,,,,,,,-0.9709,,,,,,,,,,,,
2018-03-31,TT,,,,,,,,,,,,,,,,,,,,,,,,,,,,,,,,,,,,,,0.08,,,0.62,,,,,,,,,,,,,,,,,,,,,,,,,,,,,,,,,,,,,,,,,,,,,,,,,2018-04-25,,0.7,,pre-market,,,,,,,,,,,,,12.9032,,,,,,,,,,,,
2018-06-30,TT,,,,,,,,,,,,,,,,,,,,,,,,,,,,,,,,,,,,,,0.12,,,1.73,,,,,,,,,,,,,,,,,,,,,,,,,,,,,,,,,,,,,,,,,,,,,,,,,2018-07-25,,1.85,,pre-market,,,,,,,,,,,,,6.9364,,,,,,,,,,,,
2018-09-30,TT,,,,,,,,,,,,,,,,,,,,,,,,,,,,,,,,,,,,,,0.04,,,1.71,,,,,,,,,,,,,,,,,,,,,,,,,,,,,,,,,,,,,,,,,,,,,,,,,2018-10-24,,1.75,,pre-market,,,,,,,,,,,,,2.3392,,,,,,,,,,,,
2018-12-31,TT,,,,,,,,,,,,,,,,,,,,,,,,,,,,,,,,,,,,,,0.03,,,1.29,,,,,,,,,,,,,,,,,,,,,,,,,,,,,,,,,,,,,,,,,,,,,,,,,2019-01-30,,1.32,,pre-market,,,,,,,,,,,,,2.3256,,,,,,,,,,,,
2019-03-31,TT,,,,,,,,,,,,,,,,,,,,,,,,,,,,,,,,,,,,,,0.09,,,0.8,,,,,,,,,,,,,,,,,,,,,,,,,,,,,,,,,,,,,,,,,,,,,,,,,2019-04-30,,0.89,,pre-market,,,,,,,,,,,,,11.25,,,,,,,,,,,,
2019-06-30,TT,,,,,,,,,,,,,,,,,,,,,,,,,,,,,,,,,,,,,,0.04,,,2.05,,,,,,,,,,,,,,,,,,,,,,,,,,,,,,,,,,,,,,,,,,,,,,,,,2019-07-30,,2.09,,pre-market,,,,,,,,,,,,,1.9512,,,,,,,,,,,,
2019-09-30,TT,,,,,,,,,,,,,,,,,,,,,,,,,,,,,,,,,,,,,,0.08,,,1.91,,,,,,,,,,,,,,,,,,,,,,,,,,,,,,,,,,,,,,,,,,,,,,,,,2019-10-29,,1.99,,pre-market,,,,,,,,,,,,,4.1885,,,,,,,,,,,,
2019-12-31,TT,,,,,,,,,,,,,,,,,,,,,,,,,,,,,,,,,,,,,,-0.02,,,1.42,,,,,,,,,,,,,,,,,,,,,,,,,,,,,,,,,,,,,,,,,,,,,,,,,2020-01-29,,1.4,,pre-market,,,,,,,,,,,,,-1.4085,,,,,,,,,,,,
2020-03-31,TT,,,,,,,,,,,,,,,,,,,,,,,,,,,,,,,,,,,,,,-0.09,,,0.52,,,,,,,,,,,,,,,,,,,,,,,,,,,,,,,,,,,,,,,,,,,,,,,,,2020-05-05,,0.43,,pre-market,,,,,,,,,,,,,-17.3077,,,,,,,,,,,,
2020-06-30,TT,,,,,,,,,,,,,,,,,,,,,,,,,,,,,,,,,,,,,,0.53,,,0.74,,,,,,,,,,,,,,,,,,,,,,,,,,,,,,,,,,,,,,,,,,,,,,,,,2020-07-29,,1.27,,pre-market,,,,,,,,,,,,,71.6216,,,,,,,,,,,,
2020-09-30,TT,,,,,,,,,,,,,,,,,,,,,,,,,,,,,,,,,,,,,,0.37,,,1.35,,,,,,,,,,,,,,,,,,,,,,,,,,,,,,,,,,,,,,,,,,,,,,,,,2020-10-28,,1.72,,pre-market,,,,,,,,,,,,,27.4074,,,,,,,,,,,,
2020-12-31,TT,,,,,,,,,,,,,,,,,,,,,,,,,,,,,,,,,,,,,,0.11,,,0.92,,,,,,,,,,,,,,,,,,,,,,,,,,,,,,,,,,,,,,,,,,,,,,,,,2021-02-05,,1.03,,pre-market,,,,,,,,,,,,,11.9565,,,,,,,,,,,,
2021-03-31,TT,,,,,,,,,,,,,,,,,,,,,,,,,,,,,,,,,,,,,,0.39,,,0.62,,,,,,,,,,,,,,,,,,,,,,,,,,,,,,,,,,,,,,,,,,,,,,,,,2021-05-05,,1.01,,pre-market,,,,,,,,,,,,,62.9032,,,,,,,,,,,,
2021-06-30,TT,,,,,,,,,,,,,,,,,,,,,,,,,,,,,,,,,,,,,,0.02,,,1.9,,,,,,,,,,,,,,,,,,,,,,,,,,,,,,,,,,,,,,,,,,,,,,,,,2021-08-04,,1.92,,pre-market,,,,,,,,,,,,,1.0526,,,,,,,,,,,,
2021-09-30,TT,,,,,,,,,,,,,,,,,,,,,,,,,,,,,,,,,,,,,,-0.04,,,1.84,,,,,,,,,,,,,,,,,,,,,,,,,,,,,,,,,,,,,,,,,,,,,,,,,2021-11-03,,1.8,,pre-market,,,,,,,,,,,,,-2.1739,,,,,,,,,,,,
2021-12-31,TT,,,,,,,,,,,,,,,,,,,,,,,,,,,,,,,,,,,,,,0.05,,,1.31,,,,,,,,,,,,,,,,,,,,,,,,,,,,,,,,,,,,,,,,,,,,,,,,,2022-01-31,,1.36,,pre-market,,,,,,,,,,,,,3.8168,,,,,,,,,,,,
2022-03-31,TT,,,,,,,,,,,,,,,,,,,,,,,,,,,,,,,,,,,,,,0.13,,,0.99,,,,,,,,,,,,,,,,,,,,,,,,,,,,,,,,,,,,,,,,,,,,,,,,,2022-05-04,,1.12,,pre-market,,,,,,,,,,,,,13.1313,,,,,,,,,,,,
2022-06-30,TT,,,,,,,,,,,,,,,,,,,,,,,,,,,,,,,,,,,,,,0.06,,,2.1,,,,,,,,,,,,,,,,,,,,,,,,,,,,,,,,,,,,,,,,,,,,,,,,,2022-08-03,,2.16,,pre-market,,,,,,,,,,,,,2.8571,,,,,,,,,,,,
2022-09-30,TT,,,,,,,,,,,,,,,,,,,,,,,,,,,,,,,,,,,,,,0.15,,,2.12,,,,,,,,,,,,,,,,,,,,,,,,,,,,,,,,,,,,,,,,,,,,,,,,,2022-11-02,,2.27,,pre-market,,,,,,,,,,,,,7.0755,,,,,,,,,,,,
2022-12-31,TT,,,,,,,,,,,,,,,,,,,,,,,,,,,,,,,,,,,,,,0.18,,,1.64,,,,,,,,,,,,,,,,,,,,,,,,,,,,,,,,,,,,,,,,,,,,,,,,,2023-02-02,,1.82,,pre-market,,,,,,,,,,,,,10.9756,,,,,,,,,,,,
2023-03-31,TT,,,,,,,,,,,,,,,,,,,,,,,,,,,,,,,,,,,,,,0.07,,,1.34,,,,,,,,,,,,,,,,,,,,,,,,,,,,,,,,,,,,,,,,,,,,,,,,,2023-05-03,,1.41,,pre-market,,,,,,,,,,,,,5.2239,,,,,,,,,,,,
2023-06-30,TT,,,,,,,,,,,,,,,,,,,,,,,,,,,,,,,,,,,,,,0.12,,,2.56,,,,,,,,,,,,,,,,,,,,,,,,,,,,,,,,,,,,,,,,,,,,,,,,,2023-08-02,,2.68,,pre-market,,,,,,,,,,,,,4.6875,,,,,,,,,,,,
2023-09-30,TT,,,,,,,,,,,,,,,,,,,,,,,,,,,,,,,,,,,,,,0.13,,,2.66,,,,,,,,,,,,,,,,,,,,,,,,,,,,,,,,,,,,,,,,,,,,,,,,,2023-11-01,,2.79,,pre-market,,,,,,,,,,,,,4.8872,,,,,,,,,,,,
2023-12-31,TT,,,,,,,,,,,,,,,,,,,,,,,,,,,,,,,,,,,,,,0.04,,,2.13,,,,,,,,,,,,,,,,,,,,,,,,,,,,,,,,,,,,,,,,,,,,,,,,,2024-02-01,,2.17,,pre-market,,,,,,,,,,,,,1.8779,,,,,,,,,,,,
2024-03-31,TT,,,,,,,,,,,,,,,,,,,,,,,,,,,,,,,,,,,,,,0.29,,,1.65,,,,,,,,,,,,,,,,,,,,,,,,,,,,,,,,,,,,,,,,,,,,,,,,,2024-04-30,,1.94,,pre-market,,,,,,,,,,,,,17.5758,,,,,,,,,,,,
2024-06-30,TT,,,,,,,,,,,,,,,,,,,,,,,,,,,,,,,,,,,,,,0.22,,,3.08,,,,,,,,,,,,,,,,,,,,,,,,,,,,,,,,,,,,,,,,,,,,,,,,,2024-07-31,,3.3,,pre-market,,,,,,,,,,,,,7.1429,,,,,,,,,,,,
2024-09-30,TT,,,,,,,,,,,,,,,,,,,,,,,,,,,,,,,,,,,,,,0.13,,,3.24,,,,,,,,,,,,,,,,,,,,,,,,,,,,,,,,,,,,,,,,,,,,,,,,,2024-10-30,,3.37,,pre-market,,,,,,,,,,,,,4.0123,,,,,,,,,,,,
2024-12-31,TT,,,,,,,,,,,,,,,,,,,,,,,,,,,,,,,,,,,,,,0.07,,,2.54,,,,,,,,,,,,,,,,,,,,,,,,,,,,,,,,,,,,,,,,,,,,,,,,,2025-01-30,,2.61,,pre-market,,,,,,,,,,,,,2.7559,,,,,,,,,,,,
2025-03-31,TT,,,,,,,,,,,,,,,,,,,,,,,,,,,,,,,,,,,,,,0.51,,,2.2,,,,,,,,,,,,,,,,,,,,,,,,,,,,,,,,,,,,,,,,,,,,,,,,,2025-04-30,,2.71,,pre-market,,,,,,,,,,,,,23.1818,,,,,,,,,,,,
2025-06-30,TT,,,,,,,,,,,,,,,,,,,,,,,,,,,,,,,,,,,,,,0.09,,,3.79,,,,,,,,,,,,,,,,,,,,,,,,,,,,,,,,,,,,,,,,,,,,,,,,,2025-07-30,,3.88,,pre-market,,,,,,,,,,,,,2.3747,,,,,,,,,,,,
2025-09-30,TT,,,,,,,,,,,,,,,,,,,,,,,,,,,,,,,,,,,,,,0.07,,,3.81,,,,,,,,,,,,,,,,,,,,,,,,,,,,,,,,,,,,,,,,,,,,,,,,,2025-10-29,,3.88,,pre-market,,,,,,,,,,,,,1.8373,,,,,,,,,,,,
2025-12-28,TT,13.07,21051400000.0,30.04,,1.194,37.51,,,,,,,,,,,,,,,,,,,,,,,,,,3.66,0.0093,,,,0.114,0.07,,,3.81,,26.53,,7667100000.0,,,,,,,,,,,,,,,,,,,0.202,,,,,,,,,,,,,2.454,10.46,4.15,,,,,,,,0.139,,,2025-10-29,,3.88,,pre-market,,,0.114,0.372,0.055,94.06,,,,,407.83,413.59,1.8373,,,,,,,,,30.04,,474.0,296.13
2025-12-28,TT,13.07,21051400000.0,30.04,,1.194,37.51,,,,,,,,,,,,,,,None,3624300000,3624300000,,,,,,None,88300000,,3.66,0.0093,,,,0.114,0.07,1147300000,1235600000,3.81,2025-09-30,26.53,,7667100000.0,2118200000,1091700000,231500000,,,None,55600000,1200000,,None,,,,,847600000,860200000,-54400000,None,0.202,,952900000,1165300000,,,,,None,,,,,2.454,10.46,4.15,,,,,,,,0.139,,,2025-10-29,quarterly,3.88,USD,pre-market,None,,0.114,0.372,0.055,94.06,952900000,,,,407.83,413.59,1.8373,,,,,,,5742500000,,30.04,,474.0,296.13
2025-12-28,TT,13.07,21051400000.0,30.04,,1.194,37.51,,,,,,,,,,,,,,,None,3585800000,3585800000,,,,,,None,98100000,,3.66,0.0093,,,,0.114,0.07,1150900000,1249000000,3.81,2025-06-30,26.53,,7667100000.0,2160600000,1092700000,216700000,,,None,58200000,57400000,,None,,,,,874800000,876000000,-58200000,None,0.202,,996400000,1164200000,,,,,None,,,,,2.454,10.46,4.15,,,,,,,,0.139,,,2025-10-29,quarterly,3.88,USD,pre-market,None,,0.114,0.372,0.055,94.06,996400000,,,,407.83,413.59,1.8373,,,,,,,5746400000,,30.04,,474.0,296.13
2025-12-28,TT,13.07,21051400000.0,30.04,,1.194,37.51,,,,,,,,,,,,,,,None,3011000000,3011000000,,,,,,None,99100000,,3.66,0.0093,,,,0.114,0.07,811000000,910100000,3.81,2025-03-31,26.53,,7667100000.0,1677500000,752900000,134900000,,,None,58100000,3300000,,None,,,,,604900000,618000000,-54800000,None,0.202,,858600000,818900000,,,,,None,,,,,2.454,10.46,4.15,,,,,,,,0.139,,,2025-10-29,quarterly,3.88,USD,pre-market,None,,0.114,0.372,0.055,94.06,858600000,,,,407.83,413.59,1.8373,,,,,,,4688500000,,30.04,,474.0,296.13
2025-12-28,TT,13.07,21051400000.0,30.04,,1.194,37.51,,,,,,,,,,,,,,,None,3163200000,3163200000,,,,,,None,96700000,,3.66,0.0093,,,,0.114,0.07,810500000,907200000,3.81,2024-12-31,26.53,,7667100000.0,1710800000,750600000,135300000,,,None,59900000,11500000,,None,,,,,604300000,615300000,-48400000,None,0.202,,903200000,807600000,,,,,None,,,,,2.454,10.46,4.15,,,,,,,,0.139,,,2025-10-29,quarterly,3.88,USD,pre-market,None,,0.114,0.372,0.055,94.06,903200000,,,,407.83,413.59,1.8373,,,,,,,4874000000,,30.04,,474.0,296.13
2025-12-28,TT,13.07,21051400000.0,30.04,,1.194,37.51,,,,,,,,,,,,,,,None,3466800000,3466800000,,,,,,None,95000000,,3.66,0.0093,,,,0.114,0.07,1030900000,1125900000,3.81,2024-09-30,26.53,,7667100000.0,1974400000,967900000,181100000,,,None,63000000,15300000,,None,,,,,772000000,786800000,-47700000,None,0.202,,949800000,1024600000,,,,,None,,,,,2.454,10.46,4.15,,,,,,,,0.139,,,2025-10-29,quarterly,3.88,USD,pre-market,None,,0.114,0.372,0.055,94.06,949800000,,,,407.83,413.59,1.8373,,,,,,,5441200000,,30.04,,474.0,296.13
2025-12-28,TT,13.07,21051400000.0,30.04,,1.194,37.51,,,,,,,,,,,,,,,None,3371900000,3371900000,,,,,,None,96200000,,3.66,0.0093,,,,0.114,0.07,1022600000,1118800000,3.81,2024-06-30,26.53,,7667100000.0,1935500000,972600000,205800000,,,None,57500000,5400000,,None,,,,,755300000,766800000,-52100000,None,0.202,,901300000,1034200000,,,,,None,,,,,2.454,10.46,4.15,,,,,,,,0.139,,,2025-10-29,quarterly,3.88,USD,pre-market,None,,0.114,0.372,0.055,94.06,904000000,,,,407.83,413.59,1.8373,,,,,,,5307400000,,30.04,,474.0,296.13
2025-12-28,TT,13.07,21051400000.0,30.04,,1.194,37.51,,,,,,,,,,,,,,,None,2755600000,2755600000,,,,,,None,91500000,,3.66,0.0093,,,,0.114,0.07,608800000,700300000,3.81,2024-03-31,26.53,,7667100000.0,1459900000,550700000,105500000,,,None,58100000,3700000,,None,,,,,436300000,445200000,-54400000,None,0.202,,826100000,633800000,,,,,None,,,,,2.454,10.46,4.15,,,,,,,,0.139,,,2025-10-29,quarterly,3.88,USD,pre-market,None,,0.114,0.372,0.055,94.06,828800000,,,,407.83,413.59,1.8373,,,,,,,4215500000,,30.04,,474.0,296.13
2025-12-28,TT,13.07,21051400000.0,30.04,,1.194,37.51,,,,,,,,,,,,,,,None,2952800000,2952800000,,,,,,None,87900000,,3.66,0.0093,,,,0.114,0.07,672100000,760000000,3.81,2023-12-31,26.53,,7667100000.0,1471300000,614800000,98200000,,,None,57400000,4300000,,None,,,,,504300000,516600000,-53100000,None,0.202,,783700000,687600000,,,,,None,,,,,2.454,10.46,4.15,,,,,,,,0.139,,,2025-10-29,quarterly,3.88,USD,pre-market,252300000,,0.114,0.372,0.055,94.06,783700000,,,,407.83,413.59,1.8373,,,,,,,4424100000,,30.04,,474.0,296.13
2025-12-28,TT,13.07,21051400000.0,30.04,,1.194,37.51,,,,,,,,,,,,,,,None,3224800000,3224800000,,,,,,None,92000000,,3.66,0.0093,,,,0.114,0.07,854200000,946200000,3.81,2023-09-30,26.53,,7667100000.0,1658100000,796300000,157500000,,,None,57900000,60100000,,None,,,,,626300000,638800000,-57900000,None,0.202,,793900000,864200000,,,,,None,,,,,2.454,10.46,4.15,,,,,,,,0.139,,,2025-10-29,quarterly,3.88,USD,pre-market,None,,0.114,0.372,0.055,94.06,793900000,,,,407.83,413.59,1.8373,,,,,,,4882900000,,30.04,,474.0,296.13
2025-12-28,TT,13.07,21051400000.0,30.04,,1.194,37.51,,,,,,,,,,,,,,,None,3120300000,3120300000,,,,,,None,88400000,,3.66,0.0093,,,,0.114,0.07,828000000,916400000,3.81,2023-06-30,26.53,,7667100000.0,1584400000,766400000,169600000,,,None,61600000,58500000,,None,,,,,586200000,596800000,-61600000,None,0.202,,699000000,885400000,,,,,None,,,,,2.454,10.46,4.15,,,,,,,,0.139,,,2025-10-29,quarterly,3.88,USD,pre-market,None,,0.114,0.372,0.055,94.06,699000000,,,,407.83,413.59,1.8373,,,,,,,4704700000,,30.04,,474.0,296.13
2025-12-28,TT,13.07,21051400000.0,30.04,,1.194,37.51,,,,,,,,,,,,,,,None,2522300000,2522300000,,,,,,None,79800000,,3.66,0.0093,,,,0.114,0.07,447400000,527200000,3.81,2023-03-31,26.53,,7667100000.0,1143500000,389800000,73200000,,,None,57600000,59800000,,None,,,,,307100000,316600000,-57600000,None,0.202,,686700000,456800000,,,,,None,,,,,2.454,10.46,4.15,,,,,,,,0.139,,,2025-10-29,quarterly,3.88,USD,pre-market,None,,0.114,0.372,0.055,94.06,692300000,,,,407.83,413.59,1.8373,,,,,,,3665800000,,30.04,,474.0,296.13
2025-12-28,TT,13.07,21051400000.0,30.04,,1.194,37.51,,,,,,,,,,,,,,,None,2854400000,2854400000,,,,,,None,82000000,,3.66,0.0093,,,,0.114,0.07,578500000,660500000,3.81,2022-12-31,26.53,,7667100000.0,1219500000,522400000,73400000,,,None,55900000,55900000,,None,,,,,439100000,449000000,-55900000,None,0.202,,638900000,580600000,,,,,None,,,,,2.454,10.46,4.15,,,,,,,,0.139,,,2025-10-29,quarterly,3.88,USD,pre-market,211200000,,0.114,0.372,0.055,94.06,638900000,,,,407.83,413.59,1.8373,,,,,,,4073900000,,30.04,,474.0,296.13
2025-12-28,TT,13.07,21051400000.0,30.04,,1.194,37.51,,,,,,,,,,,,,,,None,2939100000,2939100000,,,,,,None,84000000,,3.66,0.0093,,,,0.114,0.07,721000000,805000000,3.81,2022-09-30,26.53,,7667100000.0,1432800000,665000000,104700000,,,None,55800000,55800000,,None,,,,,547900000,560300000,-53400000,None,0.202,,693300000,739500000,,,,,None,,,,,2.454,10.46,4.15,,,,,,,,0.139,,,2025-10-29,quarterly,3.88,USD,pre-market,None,,0.114,0.372,0.055,94.06,693300000,,,,407.83,413.59,1.8373,,,,,,,4371900000,,30.04,,474.0,296.13
2025-12-28,TT,13.07,21051400000.0,30.04,,1.194,37.51,,,,,,,,,,,,,,,None,2867000000,2867000000,,,,,,None,79800000,,3.66,0.0093,,,,0.114,0.07,709000000,788800000,3.81,2022-06-30,26.53,,7667100000.0,1323400000,653100000,136600000,,,None,55900000,1500000,,None,,,,,509300000,516500000,-55900000,None,0.202,,612800000,710600000,,,,,None,,,,,2.454,10.46,4.15,,,,,,,,0.139,,,2025-10-29,quarterly,3.88,USD,pre-market,None,,0.114,0.372,0.055,94.06,612800000,,,,407.83,413.59,1.8373,,,,,,,4190400000,,30.04,,474.0,296.13
2025-12-28,TT,13.07,21051400000.0,30.04,,1.194,37.51,,,,,,,,,,,,,,,None,2366500000,2366500000,,,,,,None,77300000,,3.66,0.0093,,,,0.114,0.07,387500000,464800000,3.81,2022-03-31,26.53,,7667100000.0,989000000,331500000,61100000,,,None,56000000,1300000,,None,,,,,260200000,270400000,-54700000,None,0.202,,600800000,388200000,,,,,None,,,,,2.454,10.46,4.15,,,,,,,,0.139,,,2025-10-29,quarterly,3.88,USD,pre-market,None,,0.114,0.372,0.055,94.06,600800000,,,,407.83,413.59,1.8373,,,,,,,3355500000,,30.04,,474.0,296.13
2025-12-28,TT,13.07,21051400000.0,30.04,,1.194,37.51,,,,,,,,,,,,,,,None,2527800000,2527800000,,,,,,None,76400000,,3.66,0.0093,,,,0.114,0.07,450800000,527200000,3.81,2021-12-31,26.53,,7667100000.0,1041500000,394600000,65500000,,,None,56000000,56000000,,None,,,,,317800000,329100000,-56000000,None,0.202,,605800000,435700000,,,,,None,,,,,2.454,10.46,4.15,,,,,,,,0.139,,,2025-10-29,quarterly,3.88,USD,pre-market,193500000,,0.114,0.372,0.055,94.06,605800000,,,,407.83,413.59,1.8373,,,,,,,3569300000,,30.04,,474.0,296.13
2025-12-28,TT,13.07,21051400000.0,30.04,,1.194,37.51,,,,,,,,,,,,,,,None,2515600000,2515600000,,,,,,None,72200000,,3.66,0.0093,,,,0.114,0.07,576500000,648700000,3.81,2021-09-30,26.53,,7667100000.0,1204200000,518800000,96800000,,,None,57700000,59100000,,None,,,,,405700000,422000000,-56900000,None,0.202,,620800000,583400000,,,,,None,,,,,2.454,10.46,4.15,,,,,,,,0.139,,,2025-10-29,quarterly,3.88,USD,pre-market,None,,0.114,0.372,0.055,94.06,613900000,,,,407.83,413.59,1.8373,,,,,,,3719800000,,30.04,,474.0,296.13
2025-12-28,TT,13.07,21051400000.0,30.04,,1.194,37.51,,,,,,,,,,,,,,,None,2559000000,2559000000,,,,,,None,74800000,,3.66,0.0093,,,,0.114,0.07,652200000,727000000,3.81,2021-06-30,26.53,,7667100000.0,1270700000,592000000,122800000,,,None,59300000,1100000,,None,,,,,464700000,469200000,-58200000,None,0.202,,619700000,651000000,,,,,None,,,,,2.454,10.46,4.15,,,,,,,,0.139,,,2025-10-29,quarterly,3.88,USD,pre-market,None,,0.114,0.372,0.055,94.06,619700000,,,,407.83,413.59,1.8373,,,,,,,3829700000,,30.04,,474.0,296.13
2025-12-28,TT,13.07,21051400000.0,30.04,,1.194,37.51,,,,,,,,,,,,,,,None,2064400000,2064400000,,,,,,None,76000000,,3.66,0.0093,,,,0.114,0.07,347500000,423500000,3.81,2021-03-31,26.53,,7667100000.0,953200000,285300000,48400000,,,None,59600000,63300000,,None,,,,,235200000,236900000,-59600000,None,0.202,,600000000,353200000,,,,,None,,,,,2.454,10.46,4.15,,,,,,,,0.139,,,2025-10-29,quarterly,3.88,USD,pre-market,None,,0.114,0.372,0.055,94.06,600000000,,,,407.83,413.59,1.8373,,,,,,,3017600000,,30.04,,474.0,296.13
2025-12-28,TT,13.07,21051400000.0,30.04,,1.194,37.51,,,,,,,,,,,,,,,None,2231200000,2231200000,,,,,,None,70600000,,3.66,0.0093,,,,0.114,0.07,384700000,455300000,3.81,2020-12-31,26.53,,7667100000.0,947900000,322600000,72400000,,,None,61900000,63400000,,None,,,,,244700000,250200000,-61900000,None,0.202,,559900000,388000000,,,,,None,,,,,2.454,10.46,4.15,,,,,,,,0.139,,,2025-10-29,quarterly,3.88,USD,pre-market,165000000,,0.114,0.372,0.055,94.06,538400000,,,,407.83,413.59,1.8373,,,,,,,3179100000,,30.04,,474.0,296.13
2025-12-28,TT,13.07,21051400000.0,30.04,,1.194,37.51,,,,,,,,,,,,,,,None,2360800000,2360800000,,,,,,None,74500000,,3.66,0.0093,,,,0.114,0.07,562400000,636900000,3.81,2020-09-30,26.53,,7667100000.0,1134700000,500000000,89900000,,,None,62400000,63000000,,None,,,,,400600000,410100000,-60500000,None,0.202,,567800000,566900000,,,,,None,,,,,2.454,10.46,4.15,,,,,,,,0.139,,,2025-10-29,quarterly,3.88,USD,pre-market,None,,0.114,0.372,0.055,94.06,562900000,,,,407.83,413.59,1.8373,,,,,,,3495500000,,30.04,,474.0,296.13
2025-12-28,TT,13.07,21051400000.0,30.04,,1.194,37.51,,,,,,,,,,,,,,,None,2160500000,2160500000,,,,,,None,74200000,,3.66,0.0093,,,,0.114,0.07,423200000,497400000,3.81,2020-06-30,26.53,,7667100000.0,978300000,361800000,83500000,,,None,61300000,61300000,,None,,,,,238800000,278300000,-59500000,None,0.202,,554800000,423500000,,,,,None,,,,,2.454,10.46,4.15,,,,,,,,0.139,,,2025-10-29,quarterly,3.88,USD,pre-market,None,,0.114,0.372,0.055,94.06,1079600000,,,,407.83,413.59,1.8373,,,,,,,3138800000,,30.04,,474.0,296.13
2025-12-28,TT,13.07,21051400000.0,30.04,,1.194,37.51,,,,,,,,,,,,,,,None,1898800000,1898800000,,,,,,None,75000000,,3.66,0.0093,,,,0.114,0.07,167000000,242000000,3.81,2020-03-31,26.53,,7667100000.0,742500000,103800000,51000000,,,None,63200000,59100000,,None,,,,,-29200000,52800000,-63200000,None,0.202,,588100000,154400000,,,,,None,,,,,2.454,10.46,4.15,,,,,,,,0.139,,,2025-10-29,quarterly,3.88,USD,pre-market,None,,0.114,0.372,0.055,94.06,1160800000,,,,407.83,413.59,1.8373,,,,,,,2641300000,,30.04,,474.0,296.13
2025-12-28,TT,13.07,21051400000.0,30.04,,1.194,37.51,,,,,,,,,,,,,,,None,2257200000,2257200000,,,,,,None,73000000,,3.66,0.0093,,,,0.114,0.07,323700000,396700000,3.81,2019-12-31,26.53,,7667100000.0,926500000,260100000,46000000,,,None,63300000,66400000,,None,,,,,296100000,277200000,-62400000,None,0.202,,596300000,330200000,,,,,None,,,,,2.454,10.46,4.15,,,,,,,,0.139,,,2025-10-29,quarterly,3.88,USD,pre-market,174200000,,0.114,0.372,0.055,94.06,1635000000,,,,407.83,413.59,1.8373,,,,,,,3183700000,,30.04,,474.0,296.13
2025-12-28,TT,13.07,21051400000.0,30.04,,1.194,37.51,,,,,,,,,,,,,,,None,2352600000,2352600000,,,,,,None,72700000,,3.66,0.0093,,,,0.114,0.07,531800000,604500000,3.81,2019-09-30,26.53,,7667100000.0,1118300000,466800000,80500000,,,None,65000000,69000000,,None,,,,,458800000,439000000,-64500000,None,0.202,,567800000,536500000,,,,,None,,,,,2.454,10.46,4.15,,,,,,,,0.139,,,2025-10-29,quarterly,3.88,USD,pre-market,None,,0.114,0.372,0.055,94.06,1567300000,,,,407.83,413.59,1.8373,,,,,,,3470900000,,30.04,,474.0,296.13
2025-12-28,TT,13.07,21051400000.0,30.04,,1.194,37.51,,,,,,,,,,,,,,,None,2462800000,2462800000,,,,,,None,72200000,,3.66,0.0093,,,,0.114,0.07,569000000,641200000,3.81,2019-06-30,26.53,,7667100000.0,1165000000,504500000,91900000,,,None,64700000,63000000,,None,,,,,456100000,465900000,-61500000,None,0.202,,587900000,566900000,,,,,None,,,,,2.454,10.46,4.15,,,,,,,,0.139,,,2025-10-29,quarterly,3.88,USD,pre-market,None,,0.114,0.372,0.055,94.06,1367800000,,,,407.83,413.59,1.8373,,,,,,,3617600000,,30.04,,474.0,296.13
2025-12-28,TT,13.07,21051400000.0,30.04,,1.194,37.51,,,,,,,,,,,,,,,None,1989200000,1989200000,,,,,,None,70900000,,3.66,0.0093,,,,0.114,0.07,219600000,290500000,3.81,2019-03-31,26.53,,7667100000.0,814500000,167500000,20200000,,,None,52100000,59400000,,None,,,,,199900000,205800000,-51500000,None,0.202,,578000000,236500000,,,,,None,,,,,2.454,10.46,4.15,,,,,,,,0.139,,,2025-10-29,quarterly,3.88,USD,pre-market,None,,0.114,0.372,0.055,94.06,1302700000,,,,407.83,413.59,1.8373,,,,,,,2803700000,,30.04,,474.0,296.13
2025-12-28,TT,13.07,21051400000.0,30.04,,1.194,37.51,,,,,,,,,,,,,,,None,2745000000,2745000000,,,,,,None,88500000,,3.66,0.0093,,,,0.114,0.07,426400000,514900000,3.81,2018-12-31,26.53,,7667100000.0,1150100000,377300000,121300000,,,None,49000000,None,,None,,,,,254000000,None,None,None,0.202,,703400000,446700000,,,,,None,,,,,2.454,10.46,4.15,,,,,,,,0.139,,,2025-10-29,quarterly,3.88,USD,pre-market,228700000,,0.114,0.372,0.055,94.06,1407400000,,,,407.83,413.59,1.8373,,,,,,,3895100000,,30.04,,474.0,296.13
2025-12-28,TT,13.07,21051400000.0,30.04,,1.194,37.51,,,,,,,,,,,,,,,None,2718300000,2718300000,,,,,,None,85200000,,3.66,0.0093,,,,0.114,0.07,578500000,663700000,3.81,2018-09-30,26.53,,7667100000.0,1312600000,530000000,-1100000,,,None,48500000,None,,None,,,,,515100000,None,None,None,0.202,,725600000,587000000,,,,,None,,,,,2.454,10.46,4.15,,,,,,,,0.139,,,2025-10-29,quarterly,3.88,USD,pre-market,None,,0.114,0.372,0.055,94.06,1450600000,,,,407.83,413.59,1.8373,,,,,,,4030900000,,30.04,,474.0,296.13
2025-12-28,TT,13.07,21051400000.0,30.04,,1.194,37.51,,,,,,,,,,,,,,,None,2964100000,2964100000,,,,,,None,94400000,,3.66,0.0093,,,,0.114,0.07,636800000,731200000,3.81,2018-06-30,26.53,,7667100000.0,1393600000,586500000,128000000,,,None,50300000,None,,None,,,,,448100000,None,None,None,0.202,,753300000,640300000,,,,,None,,,,,2.454,10.46,4.15,,,,,,,,0.139,,,2025-10-29,quarterly,3.88,USD,pre-market,None,,0.114,0.372,0.055,94.06,1507300000,,,,407.83,413.59,1.8373,,,,,,,4357700000,,30.04,,474.0,296.13
2025-12-28,TT,13.07,21051400000.0,30.04,,1.194,37.51,,,,,,,,,,,,,,,None,2420200000,2420200000,,,,,,None,93400000,,3.66,0.0093,,,,0.114,0.07,239400000,332800000,3.81,2018-03-31,26.53,,7667100000.0,964300000,166500000,33000000,,,None,72900000,None,,None,,,,,120400000,None,None,None,0.202,,720900000,243400000,,,,,None,,,,,2.454,10.46,4.15,,,,,,,,0.139,,,2025-10-29,quarterly,3.88,USD,pre-market,None,,0.114,0.372,0.055,94.06,1440900000,,,,407.83,413.59,1.8373,,,,,,,3384500000,,30.04,,474.0,296.13
2025-12-28,TT,13.07,21051400000.0,30.04,,1.194,37.51,,,,,,,,,,,,,,,None,2542400000,2542400000,,,,,,None,91400000,,3.66,0.0093,,,,0.114,0.07,378800000,470200000,3.81,2017-12-31,26.53,,7667100000.0,1075700000,325000000,-163000000,,,None,53900000,None,,None,,,,,459900000,None,None,None,0.202,,689000000,386700000,,,,,None,,,,,2.454,10.46,4.15,,,,,,,,0.139,,,2025-10-29,quarterly,3.88,USD,pre-market,210800000,,0.114,0.372,0.055,94.06,1378000000,,,,407.83,413.59,1.8373,,,,,,,3618100000,,30.04,,474.0,296.13
2025-12-28,TT,13.07,21051400000.0,30.04,,1.194,37.51,,,,,,,,,,,,,,,None,2489900000,2489900000,,,,,,None,87800000,,3.66,0.0093,,,,0.114,0.07,498500000,586300000,3.81,2017-09-30,26.53,,7667100000.0,1180600000,444600000,76400000,,,None,53900000,None,,None,,,,,367000000,None,None,None,0.202,,674500000,506100000,,,,,None,,,,,2.454,10.46,4.15,,,,,,,,0.139,,,2025-10-29,quarterly,3.88,USD,pre-market,None,,0.114,0.372,0.055,94.06,1348500000,,,,407.83,413.59,1.8373,,,,,,,3670500000,,30.04,,474.0,296.13
2025-12-28,TT,13.07,21051400000.0,30.04,,1.194,37.51,,,,,,,,,,,,,,,None,2653100000,2653100000,,,,,,None,87400000,,3.66,0.0093,,,,0.114,0.07,546100000,633500000,3.81,2017-06-30,26.53,,7667100000.0,1255300000,492000000,138100000,,,None,54100000,None,,None,,,,,358600000,None,None,None,0.202,,697700000,557600000,,,,,None,,,,,2.454,10.46,4.15,,,,,,,,0.139,,,2025-10-29,quarterly,3.88,USD,pre-market,None,,0.114,0.372,0.055,94.06,1395700000,,,,407.83,413.59,1.8373,,,,,,,3908400000,,30.04,,474.0,296.13
2025-12-28,TT,13.07,21051400000.0,30.04,,1.194,37.51,,,,,,,,,,,,,,,None,2126100000,2126100000,,,,,,None,86700000,,3.66,0.0093,,,,0.114,0.07,210300000,297000000,3.81,2017-03-31,26.53,,7667100000.0,874500000,156300000,28700000,,,None,54000000,None,,None,,,,,117100000,None,None,None,0.202,,659500000,215000000,,,,,None,,,,,2.454,10.46,4.15,,,,,,,,0.139,,,2025-10-29,quarterly,3.88,USD,pre-market,None,,0.114,0.372,0.055,94.06,1318500000,,,,407.83,413.59,1.8373,,,,,,,3000600000,,30.04,,474.0,296.13
2025-12-28,TT,13.07,21051400000.0,30.04,,1.194,37.51,,,,,,,,,,,,,,,None,2351300000,2351300000,,,,,,None,87500000,,3.66,0.0093,,,,0.114,0.07,321800000,409300000,3.81,2016-12-31,26.53,,7667100000.0,1007500000,268100000,63900000,,,None,53800000,None,,None,,,,,198800000,None,None,None,0.202,,660600000,346900000,,,,,None,,,,,2.454,10.46,4.15,,,,,,,,0.139,,,2025-10-29,quarterly,3.88,USD,pre-market,207900000,,0.114,0.372,0.055,94.06,1321600000,,,,407.83,413.59,1.8373,,,,,,,3358800000,,30.04,,474.0,296.13
2025-12-28,TT,13.07,21051400000.0,30.04,,1.194,37.51,,,,,,,,,,,,,,,None,2418700000,2418700000,,,,,,None,88700000,,3.66,0.0093,,,,0.114,0.07,505400000,594100000,3.81,2016-09-30,26.53,,7667100000.0,1149100000,450900000,83200000,,,None,54500000,None,,None,,,,,377400000,None,None,None,0.202,,645400000,503700000,,,,,None,,,,,2.454,10.46,4.15,,,,,,,,0.139,,,2025-10-29,quarterly,3.88,USD,pre-market,None,,0.114,0.372,0.055,94.06,1290400000,,,,407.83,413.59,1.8373,,,,,,,3567800000,,30.04,,474.0,296.13
2025-12-28,TT,13.07,21051400000.0,30.04,,1.194,37.51,,,,,,,,,,,,,,,None,2512300000,2512300000,,,,,,None,88000000,,3.66,0.0093,,,,0.114,0.07,518400000,606400000,3.81,2016-06-30,26.53,,7667100000.0,1175900000,851700000,92500000,,,None,56500000,None,,None,,,,,747600000,None,None,None,0.202,,670700000,513300000,,,,,None,,,,,2.454,10.46,4.15,,,,,,,,0.139,,,2025-10-29,quarterly,3.88,USD,pre-market,None,,0.114,0.372,0.055,94.06,1341700000,,,,407.83,413.59,1.8373,,,,,,,3688200000,,30.04,,474.0,296.13
2025-12-28,TT,13.07,21051400000.0,30.04,,1.194,37.51,,,,,,,,,,,,,,,None,2047000000,2047000000,,,,,,None,88000000,,3.66,0.0093,,,,0.114,0.07,233800000,321800000,3.81,2016-03-31,26.53,,7667100000.0,852900000,170600000,41900000,,,None,56700000,None,,None,,,,,152400000,None,None,None,0.202,,629800000,225400000,,,,,None,,,,,2.454,10.46,4.15,,,,,,,,0.139,,,2025-10-29,quarterly,3.88,USD,pre-market,None,,0.114,0.372,0.055,94.06,1258800000,,,,407.83,413.59,1.8373,,,,,,,2894100000,,30.04,,474.0,296.13
2025-12-28,TT,13.07,21051400000.0,30.04,,1.194,37.51,,,,,,,,,,,,,,,None,2341000000,2341000000,,,,,,None,94900000,,3.66,0.0093,,,,0.114,0.07,364400000,459300000,3.81,2015-12-31,26.53,,7667100000.0,984800000,308100000,68700000,,,None,56300000,None,,None,,,,,233500000,None,None,None,0.202,,625500000,359300000,,,,,None,,,,,2.454,10.46,4.15,,,,,,,,0.139,,,2025-10-29,quarterly,3.88,USD,pre-market,205900000,,0.114,0.372,0.055,94.06,1251500000,,,,407.83,413.59,1.8373,,,,,,,3325800000,,30.04,,474.0,296.13
2025-12-28,TT,13.07,21051400000.0,30.04,,1.194,37.51,,,,,,,,,,,,,,,None,2379400000,2379400000,,,,,,None,88500000,,3.66,0.0093,,,,0.114,0.07,475400000,563900000,3.81,2015-09-30,26.53,,7667100000.0,1107500000,431800000,113800000,,,None,55800000,None,,None,,,,,300900000,None,None,None,0.202,,632100000,475400000,,,,,None,,,,,2.454,10.46,4.15,,,,,,,,0.139,,,2025-10-29,quarterly,3.88,USD,pre-market,None,,0.114,0.372,0.055,94.06,1264100000,,,,407.83,413.59,1.8373,,,,,,,3486900000,,30.04,,474.0,296.13
2025-12-28,TT,13.07,21051400000.0,30.04,,1.194,37.51,,,,,,,,,,,,,,,None,2494500000,2494500000,,,,,,None,92800000,,3.66,0.0093,,,,0.114,0.07,452200000,545000000,3.81,2015-06-30,26.53,,7667100000.0,1105700000,418400000,331400000,,,None,55800000,None,,None,,,,,78900000,None,None,None,0.202,,653500000,452200000,,,,,None,,,,,2.454,10.46,4.15,,,,,,,,0.139,,,2025-10-29,quarterly,3.88,USD,pre-market,None,,0.114,0.372,0.055,94.06,1306500000,,,,407.83,413.59,1.8373,,,,,,,3600200000,,30.04,,474.0,296.13
2025-12-28,TT,13.07,21051400000.0,30.04,,1.194,37.51,,,,,,,,,,,,,,,None,2086700000,2086700000,,,,,,None,87900000,,3.66,0.0093,,,,0.114,0.07,171100000,259000000,3.81,2015-03-31,26.53,,7667100000.0,801100000,89600000,26900000,,,None,55100000,None,,None,,,,,51300000,None,None,None,0.202,,630000000,171100000,,,,,None,,,,,2.454,10.46,4.15,,,,,,,,0.139,,,2025-10-29,quarterly,3.88,USD,pre-market,None,,0.114,0.372,0.055,94.06,1260000000,,,,407.83,413.59,1.8373,,,,,,,2887800000,,30.04,,474.0,296.13
2025-12-28,TT,13.07,21051400000.0,30.04,,1.194,37.51,,,,,,,,,,,,,,,None,2261100000,2261100000,,,,,,None,81900000,,3.66,0.0093,,,,0.114,0.07,356100000,438000000,3.81,2014-12-31,26.53,,7667100000.0,979400000,288100000,71200000,,,None,68000000,None,,None,,,,,255500000,None,None,None,0.202,,633100000,346300000,,,,,None,,,,,2.454,10.46,4.15,,,,,,,,0.139,,,2025-10-29,quarterly,3.88,USD,pre-market,212300000,,0.114,0.372,0.055,94.06,1266100000,,,,407.83,413.59,1.8373,,,,,,,3240500000,,30.04,,474.0,296.13
2025-12-28,TT,13.07,21051400000.0,30.04,,1.194,37.51,,,,,,,,,,,,,,,None,2327000000,2327000000,,,,,,None,82300000,,3.66,0.0093,,,,0.114,0.07,449600000,531900000,3.81,2014-09-30,26.53,,7667100000.0,1058000000,397300000,94100000,,,None,52300000,None,,None,,,,,291300000,None,None,None,0.202,,618000000,440000000,,,,,None,,,,,2.454,10.46,4.15,,,,,,,,0.139,,,2025-10-29,quarterly,3.88,USD,pre-market,None,,0.114,0.372,0.055,94.06,1236000000,,,,407.83,413.59,1.8373,,,,,,,3385000000,,30.04,,474.0,296.13
2025-12-28,TT,13.07,21051400000.0,30.04,,1.194,37.51,,,,,,,,,,,,,,,None,2439900000,2439900000,,,,,,None,85900000,,3.66,0.0093,,,,0.114,0.07,463300000,549200000,3.81,2014-06-30,26.53,,7667100000.0,1103000000,418900000,103700000,,,None,53000000,None,,None,,,,,306000000,None,None,None,0.202,,639700000,463300000,,,,,None,,,,,2.454,10.46,4.15,,,,,,,,0.139,,,2025-10-29,quarterly,3.88,USD,pre-market,None,,0.114,0.372,0.055,94.06,1278700000,,,,407.83,413.59,1.8373,,,,,,,3542900000,,30.04,,474.0,296.13
2025-12-28,TT,13.07,21051400000.0,30.04,,1.194,37.51,,,,,,,,,,,,,,,None,1954800000,1954800000,,,,,,None,82300000,,3.66,0.0093,,,,0.114,0.07,155000000,237300000,3.81,2014-03-31,26.53,,7667100000.0,768100000,105200000,24500000,,,None,52000000,None,,None,,,,,79000000,None,None,None,0.202,,613100000,155000000,,,,,None,,,,,2.454,10.46,4.15,,,,,,,,0.139,,,2025-10-29,quarterly,3.88,USD,pre-market,None,,0.114,0.372,0.055,94.06,1226100000,,,,407.83,413.59,1.8373,,,,,,,2722900000,,30.04,,474.0,296.13
2025-12-28,TT,13.07,21051400000.0,30.04,,1.194,37.51,,,,,,,,,,,,,,,None,2212000000,2212000000,,,,,,None,39500000,,3.66,0.0093,,,,0.114,0.07,262200000,301700000,3.81,2013-12-31,26.53,,7667100000.0,886900000,163900000,80700000,,,None,52000000,None,,None,,,,,47600000,None,None,None,0.202,,668900000,218000000,,,,,None,,,,,2.454,10.46,4.15,,,,,,,,0.139,,,2025-10-29,quarterly,3.88,USD,pre-market,218200000,,0.114,0.372,0.055,94.06,631400000,,,,407.83,413.59,1.8373,,,,,,,3098900000,,30.04,,474.0,296.13
2025-12-28,TT,13.07,21051400000.0,30.04,,1.194,37.51,,,,,,,,,,,,,,,None,2217700000,2217700000,,,,,,None,82900000,,3.66,0.0093,,,,0.114,0.07,388800000,471700000,3.81,2013-09-30,26.53,,7667100000.0,996500000,282700000,55100000,,,None,102800000,None,,None,,,,,165900000,None,None,None,0.202,,617000000,379500000,,,,,None,,,,,2.454,10.46,4.15,,,,,,,,0.139,,,2025-10-29,quarterly,3.88,USD,pre-market,None,,0.114,0.372,0.055,94.06,1513900000,,,,407.83,413.59,1.8373,,,,,,,3214200000,,30.04,,474.0,296.13
2025-12-28,TT,13.07,21051400000.0,30.04,,1.194,37.51,,,,,,,,,,,,,,,None,2377500000,2377500000,,,,,,None,83300000,,3.66,0.0093,,,,0.114,0.07,394300000,477600000,3.81,2013-06-30,26.53,,7667100000.0,1020900000,323200000,48700000,,,None,62400000,None,,None,,,,,317200000,None,None,None,0.202,,633400000,394300000,,,,,None,,,,,2.454,10.46,4.15,,,,,,,,0.139,,,2025-10-29,quarterly,3.88,USD,pre-market,None,,0.114,0.372,0.055,94.06,1541900000,,,,407.83,413.59,1.8373,,,,,,,3398400000,,30.04,,474.0,296.13
2025-12-28,TT,13.07,21051400000.0,30.04,,1.194,37.51,,,,,,,,,,,,,,,None,1902100000,1902100000,,,,,,None,83700000,,3.66,0.0093,,,,0.114,0.07,142100000,225800000,3.81,2013-03-31,26.53,,7667100000.0,736900000,59900000,4500000,,,None,60600000,None,,None,,,,,88000000,None,None,None,0.202,,606400000,142100000,,,,,None,,,,,2.454,10.46,4.15,,,,,,,,0.139,,,2025-10-29,quarterly,3.88,USD,pre-market,None,,0.114,0.372,0.055,94.06,1452800000,,,,407.83,413.59,1.8373,,,,,,,2639000000,,30.04,,474.0,296.13
2025-12-28,TT,13.07,21051400000.0,30.04,,1.194,37.51,,,,,,,,,,,,,,,None,2410500000,2410500000,,,,,,None,90100000,,3.66,0.0093,,,,0.114,0.07,371300000,461400000,3.81,2012-12-31,26.53,,7667100000.0,1059700000,309900000,69000000,,,None,61400000,None,,None,,,,,235600000,None,None,None,0.202,,692200000,367500000,,,,,None,,,,,2.454,10.46,4.15,,,,,,,,0.139,,,2025-10-29,quarterly,3.88,USD,pre-market,235400000,,0.114,0.372,0.055,94.06,1385200000,,,,407.83,413.59,1.8373,,,,,,,3470200000,,30.04,,474.0,296.13
2025-12-28,TT,13.07,21051400000.0,30.04,,1.194,37.51,,,,,,,,,,,,,,,None,2454400000,2454400000,,,,,,None,92300000,,3.66,0.0093,,,,0.114,0.07,465200000,557500000,3.81,2012-09-30,26.53,,7667100000.0,1138400000,404600000,65300000,,,None,56600000,None,,None,,,,,321600000,None,None,None,0.202,,690600000,447800000,,,,,None,,,,,2.454,10.46,4.15,,,,,,,,0.139,,,2025-10-29,quarterly,3.88,USD,pre-market,None,,0.114,0.372,0.055,94.06,1380600000,,,,407.83,413.59,1.8373,,,,,,,3592800000,,30.04,,474.0,296.13
2025-12-28,TT,13.07,21051400000.0,30.04,,1.194,37.51,,,,,,,,,,,,,,,None,2644000000,2644000000,,,,,,None,95100000,,3.66,0.0093,,,,0.114,0.07,482000000,577100000,3.81,2012-06-30,26.53,,7667100000.0,1177300000,419900000,54800000,,,None,62100000,None,,None,,,,,365800000,None,None,None,0.202,,703600000,477900000,,,,,None,,,,,2.454,10.46,4.15,,,,,,,,0.139,,,2025-10-29,quarterly,3.88,USD,pre-market,None,,0.114,0.372,0.055,94.06,1407600000,,,,407.83,413.59,1.8373,,,,,,,3821300000,,30.04,,474.0,296.13
2025-12-28,TT,13.07,21051400000.0,30.04,,1.194,37.51,,,,,,,,,,,,,,,None,2249400000,2249400000,,,,,,None,98000000,,3.66,0.0093,,,,0.114,0.07,211800000,309800000,3.81,2012-03-31,26.53,,7667100000.0,901300000,142400000,38000000,,,None,69400000,None,,None,,,,,95600000,None,None,None,0.202,,689600000,212000000,,,,,None,,,,,2.454,10.46,4.15,,,,,,,,0.139,,,2025-10-29,quarterly,3.88,USD,pre-market,None,,0.114,0.372,0.055,94.06,1378600000,,,,407.83,413.59,1.8373,,,,,,,3150700000,,30.04,,474.0,296.13
2025-12-28,TT,13.07,21051400000.0,30.04,,1.194,37.51,,,,,,,,,,,,,,,None,2461000000,2461000000,,,,,,None,100600000,,3.66,0.0093,,,,0.114,0.07,345900000,446500000,3.81,2011-12-31,26.53,,7667100000.0,992800000,275600000,18800000,,,None,70300000,None,,None,,,,,242300000,None,None,None,0.202,,656000000,341500000,,,,,None,,,,,2.454,10.46,4.15,,,,,,,,0.139,,,2025-10-29,quarterly,3.88,USD,pre-market,257300000,,0.114,0.372,0.055,94.06,1312000000,,,,407.83,413.59,1.8373,,,,,,,3453800000,,30.04,,474.0,296.13
2025-12-28,TT,13.07,21051400000.0,30.04,,1.194,37.51,,,,,,,,,,,,,,,None,2771800000,2771800000,,,,,,None,96800000,,3.66,0.0093,,,,0.114,0.07,201800000,298600000,3.81,2011-09-30,26.53,,7667100000.0,1156700000,131300000,28400000,,,None,69700000,None,,None,,,,,86200000,None,None,None,0.202,,973400000,179700000,,,,,None,,,,,2.454,10.46,4.15,,,,,,,,0.139,,,2025-10-29,quarterly,3.88,USD,pre-market,None,,0.114,0.372,0.055,94.06,1521600000,,,,407.83,413.59,1.8373,,,,,,,3928500000,,30.04,,474.0,296.13
2025-12-28,TT,13.07,21051400000.0,30.04,,1.194,37.51,,,,,,,,,,,,,,,None,2708400000,2708400000,,,,,,None,106700000,,3.66,0.0093,,,,0.114,0.07,301100000,407800000,3.81,2011-06-30,26.53,,7667100000.0,1183800000,408400000,99800000,,,None,71600000,None,,None,,,,,92300000,None,None,None,0.202,,708300000,475500000,,,,,None,,,,,2.454,10.46,4.15,,,,,,,,0.139,,,2025-10-29,quarterly,3.88,USD,pre-market,None,,0.114,0.372,0.055,94.06,1416300000,,,,407.83,413.59,1.8373,,,,,,,3892200000,,30.04,,474.0,296.13
2025-12-28,TT,13.07,21051400000.0,30.04,,1.194,37.51,,,,,,,,,,,,,,,None,2249800000,2249800000,,,,,,None,98300000,,3.66,0.0093,,,,0.114,0.07,46700000,145000000,3.81,2011-03-31,26.53,,7667100000.0,888200000,168700000,40800000,,,None,68300000,None,,None,,,,,-77600000,None,None,None,0.202,,656300000,231900000,,,,,None,,,,,2.454,10.46,4.15,,,,,,,,0.139,,,2025-10-29,quarterly,3.88,USD,pre-market,None,,0.114,0.372,0.055,94.06,1312300000,,,,407.83,413.59,1.8373,,,,,,,3138000000,,30.04,,474.0,296.13
2025-12-28,TT,13.07,21051400000.0,30.04,,1.194,37.51,,,,,,,,,,,,,,,None,2700800000,2700800000,,,,,,None,107700000,,3.66,0.0093,,,,0.114,0.07,324800000,432500000,3.81,2010-12-31,26.53,,7667100000.0,1010900000,253900000,47100000,,,None,70900000,None,,None,,,,,212100000,None,None,None,0.202,,697300000,313600000,,,,,None,,,,,2.454,10.46,4.15,,,,,,,,0.139,,,2025-10-29,quarterly,3.88,USD,pre-market,244000000,,0.114,0.372,0.055,94.06,1395300000,,,,407.83,413.59,1.8373,,,,,,,3711700000,,30.04,,474.0,296.13
2025-12-28,TT,13.07,21051400000.0,30.04,,1.194,37.51,,,,,,,,,,,,,,,None,2651400000,2651400000,,,,,,None,119600000,,3.66,0.0093,,,,0.114,0.07,419400000,539000000,3.81,2010-09-30,26.53,,7667100000.0,1078900000,349200000,72100000,,,None,70200000,None,,None,,,,,232200000,None,None,None,0.202,,670700000,408200000,,,,,None,,,,,2.454,10.46,4.15,,,,,,,,0.139,,,2025-10-29,quarterly,3.88,USD,pre-market,None,,0.114,0.372,0.055,94.06,1338300000,,,,407.83,413.59,1.8373,,,,,,,3730300000,,30.04,,474.0,296.13
2025-12-28,TT,13.07,21051400000.0,30.04,,1.194,37.51,,,,,,,,,,,,,,,None,2655800000,2655800000,,,,,,None,104700000,,3.66,0.0093,,,,0.114,0.07,371800000,476500000,3.81,2010-06-30,26.53,,7667100000.0,1047600000,323100000,54900000,,,None,71100000,None,,None,,,,,196400000,None,None,None,0.202,,645600000,383000000,,,,,None,,,,,2.454,10.46,4.15,,,,,,,,0.139,,,2025-10-29,quarterly,3.88,USD,pre-market,None,,0.114,0.372,0.055,94.06,1319900000,,,,407.83,413.59,1.8373,,,,,,,3703400000,,30.04,,474.0,296.13
2025-12-28,TT,13.07,21051400000.0,30.04,,1.194,37.51,,,,,,,,,,,,,,,None,2173300000,2173300000,,,,,,None,105100000,,3.66,0.0093,,,,0.114,0.07,145300000,250400000,3.81,2010-03-31,26.53,,7667100000.0,780100000,100400000,54100000,,,None,71200000,None,,None,,,,,1400000,None,None,None,0.202,,617200000,297000000,,,,,None,,,,,2.454,10.46,4.15,,,,,,,,0.139,,,2025-10-29,quarterly,3.88,USD,pre-market,None,,0.114,0.372,0.055,94.06,1292600000,,,,407.83,413.59,1.8373,,,,,,,2953400000,,30.04,,474.0,296.13
2025-12-28,TT,13.07,21051400000.0,30.04,,1.194,37.51,,,,,,,,,,,,,,,None,2411700000,2411700000,,,,,,None,109200000,,3.66,0.0093,,,,0.114,0.07,226200000,335400000,3.81,2009-12-31,26.53,,7667100000.0,894200000,149800000,16700000,,,None,76400000,None,,None,,,,,139400000,None,None,None,0.202,,671400000,222800000,,,,,None,,,,,2.454,10.46,4.15,,,,,,,,0.139,,,2025-10-29,quarterly,3.88,USD,pre-market,None,,0.114,0.372,0.055,94.06,None,,,,407.83,413.59,1.8373,,,,,,,3305900000,,30.04,,474.0,296.13
2025-12-28,TT,13.07,21051400000.0,30.04,,1.194,37.51,,,,,,,,,,,,,,,None,2486600000,2486600000,,,,,,None,111200000,,3.66,0.0093,,,,0.114,0.07,323700000,434900000,3.81,2009-09-30,26.53,,7667100000.0,996100000,242300000,14800000,,,None,76500000,None,,None,,,,,216600000,None,None,None,0.202,,677800000,318300000,,,,,None,,,,,2.454,10.46,4.15,,,,,,,,0.139,,,2025-10-29,quarterly,3.88,USD,pre-market,None,,0.114,0.372,0.055,94.06,None,,,,407.83,413.59,1.8373,,,,,,,3482700000,,30.04,,474.0,296.13
2025-12-28,TT,13.07,21051400000.0,30.04,,1.194,37.51,,,,,,,,,,,,,,,None,2540400000,2540400000,,,,,,None,102000000,,3.66,0.0093,,,,0.114,0.07,260600000,362600000,3.81,2009-06-30,26.53,,7667100000.0,933400000,172100000,34400000,,,None,81900000,None,,None,,,,,122100000,None,None,None,0.202,,682800000,250600000,,,,,None,,,,,2.454,10.46,4.15,,,,,,,,0.139,,,2025-10-29,quarterly,3.88,USD,pre-market,None,,0.114,0.372,0.055,94.06,None,,,,407.83,413.59,1.8373,,,,,,,3473800000,,30.04,,474.0,296.13
2025-12-28,TT,13.07,21051400000.0,30.04,,1.194,37.51,,,,,,,,,,,,,,,None,2206400000,2206400000,,,,,,None,102500000,,3.66,0.0093,,,,0.114,0.07,62400000,164900000,3.81,2009-03-31,26.53,,7667100000.0,726500000,-5000000,10500000,,,None,67400000,None,,None,,,,,-26700000,None,None,None,0.202,,676600000,49900000,,,,,None,,,,,2.454,10.46,4.15,,,,,,,,0.139,,,2025-10-29,quarterly,3.88,USD,pre-market,None,,0.114,0.372,0.055,94.06,None,,,,407.83,413.59,1.8373,,,,,,,2932900000,,30.04,,474.0,296.13
2025-12-28,TT,13.07,21051400000.0,30.04,,1.194,37.51,,,,,,,,,,,,,,,None,2801700000,2801700000,,,,,,None,123300000,,3.66,0.0093,,,,0.114,0.07,-3529800000,-3406500000,3.81,2008-12-31,26.53,,7667100000.0,868400000,-3637000000,-361800000,,,None,None,None,,None,,,,,-3290200000,None,None,None,0.202,,4398200000,-3529800000,,,,,None,,,,,2.454,10.46,4.15,,,,,,,,0.139,,,2025-10-29,quarterly,3.88,USD,pre-market,None,,0.114,0.372,0.055,94.06,None,,,,407.83,413.59,1.8373,,,,,,,3670100000,,30.04,,474.0,296.13
2025-12-28,TT,13.07,21051400000.0,30.04,,1.194,37.51,,,,,,,,,,,,,,,None,3209400000,3209400000,,,,,,None,202600000,,3.66,0.0093,,,,0.114,0.07,349200000,551800000,3.81,2008-09-30,26.53,,7667100000.0,1103800000,265500000,26300000,,,None,83700000,None,,None,,,,,227700000,None,None,None,0.202,,756400000,347400000,,,,,None,,,,,2.454,10.46,4.15,,,,,,,,0.139,,,2025-10-29,quarterly,3.88,USD,pre-market,None,,0.114,0.372,0.055,94.06,None,,,,407.83,413.59,1.8373,,,,,,,4313200000,,30.04,,474.0,296.13
2025-12-28,TT,13.07,21051400000.0,30.04,,1.194,37.51,,,,,,,,,,,,,,,None,2196100000,2196100000,,,,,,None,89100000,,3.66,0.0093,,,,0.114,0.07,361600000,450700000,3.81,2008-06-30,26.53,,7667100000.0,884700000,342200000,79700000,,,None,None,None,,None,,,,,256100000,None,None,None,0.202,,523100000,361600000,,,,,None,,,,,2.454,10.46,4.15,,,,,,,,0.139,,,2025-10-29,quarterly,3.88,USD,pre-market,None,,0.114,0.372,0.055,94.06,None,,,,407.83,413.59,1.8373,,,,,,,3080800000,,30.04,,474.0,296.13
2025-12-28,TT,13.07,21051400000.0,30.04,,1.194,37.51,,,,,,,,,,,,,,,None,1540900000,1540900000,,,,,,None,38100000,,3.66,0.0093,,,,0.114,0.07,247000000,285100000,3.81,2008-03-31,26.53,,7667100000.0,622400000,258900000,47200000,,,None,None,None,,None,,,,,181600000,None,None,None,0.202,,375400000,247000000,,,,,None,,,,,2.454,10.46,4.15,,,,,,,,0.139,,,2025-10-29,quarterly,3.88,USD,pre-market,None,,0.114,0.372,0.055,94.06,None,,,,407.83,413.59,1.8373,,,,,,,2163300000,,30.04,,474.0,296.13
2025-12-28,TT,13.07,21051400000.0,30.04,,1.194,37.51,,,,,,,,,,,,,,,None,1658200000,1658200000,,,,,,None,39800000,,3.66,0.0093,,,,0.114,0.07,298800000,338600000,3.81,2007-12-31,26.53,,7667100000.0,665100000,277400000,106500000,,,None,None,None,,None,,,,,2518500000,None,None,None,0.202,,366300000,298800000,,,,,None,,,,,2.454,10.46,4.15,,,,,,,,0.139,,,2025-10-29,quarterly,3.88,USD,pre-market,None,,0.114,0.372,0.055,94.06,None,,,,407.83,413.59,1.8373,,,,,,,2323300000,,30.04,,474.0,296.13
2025-12-28,TT,13.07,21051400000.0,30.04,,1.194,37.51,,,,,,,,,,,,,,,None,1608200000,1608200000,,,,,,None,28400000,,3.66,0.0093,,,,0.114,0.07,276300000,304700000,3.81,2007-09-30,26.53,,7667100000.0,630800000,235400000,37800000,,,None,None,None,,None,,,,,266600000,None,None,None,0.202,,354500000,276300000,,,,,None,,,,,2.454,10.46,4.15,,,,,,,,0.139,,,2025-10-29,quarterly,3.88,USD,pre-market,None,,0.114,0.372,0.055,94.06,None,,,,407.83,413.59,1.8373,,,,,,,2239000000,,30.04,,474.0,296.13
2025-12-28,TT,13.07,21051400000.0,30.04,,1.194,37.51,,,,,,,,,,,,,,,None,1589700000,1589700000,,,,,,None,34600000,,3.66,0.0093,,,,0.114,0.07,274100000,308700000,3.81,2007-06-30,26.53,,7667100000.0,634900000,251900000,43900000,,,None,None,None,,None,,,,,964100000,None,None,None,0.202,,360800000,274100000,,,,,None,,,,,2.454,10.46,4.15,,,,,,,,0.139,,,2025-10-29,quarterly,3.88,USD,pre-market,None,,0.114,0.372,0.055,94.06,None,,,,407.83,413.59,1.8373,,,,,,,2224600000,,30.04,,474.0,296.13
2025-12-28,TT,13.07,21051400000.0,30.04,,1.194,37.51,,,,,,,,,,,,,,,None,1415900000,1415900000,,,,,,None,36000000,,3.66,0.0093,,,,0.114,0.07,208600000,244600000,3.81,2007-03-31,26.53,,7667100000.0,560300000,172800000,16200000,,,None,None,None,,None,,,,,217500000,None,None,None,0.202,,351700000,208600000,,,,,None,,,,,2.454,10.46,4.15,,,,,,,,0.139,,,2025-10-29,quarterly,3.88,USD,pre-market,None,,0.114,0.372,0.055,94.06,None,,,,407.83,413.59,1.8373,,,,,,,1976200000,,30.04,,474.0,296.13
2025-12-28,TT,13.07,21051400000.0,30.04,,1.194,37.51,,,,,,,,,,,,,,,None,2166900000,2166900000,,,,,,None,44900000,,3.66,0.0093,,,,0.114,0.07,325500000,370400000,3.81,2006-12-31,26.53,,7667100000.0,723500000,278700000,48800000,,,None,None,None,,None,,,,,221900000,None,None,None,0.202,,398000000,325500000,,,,,None,,,,,2.454,10.46,4.15,,,,,,,,0.139,,,2025-10-29,quarterly,3.88,USD,pre-market,None,,0.114,0.372,0.055,94.06,None,,,,407.83,413.59,1.8373,,,,,,,2890400000,,30.04,,474.0,296.13
2025-12-28,TT,13.07,21051400000.0,30.04,,1.194,37.51,,,,,,,,,,,,,,,None,1465400000,1465400000,,,,,,None,38500000,,3.66,0.0093,,,,0.114,0.07,268900000,307400000,3.81,2006-09-30,26.53,,7667100000.0,572600000,235000000,34600000,,,None,None,None,,None,,,,,243800000,None,None,None,0.202,,303700000,268900000,,,,,None,,,,,2.454,10.46,4.15,,,,,,,,0.139,,,2025-10-29,quarterly,3.88,USD,pre-market,None,,0.114,0.372,0.055,94.06,None,,,,407.83,413.59,1.8373,,,,,,,2038000000,,30.04,,474.0,296.13
2025-12-28,TT,13.07,21051400000.0,30.04,,1.194,37.51,,,,,,,,,,,,,,,None,1463100000,1463100000,,,,,,None,29300000,,3.66,0.0093,,,,0.114,0.07,252500000,281800000,3.81,2006-06-30,26.53,,7667100000.0,584900000,215500000,18400000,,,None,None,None,,None,,,,,313500000,None,None,None,0.202,,332400000,252500000,,,,,None,,,,,2.454,10.46,4.15,,,,,,,,0.139,,,2025-10-29,quarterly,3.88,USD,pre-market,None,,0.114,0.372,0.055,94.06,None,,,,407.83,413.59,1.8373,,,,,,,2048000000,,30.04,,474.0,296.13
2025-12-28,TT,13.07,21051400000.0,30.04,,1.194,37.51,,,,,,,,,,,,,,,None,1851200000,1851200000,,,,,,None,46200000,,3.66,0.0093,,,,0.114,0.07,317300000,363500000,3.81,2006-03-31,26.53,,7667100000.0,672000000,285900000,41500000,,,None,None,None,,None,,,,,253200000,None,None,None,0.202,,354700000,317300000,,,,,None,,,,,2.454,10.46,4.15,,,,,,,,0.139,,,2025-10-29,quarterly,3.88,USD,pre-market,None,,0.114,0.372,0.055,94.06,None,,,,407.83,413.59,1.8373,,,,,,,2523200000,,30.04,,474.0,296.13
2025-12-28,TT,13.07,21051400000.0,30.04,,1.194,37.51,,,,,,,,,,,,,,,None,1993700000,1993700000,,,,,,None,51600000,,3.66,0.0093,,,,0.114,0.07,345700000,397300000,3.81,2005-12-31,26.53,,7667100000.0,719600000,324500000,51600000,,,None,None,None,,None,,,,,291500000,None,None,None,0.202,,373900000,345700000,,,,,None,,,,,2.454,10.46,4.15,,,,,,,,0.139,,,2025-10-29,quarterly,3.88,USD,pre-market,None,,0.114,0.372,0.055,94.06,None,,,,407.83,413.59,1.8373,,,,,,,2713300000,,30.04,,474.0,296.13
2025-12-28,TT,13.07,21051400000.0,30.04,,1.194,37.51,,,,,,,,,,,,,,,None,1920700000,1920700000,,,,,,None,46100000,,3.66,0.0093,,,,0.114,0.07,340000000,386100000,3.81,2005-09-30,26.53,,7667100000.0,694600000,314100000,58000000,,,None,None,None,,None,,,,,254200000,None,None,None,0.202,,354600000,340000000,,,,,None,,,,,2.454,10.46,4.15,,,,,,,,0.139,,,2025-10-29,quarterly,3.88,USD,pre-market,None,,0.114,0.372,0.055,94.06,None,,,,407.83,413.59,1.8373,,,,,,,2615300000,,30.04,,474.0,296.13
2025-12-28,TT,13.07,21051400000.0,30.04,,1.194,37.51,,,,,,,,,,,,,,,None,12757700000,12757700000,,,,,,None,379400000,,3.66,0.0093,,,,0.114,0.07,3480200000,3859600000,3.81,2024-12-31,26.53,,7667100000.0,7080500000,3241800000,627600000,,,None,238400000,35900000,,None,,,,,2567900000,2614200000,-202500000,None,0.202,,3580400000,3500100000,,,,,None,,,,,2.454,10.46,4.15,,,,,,,,0.139,,,2025-10-29,annual,3.88,USD,pre-market,None,,0.114,0.372,0.055,94.06,3580400000,,,,407.83,413.59,1.8373,,,,,,,19838200000,,30.04,,474.0,296.13
2025-12-28,TT,13.07,21051400000.0,30.04,,1.194,37.51,,,,,,,,,,,,,,,None,11820400000,11820400000,,,,,,None,343500000,,3.66,0.0093,,,,0.114,0.07,2806400000,3149900000,3.81,2023-12-31,26.53,,7667100000.0,5857200000,2567300000,498400000,,,None,234500000,15400000,,None,,,,,2023900000,2068900000,-219100000,None,0.202,,2963200000,2894000000,,,,,None,,,,,2.454,10.46,4.15,,,,,,,,0.139,,,2025-10-29,annual,3.88,USD,pre-market,252300000,,0.114,0.372,0.055,94.06,2963200000,,,,407.83,413.59,1.8373,,,,,,,17677600000,,30.04,,474.0,296.13
2025-12-28,TT,13.07,21051400000.0,30.04,,1.194,37.51,,,,,,,,,,,,,,,None,11026900000,11026900000,,,,,,None,319200000,,3.66,0.0093,,,,0.114,0.07,2396300000,2715500000,3.81,2022-12-31,26.53,,7667100000.0,4964800000,2172100000,375900000,,,None,223500000,223500000,,None,,,,,1756500000,1796200000,-223500000,None,0.202,,2545900000,2418900000,,,,,None,,,,,2.454,10.46,4.15,,,,,,,,0.139,,,2025-10-29,annual,3.88,USD,pre-market,211200000,,0.114,0.372,0.055,94.06,2545900000,,,,407.83,413.59,1.8373,,,,,,,15991700000,,30.04,,474.0,296.13
2025-12-28,TT,13.07,21051400000.0,30.04,,1.194,37.51,,,,,,,,,,,,,,,None,9666800000,9666800000,,,,,,None,294100000,,3.66,0.0093,,,,0.114,0.07,2025100000,2319200000,3.81,2021-12-31,26.53,,7667100000.0,4469600000,1790700000,333500000,,,None,233700000,233700000,,None,,,,,1423400000,1457200000,-233700000,None,0.202,,2446300000,2023300000,,,,,None,,,,,2.454,10.46,4.15,,,,,,,,0.139,,,2025-10-29,annual,3.88,USD,pre-market,193500000,,0.114,0.372,0.055,94.06,2446300000,,,,407.83,413.59,1.8373,,,,,,,14136400000,,30.04,,474.0,296.13
2025-12-28,TT,13.07,21051400000.0,30.04,,1.194,37.51,,,,,,,,,,,,,,,None,8651300000,8651300000,,,,,,None,294300000,,3.66,0.0093,,,,0.114,0.07,1537600000,1831900000,3.81,2020-12-31,26.53,,7667100000.0,3803400000,1288200000,296800000,,,None,248700000,268400000,,None,,,,,854900000,991400000,-248700000,None,0.202,,2270600000,1532800000,,,,,None,,,,,2.454,10.46,4.15,,,,,,,,0.139,,,2025-10-29,annual,3.88,USD,pre-market,165000000,,0.114,0.372,0.055,94.06,2270600000,,,,407.83,413.59,1.8373,,,,,,,12454700000,,30.04,,474.0,296.13
2025-12-28,TT,13.07,21051400000.0,30.04,,1.194,37.51,,,,,,,,,,,,,,,None,9085500000,9085500000,,,,,,None,288800000,,3.66,0.0093,,,,0.114,0.07,1642400000,1931200000,3.81,2019-12-31,26.53,,7667100000.0,4027700000,1398900000,238600000,,,None,243000000,258600000,,None,,,,,1410900000,1387900000,-239900000,None,0.202,,2357600000,1670100000,,,,,None,,,,,2.454,10.46,4.15,,,,,,,,0.139,,,2025-10-29,annual,3.88,USD,pre-market,174200000,,0.114,0.372,0.055,94.06,6241400000,,,,407.83,413.59,1.8373,,,,,,,13075900000,,30.04,,474.0,296.13
2025-12-28,TT,13.07,21051400000.0,30.04,,1.194,37.51,,,,,,,,,,,,,,,None,8582500000,8582500000,,,,,,None,361500000,,3.66,0.0093,,,,0.114,0.07,1880900000,2242400000,3.81,2018-12-31,26.53,,7667100000.0,3761300000,1257800000,234900000,,,None,221000000,261500000,,None,,,,,1337600000,1379000000,-214300000,None,0.202,,2249200000,1512100000,,,,,None,,,,,2.454,10.46,4.15,,,,,,,,0.139,,,2025-10-29,annual,3.88,USD,pre-market,166700000,,0.114,0.372,0.055,94.06,5785100000,,,,407.83,413.59,1.8373,,,,,,,12343800000,,30.04,,474.0,296.13
2025-12-28,TT,13.07,21051400000.0,30.04,,1.194,37.51,,,,,,,,,,,,,,,None,9811600000,9811600000,,,,,,None,349300000,,3.66,0.0093,,,,0.114,0.07,1633200000,1982500000,3.81,2017-12-31,26.53,,7667100000.0,4386000000,1417900000,80200000,,,None,215800000,157200000,,None,,,,,1302600000,1337700000,-206400000,None,0.202,,2705800000,1665300000,,,,,None,,,,,2.454,10.46,4.15,,,,,,,,0.139,,,2025-10-29,annual,3.88,USD,pre-market,210800000,,0.114,0.372,0.055,94.06,5425800000,,,,407.83,413.59,1.8373,,,,,,,14197600000,,30.04,,474.0,296.13
2025-12-28,TT,13.07,21051400000.0,30.04,,1.194,37.51,,,,,,,,,,,,,,,None,9329300000,9329300000,,,,,,None,348700000,,3.66,0.0093,,,,0.114,0.07,1962300000,2311000000,3.81,2016-12-31,26.53,,7667100000.0,4201000000,1741300000,281500000,,,None,221500000,142300000,,None,,,,,1476200000,1459800000,-213500000,None,0.202,,2606500000,1603200000,,,,,None,,,,,2.454,10.46,4.15,,,,,,,,0.139,,,2025-10-29,annual,3.88,USD,pre-market,207900000,,0.114,0.372,0.055,94.06,5178100000,,,,407.83,413.59,1.8373,,,,,,,13508900000,,30.04,,474.0,296.13
2025-12-28,TT,13.07,21051400000.0,30.04,,1.194,37.51,,,,,,,,,,,,,,,None,9301600000,9301600000,,,,,,None,364100000,,3.66,0.0093,,,,0.114,0.07,1470900000,1835000000,3.81,2015-12-31,26.53,,7667100000.0,3999100000,1247900000,540800000,,,None,223000000,223000000,,None,,,,,664600000,None,None,None,0.202,,2541100000,1458000000,,,,,None,,,,,2.454,10.46,4.15,,,,,,,,0.139,,,2025-10-29,annual,3.88,USD,pre-market,205900000,,0.114,0.372,0.055,94.06,5051000000,,,,407.83,413.59,1.8373,,,,,,,13300700000,,30.04,,474.0,296.13
2025-12-28,TT,13.07,21051400000.0,30.04,,1.194,37.51,,,,,,,,,,,,,,,None,8982800000,8982800000,,,,,,None,332400000,,3.66,0.0093,,,,0.114,0.07,1424600000,1757000000,3.81,2014-12-31,26.53,,7667100000.0,3908600000,1209400000,293700000,,,None,225300000,None,,None,,,,,931700000,None,None,None,0.202,,2503900000,1404700000,,,,,None,,,,,2.454,10.46,4.15,,,,,,,,0.139,,,2025-10-29,annual,3.88,USD,pre-market,212300000,,0.114,0.372,0.055,94.06,5006900000,,,,407.83,413.59,1.8373,,,,,,,12891400000,,30.04,,474.0,296.13
2025-12-28,TT,13.07,21051400000.0,30.04,,1.194,37.51,,,,,,,,,,,,,,,None,8675500000,8675500000,,,,,,None,333700000,,3.66,0.0093,,,,0.114,0.07,1108600000,1442300000,3.81,2013-12-31,26.53,,7667100000.0,3628200000,829600000,189000000,,,None,278800000,None,,None,,,,,618800000,None,None,None,0.202,,2523200000,1105000000,,,,,None,,,,,2.454,10.46,4.15,,,,,,,,0.139,,,2025-10-29,annual,3.88,USD,pre-market,218200000,,0.114,0.372,0.055,94.06,5140000000,,,,407.83,413.59,1.8373,,,,,,,12350500000,,30.04,,474.0,296.13
2025-12-28,TT,13.07,21051400000.0,30.04,,1.194,37.51,,,,,,,,,,,,,,,None,8533500000,8533500000,,,,,,None,333800000,,3.66,0.0093,,,,0.114,0.07,1100000000,1433800000,3.81,2012-12-31,26.53,,7667100000.0,3454800000,848000000,56000000,,,None,250500000,None,,None,,,,,1006200000,None,None,None,0.202,,2382900000,1095200000,,,,,None,,,,,2.454,10.46,4.15,,,,,,,,0.139,,,2025-10-29,annual,3.88,USD,pre-market,235400000,,0.114,0.372,0.055,94.06,5552000000,,,,407.83,413.59,1.8373,,,,,,,11988300000,,30.04,,474.0,296.13
2025-12-28,TT,13.07,21051400000.0,30.04,,1.194,37.51,,,,,,,,,,,,,,,None,10493600000,10493600000,,,,,,None,402700000,,3.66,0.0093,,,,0.114,0.07,893900000,1296600000,3.81,2011-12-31,26.53,,7667100000.0,4288400000,613300000,187200000,,,None,277100000,None,,None,,,,,426100000,None,None,None,0.202,,2781200000,1519200000,,,,,None,,,,,2.454,10.46,4.15,,,,,,,,0.139,,,2025-10-29,annual,3.88,USD,pre-market,257300000,,0.114,0.372,0.055,94.06,5562200000,,,,407.83,413.59,1.8373,,,,,,,14782000000,,30.04,,474.0,296.13
2025-12-28,TT,13.07,21051400000.0,30.04,,1.194,37.51,,,,,,,,,,,,,,,None,10158500000,10158500000,,,,,,None,437100000,,3.66,0.0093,,,,0.114,0.07,1278300000,1715400000,3.81,2010-12-31,26.53,,7667100000.0,3941200000,1006600000,228100000,,,None,283200000,None,,None,,,,,642200000,None,None,None,0.202,,2673100000,1292800000,,,,,None,,,,,2.454,10.46,4.15,,,,,,,,0.139,,,2025-10-29,annual,3.88,USD,pre-market,244000000,,0.114,0.372,0.055,94.06,5346100000,,,,407.83,413.59,1.8373,,,,,,,14079100000,,30.04,,474.0,296.13
2025-12-28,TT,13.07,21051400000.0,30.04,,1.194,37.51,,,,,,,,,,,,,,,None,9645100000,9645100000,,,,,,None,424900000,,3.66,0.0093,,,,0.114,0.07,853200000,1278100000,3.81,2009-12-31,26.53,,7667100000.0,3550200000,559100000,71300000,,,None,302200000,None,,None,,,,,451300000,None,None,None,0.202,,2708600000,841600000,,,,,None,,,,,2.454,10.46,4.15,,,,,,,,0.139,,,2025-10-29,annual,3.88,USD,pre-market,None,,0.114,0.372,0.055,94.06,None,,,,407.83,413.59,1.8373,,,,,,,13195300000,,30.04,,474.0,296.13
2025-12-28,TT,13.07,21051400000.0,30.04,,1.194,37.51,,,,,,,,,,,,,,,None,9559800000,9559800000,,,,,,None,453100000,,3.66,0.0093,,,,0.114,0.07,-2514000000,-2060900000,3.81,2008-12-31,26.53,,7667100000.0,3667600000,-2756000000,-208600000,,,None,245400000,None,,None,,,,,-2624800000,None,None,None,0.202,,2440500000,1227100000,,,,,None,,,,,2.454,10.46,4.15,,,,,,,,0.139,,,2025-10-29,annual,3.88,USD,pre-market,None,,0.114,0.372,0.055,94.06,None,,,,407.83,413.59,1.8373,,,,,,,13227400000,,30.04,,474.0,296.13
2025-12-28,TT,13.07,21051400000.0,30.04,,1.194,37.51,,,,,,,,,,,,,,,None,6272000000,6272000000,,,,,,None,138800000,,3.66,0.0093,,,,0.114,0.07,1057800000,1196600000,3.81,2007-12-31,26.53,,7667100000.0,2491100000,937500000,204400000,,,None,0,None,,None,,,,,3966700000,None,None,None,0.202,,1433300000,1057800000,,,,,None,,,,,2.454,10.46,4.15,,,,,,,,0.139,,,2025-10-29,annual,3.88,USD,pre-market,None,,0.114,0.372,0.055,94.06,None,,,,407.83,413.59,1.8373,,,,,,,8763100000,,30.04,,474.0,296.13
2025-12-28,TT,13.07,21051400000.0,30.04,,1.194,37.51,,,,,,,,,,,,,,,None,8424200000,8424200000,,,,,,None,190700000,,3.66,0.0093,,,,0.114,0.07,1446700000,1637400000,3.81,2006-12-31,26.53,,7667100000.0,2985100000,1314900000,231700000,,,None,0,None,,None,,,,,1032500000,None,None,None,0.202,,1544300000,1440800000,,,,,None,,,,,2.454,10.46,4.15,,,,,,,,0.139,,,2025-10-29,annual,3.88,USD,pre-market,None,,0.114,0.372,0.055,94.06,None,,,,407.83,413.59,1.8373,,,,,,,11409300000,,30.04,,474.0,296.13
2025-12-28,TT,13.07,21051400000.0,30.04,,1.194,37.51,,,,,,,,,,,,,,,None,7744100000,7744100000,,,,,,None,195700000,,3.66,0.0093,,,,0.114,0.07,1414800000,1610500000,3.81,2005-12-31,26.53,,7667100000.0,2802800000,1270500000,204700000,,,None,0,None,,None,,,,,1054200000,None,None,None,0.202,,1441000000,1361800000,,,,,None,,,,,2.454,10.46,4.15,,,,,,,,0.139,,,2025-10-29,annual,3.88,USD,pre-market,None,,0.114,0.372,0.055,94.06,None,,,,407.83,413.59,1.8373,,,,,,,10546900000,,30.04,,474.0,296.13
2025-12-28,TT,13.07,21051400000.0,30.04,None,1.194,37.51,,None,1125800000,1125800000,,,,,,,,,246500000,224400000,None,7744100000,7744100000,2396600000,None,694700000,4065500000,None,None,195700000,,3.66,0.0093,,,,0.114,0.07,1414800000,1610500000,3.81,2025-09-30,26.53,6444300000,7667100000.0,2802800000,1270500000,204700000,3271400000,3271400000,None,0,None,2355300000,None,None,3921200000,None,None,1054200000,None,None,None,0.202,,1441000000,1361800000,312900000,3432000000,None,1347900000,None,,,,,2.454,10.46,4.15,,,,,,,,0.139,,2210700000,2025-10-29,quarterly,3.88,USD,pre-market,None,10313900000,0.114,0.372,0.055,94.06,None,4615900000,694700000,None,407.83,413.59,1.8373,21373800000,7859500000,6523300000,13027500000,13514300000,6504200000,10546900000,8346300000,30.04,None,474.0,296.13
2025-12-28,TT,13.07,21051400000.0,30.04,None,1.194,37.51,,None,774200000,774200000,,,,,,,,,247200000,225100000,None,7744100000,7744100000,2528600000,None,694600000,4070800000,None,None,195700000,,3.66,0.0093,,,,0.114,0.07,1414800000,1610500000,3.81,2025-06-30,26.53,6446100000,7667100000.0,2802800000,1270500000,204700000,3308900000,3308900000,None,0,None,2361000000,None,None,3920400000,None,None,1054200000,None,None,None,0.202,,1441000000,1361800000,300200000,3576100000,None,1308600000,None,,,,,2.454,10.46,4.15,,,,,,,,0.139,,2177500000,2025-10-29,quarterly,3.88,USD,pre-market,None,9807600000,0.114,0.372,0.055,94.06,None,4615000000,694600000,None,407.83,413.59,1.8373,20990500000,7506200000,6799300000,13135300000,13484300000,6336000000,10546900000,7834200000,30.04,None,474.0,296.13
2025-12-28,TT,13.07,21051400000.0,30.04,None,1.194,37.51,,None,860500000,860500000,,,,,,,,,248000000,226400000,None,7744100000,7744100000,2265200000,None,851700000,3158400000,None,None,195700000,,3.66,0.0093,,,,0.114,0.07,1414800000,1610500000,3.81,2025-03-31,26.53,6358300000,7667100000.0,2802800000,1270500000,204700000,3340300000,3340300000,None,0,None,2220900000,None,None,3919600000,None,None,1054200000,None,None,None,0.202,,1441000000,1361800000,694500000,3250300000,None,1190600000,None,,,,,2.454,10.46,4.15,,,,,,,,0.139,,2068700000,2025-10-29,quarterly,3.88,USD,pre-market,None,9703100000,0.114,0.372,0.055,94.06,None,4771300000,851700000,None,407.83,413.59,1.8373,20117400000,6934300000,6367200000,12599900000,13183100000,6232700000,10546900000,7491000000,30.04,None,474.0,296.13
2025-12-28,TT,13.07,21051400000.0,30.04,None,1.194,37.51,,None,1590100000,1590100000,,,,,,,,,249000000,227300000,None,7744100000,7744100000,2148000000,None,452200000,3090200000,None,None,195700000,,3.66,0.0093,,,,0.114,0.07,1414800000,1610500000,3.81,2024-12-31,26.53,6127900000,7667100000.0,2802800000,1270500000,204700000,3308200000,3308200000,None,0,None,1971500000,None,None,4318100000,None,None,1054200000,None,None,None,0.202,,1441000000,1361800000,686000000,3468700000,None,1124300000,None,,,,,2.454,10.46,4.15,,,,,,,,0.139,,2024500000,2025-10-29,quarterly,3.88,USD,pre-market,None,9791800000,0.114,0.372,0.055,94.06,None,4770300000,452200000,None,407.83,413.59,1.8373,20146700000,7337800000,6068900000,12659800000,12808900000,6590900000,10546900000,7457400000,30.04,None,474.0,296.13
2025-12-28,TT,13.07,21051400000.0,30.04,None,1.194,37.51,,None,1470000000,1470000000,,,,,,,,,249700000,228000000,None,7744100000,7744100000,2194800000,None,952200000,3393400000,None,None,195700000,,3.66,0.0093,,,,0.114,0.07,1414800000,1610500000,3.81,2024-09-30,26.53,6214300000,7667100000.0,2802800000,1270500000,204700000,3364600000,3364600000,None,0,None,2033400000,None,None,4317100000,None,None,1054200000,None,None,None,0.202,,1441000000,1361800000,745300000,3481900000,None,1089600000,None,,,,,2.454,10.46,4.15,,,,,,,,0.139,,1906600000,2025-10-29,quarterly,3.88,USD,pre-market,None,9697600000,0.114,0.372,0.055,94.06,None,5269300000,952200000,457600000,407.83,413.59,1.8373,20903700000,8099700000,6628900000,13289400000,12804000000,6660500000,10546900000,7591500000,30.04,None,474.0,296.13
2025-12-28,TT,13.07,21051400000.0,30.04,None,1.194,37.51,,None,874600000,874600000,,,,,,,,,250400000,228700000,None,7744100000,7744100000,2180100000,None,952000000,3925300000,None,None,195700000,,3.66,0.0093,,,,0.114,0.07,1414800000,1610500000,3.81,2024-06-30,26.53,6057700000,7667100000.0,2802800000,1270500000,204700000,3351600000,3351600000,None,0,None,2203500000,None,None,4316200000,None,None,1054200000,None,None,None,0.202,,1441000000,1361800000,259400000,3460300000,None,1033700000,None,,,,,2.454,10.46,4.15,,,,,,,,0.139,,None,2025-10-29,quarterly,3.88,USD,pre-market,None,9194700000,0.114,0.372,0.055,94.06,None,5268200000,952000000,451200000,407.83,413.59,1.8373,20199200000,7714000000,6592400000,13231600000,12485200000,6639200000,10546900000,6947300000,30.04,None,474.0,296.13
2025-12-28,TT,13.07,21051400000.0,30.04,None,1.194,37.51,,None,849900000,849900000,,,,,,,,,251200000,229500000,None,7744100000,7744100000,2008300000,None,902100000,3405200000,None,None,195700000,,3.66,0.0093,,,,0.114,0.07,1414800000,1610500000,3.81,2024-03-31,26.53,6059700000,7667100000.0,2802800000,1270500000,204700000,3390900000,3390900000,None,0,None,2382700000,None,None,3978700000,None,None,1054200000,None,None,None,0.202,,1441000000,1361800000,249400000,3191500000,None,1069700000,None,,,,,2.454,10.46,4.15,,,,,,,,0.139,,None,2025-10-29,quarterly,3.88,USD,pre-market,None,9104200000,0.114,0.372,0.055,94.06,None,4880800000,902100000,None,407.83,413.59,1.8373,19341200000,6887200000,6101900000,12430400000,12454000000,6328500000,10546900000,6889700000,30.04,None,474.0,296.13
2025-12-28,TT,13.07,21051400000.0,30.04,None,1.194,37.51,,None,1095300000,1095300000,,,,,,,,,251700000,229900000,None,7744100000,7744100000,2025200000,None,801900000,2956800000,None,None,195700000,,3.66,0.0093,,,,0.114,0.07,1414800000,1610500000,3.81,2023-12-31,26.53,6095300000,7667100000.0,2802800000,1270500000,204700000,3439800000,3439800000,None,0,None,2152100000,None,None,3977900000,None,None,1054200000,None,None,None,0.202,,1441000000,1361800000,665700000,3226400000,None,1042900000,None,,,,,2.454,10.46,4.15,,,,,,,,0.139,,None,2025-10-29,quarterly,3.88,USD,pre-market,None,9133700000,0.114,0.372,0.055,94.06,None,4779800000,801900000,None,407.83,413.59,1.8373,19391900000,6869900000,6053500000,12374900000,12522000000,6321400000,10546900000,6995200000,30.04,None,474.0,296.13
2025-12-28,TT,13.07,21051400000.0,30.04,None,1.194,37.51,,None,960000000,960000000,,,,,,,,,252300000,230600000,None,7744100000,7744100000,2093300000,None,348300000,3142500000,None,None,195700000,,3.66,0.0093,,,,0.114,0.07,1414800000,1610500000,3.81,2023-09-30,26.53,5719100000,7667100000.0,2802800000,1270500000,204700000,3337700000,3337700000,None,0,None,2191800000,None,None,4476300000,None,None,1054200000,None,None,None,0.202,,1441000000,1361800000,432600000,2772600000,None,2512300000,None,,,,,2.454,10.46,4.15,,,,,,,,0.139,,1683800000,2025-10-29,quarterly,3.88,USD,pre-market,None,8970900000,0.114,0.372,0.055,94.06,None,4824600000,348300000,None,407.83,413.59,1.8373,18903200000,6726900000,5214200000,12202800000,12176300000,6988600000,10546900000,6700400000,30.04,None,474.0,296.13
2025-12-28,TT,13.07,21051400000.0,30.04,None,1.194,37.51,,None,663600000,663600000,,,,,,,,,252800000,230300000,None,7744100000,7744100000,2176900000,None,550200000,3199800000,None,None,195700000,,3.66,0.0093,,,,0.114,0.07,1414800000,1610500000,3.81,2023-06-30,26.53,5747500000,7667100000.0,2802800000,1270500000,204700000,3388900000,3388900000,None,0,None,2355800000,None,None,4476600000,None,None,1054200000,None,None,None,0.202,,1441000000,1361800000,455800000,2866100000,None,2559500000,None,,,,,2.454,10.46,4.15,,,,,,,,0.139,,1654700000,2025-10-29,quarterly,3.88,USD,pre-market,None,8445400000,0.114,0.372,0.055,94.06,None,5026800000,550200000,None,407.83,413.59,1.8373,18906500000,6675000000,5593200000,12629300000,12231500000,7036100000,10546900000,6277200000,30.04,None,474.0,296.13
2025-12-28,TT,13.07,21051400000.0,30.04,None,1.194,37.51,,None,692900000,692900000,,,,,,,,,252500000,231500000,None,7744100000,7744100000,1962600000,None,348300000,2606000000,None,None,195700000,,3.66,0.0093,,,,0.114,0.07,1414800000,1610500000,3.81,2023-03-31,26.53,5522600000,7667100000.0,2802800000,1270500000,204700000,3231400000,3231400000,None,0,None,2343700000,None,None,4481800000,None,None,1054200000,None,None,None,0.202,,1441000000,1361800000,432200000,2520500000,None,2529900000,None,,,,,2.454,10.46,4.15,,,,,,,,0.139,,1582300000,2025-10-29,quarterly,3.88,USD,pre-market,None,8202300000,0.114,0.372,0.055,94.06,None,4830100000,348300000,None,407.83,413.59,1.8373,17897400000,6074800000,4831400000,11843100000,11822600000,7011700000,10546900000,6054300000,30.04,None,474.0,296.13
2025-12-28,TT,13.07,21051400000.0,30.04,None,1.194,37.51,,None,1220500000,1220500000,,,,,,,,,253300000,232400000,None,7744100000,7744100000,2091600000,None,1048000000,2780100000,None,None,195700000,,3.66,0.0093,,,,0.114,0.07,1414800000,1610500000,3.81,2022-12-31,26.53,5503700000,7667100000.0,2802800000,1270500000,204700000,3264000000,3264000000,None,0,None,1993800000,None,None,3788300000,None,None,1054200000,None,None,None,0.202,,1441000000,1361800000,384800000,2547200000,None,2501300000,None,,,,,2.454,10.46,4.15,,,,,,,,0.139,,1536100000,2025-10-29,quarterly,3.88,USD,pre-market,None,8320900000,0.114,0.372,0.055,94.06,None,4836300000,1048000000,None,407.83,413.59,1.8373,18081600000,6379200000,5686800000,11976400000,11702400000,6289600000,10546900000,6105200000,30.04,None,474.0,296.13
2025-12-28,TT,13.07,21051400000.0,30.04,None,1.194,37.51,,None,1080200000,1080200000,,,,,,,,,254800000,234000000,None,7744100000,7744100000,2061300000,None,1049900000,2867400000,None,None,195700000,,3.66,0.0093,,,,0.114,0.07,1414800000,1610500000,3.81,2022-09-30,26.53,5370300000,7667100000.0,2802800000,1270500000,204700000,3241100000,3241100000,None,0,None,1949200000,None,None,3787500000,None,None,1054200000,None,None,None,0.202,,1441000000,1361800000,402300000,2434300000,None,1168400000,None,,,,,2.454,10.46,4.15,,,,,,,,0.139,,1432100000,2025-10-29,quarterly,3.88,USD,pre-market,None,8320400000,0.114,0.372,0.055,94.06,None,4837400000,1049900000,None,407.83,413.59,1.8373,17739800000,6299100000,5545500000,11871400000,11440700000,6325900000,10546900000,5858300000,30.04,None,474.0,296.13
2025-12-28,TT,13.07,21051400000.0,30.04,None,1.194,37.51,,None,1090200000,1090200000,,,,,,,,,256200000,235700000,None,7744100000,7744100000,2000200000,None,1049800000,2758200000,None,None,195700000,,3.66,0.0093,,,,0.114,0.07,1414800000,1610500000,3.81,2022-06-30,26.53,5456600000,7667100000.0,2802800000,1270500000,204700000,3282500000,3282500000,None,0,None,1886900000,None,None,3786700000,None,None,1054200000,None,None,None,0.202,,1441000000,1361800000,389900000,2580300000,None,2524500000,None,,,,,2.454,10.46,4.15,,,,,,,,0.139,,1425900000,2025-10-29,quarterly,3.88,USD,pre-market,None,8003700000,0.114,0.372,0.055,94.06,None,4836500000,1049800000,None,407.83,413.59,1.8373,17680800000,6125200000,5630300000,11941500000,11555600000,6311200000,10546900000,5739300000,30.04,None,474.0,296.13
2025-12-28,TT,13.07,21051400000.0,30.04,None,1.194,37.51,,None,1348400000,1348400000,,,,,,,,,258300000,237100000,None,7744100000,7744100000,1931600000,None,350400000,2429800000,None,None,195700000,,3.66,0.0093,,,,0.114,0.07,1414800000,1610500000,3.81,2022-03-31,26.53,5496400000,7667100000.0,2802800000,1270500000,204700000,3271300000,3271300000,None,0,None,1872300000,None,None,4492600000,None,None,1054200000,None,None,None,0.202,,1441000000,1361800000,380000000,2312400000,None,1165800000,None,,,,,2.454,10.46,4.15,,,,,,,,0.139,,1422200000,2025-10-29,quarterly,3.88,USD,pre-market,None,8098700000,0.114,0.372,0.055,94.06,None,4843000000,350400000,None,407.83,413.59,1.8373,17636900000,6030500000,4594400000,11620400000,11606400000,7026000000,10546900000,5998600000,30.04,None,474.0,296.13
2025-12-28,TT,13.07,21051400000.0,30.04,None,1.194,37.51,,None,2159200000,2159200000,,,,,,,,,259700000,240700000,None,7744100000,7744100000,1787300000,None,350400000,2429400000,None,None,195700000,,3.66,0.0093,,,,0.114,0.07,1414800000,1610500000,3.81,2021-12-31,26.53,5504800000,7667100000.0,2802800000,1270500000,204700000,3305600000,3305600000,None,0,None,1530800000,None,None,4491700000,None,None,1054200000,None,None,None,0.202,,1441000000,1361800000,351500000,2614700000,None,2812600000,None,,,,,2.454,10.46,4.15,,,,,,,,0.139,,1398800000,2025-10-29,quarterly,3.88,USD,pre-market,None,8353200000,0.114,0.372,0.055,94.06,None,4842100000,350400000,None,407.83,413.59,1.8373,18059800000,6470900000,4752400000,11786700000,11588900000,7034300000,10546900000,6273100000,30.04,-1719400000,474.0,296.13
2025-12-28,TT,13.07,21051400000.0,30.04,None,1.194,37.51,,None,2738800000,2738800000,,,,,,,,,262000000,241700000,None,7744100000,7744100000,1757800000,None,350400000,2432300000,None,None,195700000,,3.66,0.0093,,,,0.114,0.07,1414800000,1610500000,3.81,2021-09-30,26.53,5310100000,7667100000.0,2802800000,1270500000,204700000,3198400000,3198400000,None,0,None,1482800000,None,None,4490700000,None,None,1054200000,None,None,None,0.202,,1441000000,1361800000,337500000,2205300000,None,1334300000,None,,,,,2.454,10.46,4.15,,,,,,,,0.139,,1336700000,2025-10-29,quarterly,3.88,USD,pre-market,None,8626500000,0.114,0.372,0.055,94.06,None,4841100000,350400000,None,407.83,413.59,1.8373,18202200000,6991400000,4313500000,11714500000,11210800000,7401000000,10546900000,6475100000,30.04,-1719400000,474.0,296.13
2025-12-28,TT,13.07,21051400000.0,30.04,None,1.194,37.51,,None,2912400000,2912400000,,,,,,,,,262700000,243400000,None,7744100000,7744100000,1833200000,None,475400000,2532100000,None,None,195700000,,3.66,0.0093,,,,0.114,0.07,1414800000,1610500000,3.81,2021-06-30,26.53,5334100000,7667100000.0,2802800000,1270500000,204700000,3227400000,3227400000,None,0,None,1386300000,None,None,4489800000,None,None,1054200000,None,None,None,0.202,,1441000000,1361800000,294300000,2204300000,None,1295300000,None,,,,,2.454,10.46,4.15,,,,,,,,0.139,,1324900000,2025-10-29,quarterly,3.88,USD,pre-market,None,8566200000,0.114,0.372,0.055,94.06,None,4965200000,475400000,None,407.83,413.59,1.8373,18369400000,7125100000,4512900000,11896700000,11244300000,7383800000,10546900000,6457300000,30.04,-1719400000,474.0,296.13
2025-12-28,TT,13.07,21051400000.0,30.04,None,1.194,37.51,,None,2838000000,2838000000,,,,,,,,,263600000,243100000,None,7744100000,7744100000,1608900000,None,475400000,2159400000,None,None,195700000,,3.66,0.0093,,,,0.114,0.07,1414800000,1610500000,3.81,2021-03-31,26.53,5311200000,7667100000.0,2802800000,1270500000,204700000,3256900000,3256900000,None,0,None,1373100000,None,None,4496300000,None,None,1054200000,None,None,None,0.202,,1441000000,1361800000,251600000,2090300000,None,1269900000,None,,,,,2.454,10.46,4.15,,,,,,,,0.139,,1327700000,2025-10-29,quarterly,3.88,USD,pre-market,None,8452300000,0.114,0.372,0.055,94.06,None,4971700000,475400000,None,407.83,413.59,1.8373,17824800000,6622100000,4174600000,11512000000,11202700000,7337400000,10546900000,6296700000,30.04,-1719400000,474.0,296.13
2025-12-28,TT,13.07,21051400000.0,30.04,None,1.194,37.51,,None,3289900000,3289900000,,,,,,,,,263300000,244300000,None,7744100000,7744100000,1520200000,None,775600000,2202100000,None,None,195700000,,3.66,0.0093,,,,0.114,0.07,1414800000,1610500000,3.81,2020-12-31,26.53,5342800000,7667100000.0,2802800000,1270500000,204700000,3286400000,3286400000,None,0,None,1189200000,None,None,4496500000,None,None,1054200000,None,None,None,0.202,,1441000000,1361800000,224400000,2043100000,None,2894200000,None,,,,,2.454,10.46,4.15,,,,,,,,0.139,,1758500000,2025-10-29,quarterly,3.88,USD,pre-market,None,8495300000,0.114,0.372,0.055,94.06,None,5272100000,775600000,None,407.83,413.59,1.8373,18156700000,6905600000,4338900000,11729600000,11251100000,7390700000,10546900000,6427100000,30.04,-1719400000,474.0,296.13
2025-12-28,TT,13.07,21051400000.0,30.04,None,1.194,37.51,,None,3190100000,3190100000,,,,,,,,,264500000,243700000,None,7744100000,7744100000,1458800000,None,775100000,2312600000,None,None,195700000,,3.66,0.0093,,,,0.114,0.07,1414800000,1610500000,3.81,2020-09-30,26.53,5144300000,7667100000.0,2802800000,1270500000,204700000,3233000000,3233000000,None,0,None,1229200000,None,None,4494200000,None,None,1054200000,None,None,None,0.202,,1441000000,1361800000,241600000,1936200000,None,1281400000,None,,,,,2.454,10.46,4.15,,,,,,,,0.139,,1753600000,2025-10-29,quarterly,3.88,USD,pre-market,None,8489300000,0.114,0.372,0.055,94.06,None,5269300000,775100000,None,407.83,413.59,1.8373,17939400000,6973500000,4170100000,11558400000,10965900000,7388300000,10546900000,6381000000,30.04,-1719400000,474.0,296.13
2025-12-28,TT,13.07,21051400000.0,30.04,None,1.194,37.51,,None,2366800000,2366800000,,,,,,,,,263800000,242300000,None,7744100000,7744100000,1368200000,None,649900000,2316400000,None,None,195700000,,3.66,0.0093,,,,0.114,0.07,1414800000,1610500000,3.81,2020-06-30,26.53,5090700000,7667100000.0,2802800000,1270500000,204700000,3257300000,3257300000,None,0,None,1353000000,None,None,4618200000,None,None,1054200000,None,None,None,0.202,,1441000000,1361800000,308500000,1811100000,None,1226800000,None,,,,,2.454,10.46,4.15,,,,,,,,0.139,,1755200000,2025-10-29,quarterly,3.88,USD,pre-market,None,8222100000,0.114,0.372,0.055,94.06,None,5268100000,649900000,None,407.83,413.59,1.8373,17223600000,6344700000,3829200000,11264100000,10878900000,7434900000,10546900000,5936900000,30.04,-1719400000,474.0,296.13
2025-12-28,TT,13.07,21051400000.0,30.04,None,1.194,37.51,,None,2647700000,2647700000,,,,,,,,,263700000,242300000,None,7744100000,7744100000,1446700000,None,949700000,2091800000,None,None,195700000,,3.66,0.0093,,,,0.114,0.07,1414800000,1610500000,3.81,2020-03-31,26.53,5082300000,7667100000.0,2802800000,1270500000,204700000,3289000000,3289000000,None,0,None,1463700000,None,None,4624800000,None,None,1054200000,None,None,None,0.202,,1441000000,1361800000,356600000,1844400000,None,1410800000,None,,,,,2.454,10.46,4.15,,,,,,,,0.139,,1779900000,2025-10-29,quarterly,3.88,USD,pre-market,None,8127900000,0.114,0.372,0.055,94.06,None,5574500000,949700000,None,407.83,413.59,1.8373,17635600000,6559800000,4240800000,11845800000,11075800000,7605000000,10546900000,5772600000,30.04,-1719400000,474.0,296.13
2025-12-28,TT,13.07,21051400000.0,30.04,None,1.194,37.51,,None,1303600000,1303600000,,,,,,,,,262800000,242900000,None,7744100000,7744100000,1381300000,None,650500000,2798100000,None,None,195700000,,3.66,0.0093,,,,0.114,0.07,1414800000,1610500000,3.81,2019-12-31,26.53,6783100000,7667100000.0,2802800000,1270500000,204700000,4148800000,4148800000,None,0,None,1712200000,None,None,4922900000,None,None,1054200000,None,None,None,0.202,,1441000000,1361800000,403300000,3207000000,None,1491200000,None,,,,,2.454,10.46,4.15,,,,,,,,0.139,,2366200000,2025-10-29,quarterly,3.88,USD,pre-market,None,9730800000,0.114,0.372,0.055,94.06,None,5573400000,650300000,None,407.83,413.59,1.8373,20492300000,6217200000,4861900000,13179900000,14275100000,7941300000,10546900000,7312400000,30.04,-1719400000,474.0,296.13
2025-12-28,TT,13.07,21051400000.0,30.04,None,1.194,37.51,,None,830900000,830900000,,,,,,,,,264100000,244600000,None,7744100000,7744100000,1758800000,None,650500000,2968900000,None,None,195700000,,3.66,0.0093,,,,0.114,0.07,1414800000,1610500000,3.81,2019-09-30,26.53,6712800000,7667100000.0,2802800000,1270500000,204700000,4174400000,4174400000,None,0,None,1890600000,None,None,4921900000,None,None,1054200000,None,None,None,0.202,,1441000000,1361800000,412700000,2366800000,None,1484700000,None,,,,,2.454,10.46,4.15,,,,,,,,0.139,,1779100000,2025-10-29,quarterly,3.88,USD,pre-market,None,9762700000,0.114,0.372,0.055,94.06,None,5572400000,650500000,None,407.83,413.59,1.8373,20306900000,6103100000,4776100000,13027800000,14203800000,8251700000,10546900000,7237600000,30.04,-1719400000,474.0,296.13
2025-12-28,TT,13.07,21051400000.0,30.04,None,1.194,37.51,,None,875600000,875600000,,,,,,,,,265900000,244900000,None,7744100000,7744100000,1889900000,None,829200000,3108300000,None,None,195700000,,3.66,0.0093,,,,0.114,0.07,1414800000,1610500000,3.81,2019-06-30,26.53,6859600000,7667100000.0,2802800000,1270500000,204700000,4230300000,4230300000,None,0,None,1950500000,None,None,4920600000,None,None,1054200000,None,None,None,0.202,,1441000000,1361800000,417100000,2461100000,None,1471900000,None,,,,,2.454,10.46,4.15,,,,,,,,0.139,,1794100000,2025-10-29,quarterly,3.88,USD,pre-market,None,9497200000,0.114,0.372,0.055,94.06,None,5749800000,829200000,None,407.83,413.59,1.8373,20667600000,6351500000,5180200000,13494700000,14316100000,8314500000,10546900000,7172900000,30.04,-1719400000,474.0,296.13
2025-12-28,TT,13.07,21051400000.0,30.04,None,1.194,37.51,,None,1907400000,1907400000,,,,,,,,,265500000,245200000,None,7744100000,7744100000,1800100000,None,374400000,2710300000,None,None,195700000,,3.66,0.0093,,,,0.114,0.07,1414800000,1610500000,3.81,2019-03-31,26.53,5968600000,7667100000.0,2802800000,1270500000,204700000,3608500000,3608500000,None,0,None,1983700000,None,None,5226500000,None,None,1054200000,None,None,None,0.202,,1441000000,1361800000,483300000,2314000000,None,1424600000,None,,,,,2.454,10.46,4.15,,,,,,,,0.139,,1738400000,2025-10-29,quarterly,3.88,USD,pre-market,None,9298300000,0.114,0.372,0.055,94.06,None,5600900000,374400000,None,407.83,413.59,1.8373,19781000000,7084700000,4488500000,12858200000,12696300000,8369700000,10546900000,6922800000,30.04,-1719400000,474.0,296.13
2025-12-28,TT,13.07,21051400000.0,30.04,None,1.194,37.51,,None,903400000,903400000,,,,,,,,,266400000,247700000,None,7744100000,7744100000,1705300000,None,None,2679200000,None,None,195700000,,3.66,0.0093,,,,0.114,0.07,1414800000,1610500000,3.81,2018-12-31,26.53,5959500000,7667100000.0,2802800000,1270500000,204700000,3634700000,3634700000,None,0,None,1677800000,None,None,3740700000,None,None,1054200000,None,None,None,0.202,,1441000000,1361800000,471600000,2259800000,None,None,None,,,,,2.454,10.46,4.15,,,,,,,,0.139,,1730800000,2025-10-29,quarterly,3.88,USD,pre-market,None,9439800000,0.114,0.372,0.055,94.06,None,4091300000,350600000,None,407.83,413.59,1.8373,17914900000,5732000000,4315700000,10850100000,12182900000,6534400000,10546900000,7064800000,30.04,-1719400000,474.0,296.13
2025-12-28,TT,13.07,21051400000.0,30.04,None,1.194,37.51,,None,1022500000,1022500000,,,,,,,,,270100000,249500000,None,7744100000,7744100000,1748700000,None,None,2752100000,None,None,195700000,,3.66,0.0093,,,,0.114,0.07,1414800000,1610500000,3.81,2018-09-30,26.53,5989000000,7667100000.0,2802800000,1270500000,204700000,3679700000,3679700000,None,0,None,1821400000,None,None,None,None,None,1054200000,None,None,None,0.202,,1441000000,1361800000,486600000,2224700000,None,None,None,,,,,2.454,10.46,4.15,,,,,,,,0.139,,None,2025-10-29,quarterly,3.88,USD,pre-market,None,9624800000,0.114,0.372,0.055,94.06,None,4090400000,350600000,None,407.83,413.59,1.8373,18304500000,6082600000,4324000000,10961300000,12221900000,6637300000,10546900000,7308100000,30.04,None,474.0,296.13
2025-12-28,TT,13.07,21051400000.0,30.04,None,1.194,37.51,,None,969500000,969500000,,,,,,,,,269800000,250100000,None,7744100000,7744100000,1832100000,None,None,2946900000,None,None,195700000,,3.66,0.0093,,,,0.114,0.07,1414800000,1610500000,3.81,2018-06-30,26.53,6001100000,7667100000.0,2802800000,1270500000,204700000,3704900000,3704900000,None,0,None,1733300000,None,None,None,None,None,1054200000,None,None,None,0.202,,1441000000,1361800000,512000000,2321000000,None,None,None,,,,,2.454,10.46,4.15,,,,,,,,0.139,,None,2025-10-29,quarterly,3.88,USD,pre-market,None,9109900000,0.114,0.372,0.055,94.06,None,4338500000,599600000,None,407.83,413.59,1.8373,18377900000,6161700000,4752700000,11554200000,12216200000,6801500000,10546900000,6787100000,30.04,None,474.0,296.13
2025-12-28,TT,13.07,21051400000.0,30.04,None,1.194,37.51,,None,1175100000,1175100000,,,,,,,,,272500000,253000000,None,7744100000,7744100000,1666100000,None,None,2516000000,None,None,195700000,,3.66,0.0093,,,,0.114,0.07,1414800000,1610500000,3.81,2018-03-31,26.53,6118900000,7667100000.0,2802800000,1270500000,204700000,3756300000,3756300000,None,0,None,1778800000,None,None,None,None,None,1054200000,None,None,None,0.202,,1441000000,1361800000,601600000,2049400000,None,None,None,,,,,2.454,10.46,4.15,,,,,,,,0.139,,None,2025-10-29,quarterly,3.88,USD,pre-market,None,8904400000,0.114,0.372,0.055,94.06,None,4350700000,605200000,None,407.83,413.59,1.8373,18365100000,6071500000,4320700000,11224700000,12293600000,6904000000,10546900000,7140400000,30.04,None,474.0,296.13
2025-12-28,TT,13.07,21051400000.0,30.04,None,1.194,37.51,,None,1549400000,1549400000,,,,,,,,,274000000,253900000,None,7744100000,7744100000,1556100000,None,None,2477400000,None,None,195700000,,3.66,0.0093,,,,0.114,0.07,1414800000,1610500000,3.81,2017-12-31,26.53,5935700000,7667100000.0,2802800000,1270500000,204700000,3742900000,3742900000,None,0,None,1555400000,None,None,None,None,None,1054200000,None,None,None,0.202,,1441000000,1361800000,536900000,2164900000,None,None,None,,,,,2.454,10.46,4.15,,,,,,,,0.139,,None,2025-10-29,quarterly,3.88,USD,pre-market,None,8903200000,0.114,0.372,0.055,94.06,None,4064000000,1107000000,None,407.83,413.59,1.8373,18173300000,6119100000,4828000000,10966400000,12054200000,6138400000,10546900000,7206900000,30.04,None,474.0,296.13
2025-12-28,TT,13.07,21051400000.0,30.04,None,1.194,37.51,,None,1259000000,1259000000,,,,,,,,,273800000,256700000,None,7744100000,7744100000,1487900000,None,None,2468200000,None,None,195700000,,3.66,0.0093,,,,0.114,0.07,1414800000,1610500000,3.81,2017-09-30,26.53,5851200000,7667100000.0,2802800000,1270500000,204700000,3740900000,3740900000,None,0,None,1661100000,None,None,None,None,None,1054200000,None,None,None,0.202,,1441000000,1361800000,425600000,2094000000,None,None,None,,,,,2.454,10.46,4.15,,,,,,,,0.139,,None,2025-10-29,quarterly,3.88,USD,pre-market,None,8556300000,0.114,0.372,0.055,94.06,None,4062600000,1106700000,None,407.83,413.59,1.8373,17722800000,5813900000,4688600000,10878400000,11908900000,6189800000,10546900000,6776200000,30.04,None,474.0,296.13
2025-12-28,TT,13.07,21051400000.0,30.04,None,1.194,37.51,,None,1310100000,1310100000,,,,,,,,,273600000,259700000,None,7744100000,7744100000,1599200000,None,None,2596500000,None,None,195700000,,3.66,0.0093,,,,0.114,0.07,1414800000,1610500000,3.81,2017-06-30,26.53,5779400000,7667100000.0,2802800000,1270500000,204700000,3750600000,3750600000,None,0,None,1604500000,None,None,None,None,None,1054200000,None,None,None,0.202,,1441000000,1361800000,343900000,1943000000,None,None,None,,,,,2.454,10.46,4.15,,,,,,,,0.139,,None,2025-10-29,quarterly,3.88,USD,pre-market,None,8303200000,0.114,0.372,0.055,94.06,None,4065800000,361300000,None,407.83,413.59,1.8373,17773500000,5855000000,3903500000,10979500000,11918500000,7076000000,10546900000,6721600000,30.04,None,474.0,296.13
2025-12-28,TT,13.07,21051400000.0,30.04,None,1.194,37.51,,None,1322500000,1322500000,,,,,,,,,273200000,262600000,None,7744100000,7744100000,1378500000,None,None,2199400000,None,None,195700000,,3.66,0.0093,,,,0.114,0.07,1414800000,1610500000,3.81,2017-03-31,26.53,5694100000,7667100000.0,2802800000,1270500000,204700000,3758000000,3758000000,None,0,None,1599700000,None,None,None,None,None,1054200000,None,None,None,0.202,,1441000000,1361800000,292400000,1794300000,None,None,None,,,,,2.454,10.46,4.15,,,,,,,,0.139,,None,2025-10-29,quarterly,3.88,USD,pre-market,None,8047500000,0.114,0.372,0.055,94.06,None,4072400000,361300000,None,407.83,413.59,1.8373,17259500000,5414000000,3534100000,10605600000,11845500000,7071500000,10546900000,6583800000,30.04,None,474.0,296.13
2025-12-28,TT,13.07,21051400000.0,30.04,None,1.194,37.51,,None,1714700000,1714700000,,,,,,,,,271700000,262600000,None,7744100000,7744100000,1334000000,None,None,2223000000,None,None,195700000,,3.66,0.0093,,,,0.114,0.07,1414800000,1610500000,3.81,2016-12-31,26.53,5658400000,7667100000.0,2802800000,1270500000,204700000,3785100000,3785100000,None,0,None,1385800000,None,None,None,None,None,1054200000,None,None,None,0.202,,1441000000,1361800000,255800000,1895500000,None,None,None,,,,,2.454,10.46,4.15,,,,,,,,0.139,,None,2025-10-29,quarterly,3.88,USD,pre-market,None,8018800000,0.114,0.372,0.055,94.06,None,4070200000,360800000,None,407.83,413.59,1.8373,17397400000,5579300000,3590300000,10679100000,11818100000,7088800000,10546900000,6718300000,30.04,None,474.0,296.13
2025-12-28,TT,13.07,21051400000.0,30.04,None,1.194,37.51,,None,1504600000,1504600000,,,,,,,,,270900000,261800000,None,7744100000,7744100000,1392400000,None,None,2360800000,None,None,195700000,,3.66,0.0093,,,,0.114,0.07,1414800000,1610500000,3.81,2016-09-30,26.53,5769100000,7667100000.0,2802800000,1270500000,204700000,3835200000,3835200000,None,0,None,1556000000,None,None,None,None,None,1054200000,None,None,None,0.202,,1441000000,1361800000,293100000,1950000000,None,None,None,,,,,2.454,10.46,4.15,,,,,,,,0.139,,None,2025-10-29,quarterly,3.88,USD,pre-market,None,7926200000,0.114,0.372,0.055,94.06,None,4069900000,361000000,None,407.83,413.59,1.8373,17719900000,5714500000,3703400000,10888800000,12005400000,7185400000,10546900000,6764100000,30.04,None,474.0,296.13
2025-12-28,TT,13.07,21051400000.0,30.04,None,1.194,37.51,,None,928800000,928800000,,,,,,,,,270400000,261600000,None,7744100000,7744100000,1500100000,None,None,2498000000,None,None,195700000,,3.66,0.0093,,,,0.114,0.07,1414800000,1610500000,3.81,2016-06-30,26.53,5763700000,7667100000.0,2802800000,1270500000,204700000,3866200000,3866200000,None,0,None,1601300000,None,None,None,None,None,1054200000,None,None,None,0.202,,1441000000,1361800000,364900000,1905800000,None,None,None,,,,,2.454,10.46,4.15,,,,,,,,0.139,,None,2025-10-29,quarterly,3.88,USD,pre-market,None,7631800000,0.114,0.372,0.055,94.06,None,4086000000,361200000,None,407.83,413.59,1.8373,17430500000,5393000000,3767100000,10952500000,12037500000,7185400000,10546900000,6414400000,30.04,None,474.0,296.13
2025-12-28,TT,13.07,21051400000.0,30.04,None,1.194,37.51,,None,612900000,612900000,,,,,,,,,270000000,261300000,None,7744100000,7744100000,1345800000,None,None,2155100000,None,None,195700000,,3.66,0.0093,,,,0.114,0.07,1414800000,1610500000,3.81,2016-03-31,26.53,5784400000,7667100000.0,2802800000,1270500000,204700000,3903100000,3903100000,None,0,None,1612700000,None,None,None,None,None,1054200000,None,None,None,0.202,,1441000000,1361800000,432200000,1826300000,None,None,None,,,,,2.454,10.46,4.15,,,,,,,,0.139,,None,2025-10-29,quarterly,3.88,USD,pre-market,None,6967300000,0.114,0.372,0.055,94.06,None,4472600000,758000000,None,407.83,413.59,1.8373,16952500000,4812900000,3930100000,11099800000,12139600000,7169700000,10546900000,5792800000,30.04,None,474.0,296.13
2025-12-28,TT,13.07,21051400000.0,30.04,None,1.194,37.51,,None,736800000,736800000,,,,,,,,,269000000,265200000,None,7744100000,7744100000,1249300000,None,None,2150600000,None,None,195700000,,3.66,0.0093,,,,0.114,0.07,1414800000,1610500000,3.81,2015-12-31,26.53,5730200000,7667100000.0,2802800000,1270500000,204700000,3926100000,3926100000,None,0,None,1410700000,None,None,None,None,None,1054200000,None,None,None,0.202,,1441000000,1361800000,311300000,1894900000,None,None,None,,,,,2.454,10.46,4.15,,,,,,,,0.139,,None,2025-10-29,quarterly,3.88,USD,pre-market,None,6897900000,0.114,0.372,0.055,94.06,None,4239000000,504200000,None,407.83,413.59,1.8373,16738800000,4609400000,3648400000,10859600000,12129400000,7211200000,10546900000,5879200000,30.04,None,474.0,296.13
2025-12-28,TT,13.07,21051400000.0,30.04,None,1.194,37.51,,None,651500000,651500000,,,,,,,,,268800000,268300000,None,7744100000,7744100000,1340800000,None,None,2342400000,None,None,195700000,,3.66,0.0093,,,,0.114,0.07,1414800000,1610500000,3.81,2015-09-30,26.53,5762900000,7667100000.0,2802800000,1270500000,204700000,3968900000,3968900000,None,0,None,1577900000,None,None,None,None,None,1054200000,None,None,None,0.202,,1441000000,1361800000,963000000,2358200000,None,None,None,,,,,2.454,10.46,4.15,,,,,,,,0.139,,None,2025-10-29,quarterly,3.88,USD,pre-market,None,6741700000,0.114,0.372,0.055,94.06,None,4571600000,837000000,None,407.83,413.59,1.8373,17824100000,5534800000,4536000000,12027400000,12289300000,7491400000,10546900000,5738400000,30.04,None,474.0,296.13
2025-12-28,TT,13.07,21051400000.0,30.04,None,1.194,37.51,,None,779600000,779600000,,,,,,,,,268700000,269400000,None,7744100000,7744100000,1470900000,None,None,2463100000,None,None,195700000,,3.66,0.0093,,,,0.114,0.07,1414800000,1610500000,3.81,2015-06-30,26.53,5772500000,7667100000.0,2802800000,1270500000,204700000,4008600000,4008600000,None,0,None,1634500000,None,None,None,None,None,1054200000,None,None,None,0.202,,1441000000,1361800000,651400000,2327100000,None,None,None,,,,,2.454,10.46,4.15,,,,,,,,0.139,,None,2025-10-29,quarterly,3.88,USD,pre-market,None,6517600000,0.114,0.372,0.055,94.06,None,4394300000,659700000,None,407.83,413.59,1.8373,17886800000,5528600000,4457700000,11999300000,12358200000,7541600000,10546900000,5827600000,30.04,None,474.0,296.13
2025-12-28,TT,13.07,21051400000.0,30.04,None,1.194,37.51,,None,733900000,733900000,,,,,,,,,268000000,268500000,None,7744100000,7744100000,1356100000,None,None,2190200000,None,None,195700000,,3.66,0.0093,,,,0.114,0.07,1414800000,1610500000,3.81,2015-03-31,26.53,5734900000,7667100000.0,2802800000,1270500000,204700000,4031300000,4031300000,None,0,None,1613000000,None,None,None,None,None,1054200000,None,None,None,0.202,,1441000000,1361800000,567700000,1819100000,None,None,None,,,,,2.454,10.46,4.15,,,,,,,,0.139,,None,2025-10-29,quarterly,3.88,USD,pre-market,None,6515600000,0.114,0.372,0.055,94.06,None,4544000000,802300000,None,407.83,413.59,1.8373,17409000000,5104800000,3977500000,11622500000,12304200000,7645000000,10546900000,5724200000,30.04,None,474.0,296.13
2025-12-28,TT,13.07,21051400000.0,30.04,None,1.194,37.51,,None,1705200000,1705200000,,,,,,,,,266300000,269500000,None,7744100000,7744100000,1290000000,None,None,2119000000,None,None,195700000,,3.66,0.0093,,,,0.114,0.07,1414800000,1610500000,3.81,2014-12-31,26.53,5389800000,7667100000.0,2802800000,1270500000,204700000,3783900000,3783900000,None,0,None,1358900000,None,None,None,None,None,1054200000,None,None,None,0.202,,1441000000,1361800000,524800000,1893400000,None,None,None,,,,,2.454,10.46,4.15,,,,,,,,0.139,,None,2025-10-29,quarterly,3.88,USD,pre-market,None,6540800000,0.114,0.372,0.055,94.06,None,4224400000,482700000,None,407.83,413.59,1.8373,17298500000,5707900000,3666100000,11253100000,11590600000,7587000000,10546900000,6045400000,30.04,None,474.0,296.13
2025-12-28,TT,13.07,21051400000.0,30.04,None,1.194,37.51,,None,936700000,936700000,,,,,,,,,265800000,271600000,None,7744100000,7744100000,1380500000,None,None,2302600000,None,None,195700000,,3.66,0.0093,,,,0.114,0.07,1414800000,1610500000,3.81,2014-09-30,26.53,5447000000,7667100000.0,2802800000,1270500000,204700000,3819400000,3819400000,None,0,None,1419000000,None,None,None,None,None,1054200000,None,None,None,0.202,,1441000000,1361800000,511800000,1735900000,None,None,None,,,,,2.454,10.46,4.15,,,,,,,,0.139,,None,2025-10-29,quarterly,3.88,USD,pre-market,None,6351200000,0.114,0.372,0.055,94.06,None,3527600000,881000000,None,407.83,413.59,1.8373,16865600000,5170100000,4130000000,10531900000,11695500000,6401900000,10546900000,6274100000,30.04,None,474.0,296.13
2025-12-28,TT,13.07,21051400000.0,30.04,None,1.194,37.51,,None,929800000,929800000,,,,,,,,,268100000,274200000,None,7744100000,7744100000,1478800000,None,None,2449400000,None,None,195700000,,3.66,0.0093,,,,0.114,0.07,1414800000,1610500000,3.81,2014-06-30,26.53,5527600000,7667100000.0,2802800000,1270500000,204700000,3856300000,3856300000,None,0,None,1388900000,None,None,None,None,None,1054200000,None,None,None,0.202,,1441000000,1361800000,558400000,1792000000,None,None,None,,,,,2.454,10.46,4.15,,,,,,,,0.139,,None,2025-10-29,quarterly,3.88,USD,pre-market,None,6266900000,0.114,0.372,0.055,94.06,None,3562200000,915700000,None,407.83,413.59,1.8373,17159400000,5326500000,4254100000,10719300000,11832900000,6465200000,10546900000,6382300000,30.04,None,474.0,296.13
2025-12-28,TT,13.07,21051400000.0,30.04,None,1.194,37.51,,None,897900000,897900000,,,,,,,,,271200000,282300000,None,7744100000,7744100000,1240100000,None,None,2086100000,None,None,195700000,,3.66,0.0093,,,,0.114,0.07,1414800000,1610500000,3.81,2014-03-31,26.53,5533300000,7667100000.0,2802800000,1270500000,204700000,3888700000,3888700000,None,0,None,1348400000,None,None,None,None,None,1054200000,None,None,None,0.202,,1441000000,1361800000,554000000,1651200000,None,None,None,,,,,2.454,10.46,4.15,,,,,,,,0.139,,None,2025-10-29,quarterly,3.88,USD,pre-market,None,6216500000,0.114,0.372,0.055,94.06,None,3526200000,373900000,None,407.83,413.59,1.8373,16774000000,4886400000,3402600000,10424300000,11887600000,7021700000,10546900000,6285200000,30.04,None,474.0,296.13
2025-12-28,TT,13.07,21051400000.0,30.04,None,1.194,37.51,,None,1937200000,1937200000,,,,,,,,,282700000,293300000,None,7744100000,7744100000,1163000000,None,None,2071500000,None,None,195700000,,3.66,0.0093,,,,0.114,0.07,1414800000,1610500000,3.81,2013-12-31,26.53,5540600000,7667100000.0,2802800000,1270500000,204700000,3922000000,3922000000,None,0,None,1166100000,None,None,None,None,None,1054200000,None,None,None,0.202,,1441000000,1361800000,541900000,1816500000,None,None,None,,,,,2.454,10.46,4.15,,,,,,,,0.139,,None,2025-10-29,quarterly,3.88,USD,pre-market,None,6794500000,0.114,0.372,0.055,94.06,None,3521200000,367700000,None,407.83,413.59,1.8373,17658100000,5716700000,3408600000,10526800000,11941400000,7118200000,10546900000,7131300000,30.04,None,474.0,296.13
2025-12-28,TT,13.07,21051400000.0,30.04,None,1.194,37.51,,None,1083900000,1083900000,,,,,,,,,288700000,295500000,None,7744100000,7744100000,1400600000,None,None,2443100000,None,None,195700000,,3.66,0.0093,,,,0.114,0.07,1414800000,1610500000,3.81,2013-09-30,26.53,6061800000,7667100000.0,2802800000,1270500000,204700000,4099100000,4099100000,None,0,None,1447500000,None,None,None,None,None,1054200000,None,None,None,0.202,,1441000000,1361800000,655200000,2074800000,None,None,None,,,,,2.454,10.46,4.15,,,,,,,,0.139,,None,2025-10-29,quarterly,3.88,USD,pre-market,None,6806700000,0.114,0.372,0.055,94.06,None,3527300000,373200000,None,407.83,413.59,1.8373,19002000000,5629700000,3848600000,11815400000,13372300000,7966800000,10546900000,7186600000,30.04,None,474.0,296.13
2025-12-28,TT,13.07,21051400000.0,30.04,None,1.194,37.51,,None,2200500000,2200500000,,,,,,,,,291900000,301200000,None,7744100000,7744100000,1475000000,None,None,2571300000,None,None,195700000,,3.66,0.0093,,,,0.114,0.07,1414800000,1610500000,3.81,2013-06-30,26.53,6112600000,7667100000.0,2802800000,1270500000,204700000,4127700000,4127700000,None,0,None,1435000000,None,None,None,None,None,1054200000,None,None,None,0.202,,1441000000,1361800000,621700000,2045200000,None,None,None,,,,,2.454,10.46,4.15,,,,,,,,0.139,,None,2025-10-29,quarterly,3.88,USD,pre-market,None,6701500000,0.114,0.372,0.055,94.06,None,4781800000,1626700000,None,407.83,413.59,1.8373,20273700000,6828500000,5146900000,13097500000,13445200000,7950600000,10546900000,7176200000,30.04,None,474.0,296.13
2025-12-28,TT,13.07,21051400000.0,30.04,None,1.194,37.51,,None,832900000,832900000,,,,,,,,,299600000,302500000,None,7744100000,7744100000,1330600000,None,None,2218800000,None,None,195700000,,3.66,0.0093,,,,0.114,0.07,1414800000,1610500000,3.81,2013-03-31,26.53,6098300000,7667100000.0,2802800000,1270500000,204700000,4163600000,4163600000,None,0,None,1466300000,None,None,None,None,None,1054200000,None,None,None,0.202,,1441000000,1361800000,599400000,1875200000,None,None,None,,,,,2.454,10.46,4.15,,,,,,,,0.139,,None,2025-10-29,quarterly,3.88,USD,pre-market,None,6445900000,0.114,0.372,0.055,94.06,None,3236200000,965100000,None,407.83,413.59,1.8373,18593300000,5117400000,4170900000,11245800000,13475900000,7074900000,10546900000,7347500000,30.04,None,474.0,296.13
2025-12-28,TT,13.07,21051400000.0,30.04,None,1.194,37.51,,None,882100000,882100000,,,,,,,,,295600000,304000000,None,7744100000,7744100000,1019400000,None,None,2467100000,None,None,195700000,,3.66,0.0093,,,,0.114,0.07,1414800000,1610500000,3.81,2012-12-31,26.53,6138900000,7667100000.0,2802800000,1270500000,204700000,4200900000,4200900000,None,0,None,1308800000,None,None,None,None,None,1054200000,None,None,None,0.202,,1441000000,1361800000,284700000,2343600000,None,None,None,,,,,2.454,10.46,4.15,,,,,,,,0.139,,None,2025-10-29,quarterly,3.88,USD,pre-market,None,6358700000,0.114,0.372,0.055,94.06,None,3233000000,962900000,None,407.83,413.59,1.8373,18492900000,4942700000,4161300000,11263600000,13550200000,7102300000,10546900000,7229300000,30.04,None,474.0,296.13
2025-12-28,TT,13.07,21051400000.0,30.04,None,1.194,37.51,,None,929600000,929600000,,,,,,,,,302600000,312000000,None,7744100000,7744100000,1300500000,None,None,2320900000,None,None,195700000,,3.66,0.0093,,,,0.114,0.07,1414800000,1610500000,3.81,2012-09-30,26.53,6112500000,7667100000.0,2802800000,1270500000,204700000,4230900000,4230900000,None,0,None,1462100000,None,None,None,None,None,1054200000,None,None,None,0.202,,1441000000,1361800000,517000000,2001000000,None,None,None,,,,,2.454,10.46,4.15,,,,,,,,0.139,,None,2025-10-29,quarterly,3.88,USD,pre-market,None,6232300000,0.114,0.372,0.055,94.06,None,3296200000,1024600000,None,407.83,413.59,1.8373,18660300000,5229600000,4326100000,11130300000,13430700000,6804200000,10546900000,7530000000,30.04,None,474.0,296.13
2025-12-28,TT,13.07,21051400000.0,30.04,None,1.194,37.51,,None,903400000,903400000,,,,,,,,,309100000,314400000,None,7744100000,7744100000,1489800000,None,None,2427900000,None,None,195700000,,3.66,0.0093,,,,0.114,0.07,1414800000,1610500000,3.81,2012-06-30,26.53,6051100000,7667100000.0,2802800000,1270500000,204700000,4258700000,4258700000,None,0,None,1475000000,None,None,None,None,None,1054200000,None,None,None,0.202,,1441000000,1361800000,564800000,1997400000,None,None,None,,,,,2.454,10.46,4.15,,,,,,,,0.139,,None,2025-10-29,quarterly,3.88,USD,pre-market,None,5959400000,0.114,0.372,0.055,94.06,None,3293500000,422000000,None,407.83,413.59,1.8373,18738700000,5371100000,3909200000,11352000000,13367600000,7442800000,10546900000,7295600000,30.04,None,474.0,296.13
2025-12-28,TT,13.07,21051400000.0,30.04,None,1.194,37.51,,None,1089500000,1089500000,,,,,,,,,298600000,312400000,None,7744100000,7744100000,1344200000,None,None,2230500000,None,None,195700000,,3.66,0.0093,,,,0.114,0.07,1414800000,1610500000,3.81,2012-03-31,26.53,6147200000,7667100000.0,2802800000,1270500000,204700000,4309300000,4309300000,None,0,None,1432600000,None,None,None,None,None,1054200000,None,None,None,0.202,,1441000000,1361800000,615200000,1990600000,None,None,None,,,,,2.454,10.46,4.15,,,,,,,,0.139,,None,2025-10-29,quarterly,3.88,USD,pre-market,None,5643200000,0.114,0.372,0.055,94.06,None,3644900000,765600000,None,407.83,413.59,1.8373,18910500000,5367800000,4100400000,11612000000,13542700000,7511600000,10546900000,7207300000,30.04,None,474.0,296.13
2025-12-28,TT,13.07,21051400000.0,30.04,None,1.194,37.51,,None,1160700000,1160700000,,,,,,,,,297100000,312400000,None,7744100000,7744100000,1224200000,None,None,2135600000,None,None,195700000,,3.66,0.0093,,,,0.114,0.07,1414800000,1610500000,3.81,2011-12-31,26.53,6105100000,7667100000.0,2802800000,1270500000,204700000,4337100000,4337100000,None,0,None,1282000000,None,None,None,None,None,1054200000,None,None,None,0.202,,1441000000,1361800000,704600000,2138100000,None,None,None,,,,,2.454,10.46,4.15,,,,,,,,0.139,,None,2025-10-29,quarterly,3.88,USD,pre-market,None,5547800000,0.114,0.372,0.055,94.06,None,3642600000,763300000,8179000000,407.83,413.59,1.8373,18754200000,5182600000,4124500000,11741800000,13571600000,7617300000,10546900000,6924300000,30.04,None,474.0,296.13
2025-12-28,TT,13.07,21051400000.0,30.04,None,1.194,37.51,,None,1403800000,1403800000,,,,,,,,,316000000,340200000,None,7744100000,7744100000,1345000000,None,None,2366100000,None,None,195700000,,3.66,0.0093,,,,0.114,0.07,1414800000,1610500000,3.81,2011-09-30,26.53,6159800000,7667100000.0,2802800000,1270500000,204700000,4386300000,4386300000,None,0,None,1512900000,None,None,None,None,None,1054200000,None,None,None,0.202,,1441000000,1361800000,653300000,2228300000,None,None,None,,,,,2.454,10.46,4.15,,,,,,,,0.139,,None,2025-10-29,quarterly,3.88,USD,pre-market,None,5388800000,0.114,0.372,0.055,94.06,None,3641000000,760000000,None,407.83,413.59,1.8373,19502400000,5936100000,4333300000,11823700000,13566300000,7490400000,10546900000,7589300000,30.04,None,474.0,296.13
2025-12-28,TT,13.07,21051400000.0,30.04,None,1.194,37.51,,None,1259800000,1259800000,,,,,,,,,331800000,350900000,None,7744100000,7744100000,1490100000,None,None,2605000000,None,None,195700000,,3.66,0.0093,,,,0.114,0.07,1414800000,1610500000,3.81,2011-06-30,26.53,6259100000,7667100000.0,2802800000,1270500000,204700000,4440400000,4440400000,None,0,None,1590900000,None,None,None,None,None,1054200000,None,None,None,0.202,,1441000000,1361800000,1356500000,2363900000,None,None,None,,,,,2.454,10.46,4.15,,,,,,,,0.139,,None,2025-10-29,quarterly,3.88,USD,pre-market,None,5341000000,0.114,0.372,0.055,94.06,None,3634600000,753300000,None,407.83,413.59,1.8373,20540500000,6812200000,4607300000,12175500000,13728300000,7568200000,10546900000,8278200000,30.04,None,474.0,296.13
2025-12-28,TT,13.07,21051400000.0,30.04,None,1.194,37.51,,None,918100000,918100000,,,,,,,,,330900000,348500000,None,7744100000,7744100000,1382900000,None,None,2332600000,None,None,195700000,,3.66,0.0093,,,,0.114,0.07,1414800000,1610500000,3.81,2011-03-31,26.53,6236200000,7667100000.0,2802800000,1270500000,204700000,4465100000,4465100000,None,0,None,1578300000,None,None,None,None,None,1054200000,None,None,None,0.202,,1441000000,1361800000,1526900000,2172600000,None,None,None,,,,,2.454,10.46,4.15,,,,,,,,0.139,,None,2025-10-29,quarterly,3.88,USD,pre-market,None,5288700000,0.114,0.372,0.055,94.06,None,3679400000,791100000,None,407.83,413.59,1.8373,20124500000,6355900000,4346600000,11918800000,13768600000,7572200000,10546900000,8108500000,30.04,None,474.0,296.13
2025-12-28,TT,13.07,21051400000.0,30.04,None,1.194,37.51,,None,1014300000,1014300000,,,,,,,,,328200000,348500000,None,7744100000,7744100000,1318600000,None,None,2344200000,None,None,195700000,,3.66,0.0093,,,,0.114,0.07,1414800000,1610500000,3.81,2010-12-31,26.53,6560200000,7667100000.0,2802800000,1270500000,204700000,4872900000,4872900000,None,0,None,1400800000,None,None,None,None,None,1054200000,None,None,None,0.202,,1441000000,1361800000,611400000,2144700000,None,None,None,,,,,2.454,10.46,4.15,,,,,,,,0.139,,None,2025-10-29,quarterly,3.88,USD,pre-market,None,5389400000,0.114,0.372,0.055,94.06,None,3683900000,761600000,None,407.83,413.59,1.8373,19990900000,5370700000,4224900000,11931800000,14620200000,7706900000,10546900000,7964300000,30.04,None,474.0,296.13
2025-12-28,TT,13.07,21051400000.0,30.04,None,1.194,37.51,,None,810700000,810700000,,,,,,,,,323200000,339000000,None,7744100000,7744100000,1401300000,None,None,2466500000,None,None,195700000,,3.66,0.0093,,,,0.114,0.07,1414800000,1610500000,3.81,2010-09-30,26.53,6560500000,7667100000.0,2802800000,1270500000,204700000,4916100000,4916100000,None,0,None,1539000000,None,None,None,None,None,1054200000,None,None,None,0.202,,1441000000,1361800000,698700000,2198400000,None,None,None,,,,,2.454,10.46,4.15,,,,,,,,0.139,,None,2025-10-29,quarterly,3.88,USD,pre-market,None,5200300000,0.114,0.372,0.055,94.06,None,3661200000,738400000,None,407.83,413.59,1.8373,20235300000,5514900000,4338100000,12561800000,14720400000,8223700000,10546900000,7573800000,30.04,None,474.0,296.13
2025-12-28,TT,13.07,21051400000.0,30.04,None,1.194,37.51,,None,821600000,821600000,,,,,,,,,322600000,339100000,None,7744100000,7744100000,1421900000,None,None,2821500000,None,None,195700000,,3.66,0.0093,,,,0.114,0.07,1414800000,1610500000,3.81,2010-06-30,26.53,6446700000,7667100000.0,2802800000,1270500000,204700000,4925600000,4925600000,None,0,None,1429500000,None,None,None,None,None,1054200000,None,None,None,0.202,,1441000000,1361800000,709100000,2480400000,None,None,None,,,,,2.454,10.46,4.15,,,,,,,,0.139,,None,2025-10-29,quarterly,3.88,USD,pre-market,None,4990700000,0.114,0.372,0.055,94.06,None,3885100000,975200000,None,407.83,413.59,1.8373,20357300000,5781700000,4877500000,13201100000,14575600000,8323600000,10546900000,7051400000,30.04,None,474.0,296.13
2025-12-28,TT,13.07,21051400000.0,30.04,None,1.194,37.51,,None,599100000,599100000,,,,,,,,,321500000,336600000,None,7744100000,7744100000,1193900000,None,None,2172900000,None,None,195700000,,3.66,0.0093,,,,0.114,0.07,1414800000,1610500000,3.81,2010-03-31,26.53,6544000000,7667100000.0,2802800000,1270500000,204700000,4987300000,4987300000,None,0,None,1364000000,None,None,None,None,None,1054200000,None,None,None,0.202,,1441000000,1361800000,684000000,2004900000,None,None,None,,,,,2.454,10.46,4.15,,,,,,,,0.139,,None,2025-10-29,quarterly,3.88,USD,pre-market,None,4816900000,0.114,0.372,0.055,94.06,None,3931300000,1007600000,None,407.83,413.59,1.8373,19716700000,4820000000,4206400000,12592400000,14896700000,8386000000,10546900000,7017400000,30.04,None,474.0,296.13
2025-12-28,TT,13.07,21051400000.0,30.04,None,1.194,37.51,,None,876700000,876700000,,,,,,,,,320600000,336600000,None,7744100000,7744100000,1065300000,None,None,2120200000,None,None,195700000,,3.66,0.0093,,,,0.114,0.07,1414800000,1610500000,3.81,2009-12-31,26.53,6606000000,7667100000.0,2802800000,1270500000,204700000,5042800000,5042800000,None,0,None,1193200000,None,None,None,None,None,1054200000,None,None,None,0.202,,1441000000,1361800000,637200000,2040600000,None,None,None,,,,,2.454,10.46,4.15,,,,,,,,0.139,,None,2025-10-29,quarterly,3.88,USD,pre-market,None,4837900000,0.114,0.372,0.055,94.06,None,4096600000,1191700000,None,407.83,413.59,1.8373,19991000000,4827300000,3978200000,12785300000,15163700000,8807100000,10546900000,7101800000,30.04,None,474.0,296.13
2025-12-28,TT,13.07,21051400000.0,30.04,None,1.194,37.51,,None,743900000,743900000,,,,,,,,,319500000,331800000,None,7744100000,7744100000,1135600000,None,None,2130400000,None,None,195700000,,3.66,0.0093,,,,0.114,0.07,1414800000,1610500000,3.81,2009-09-30,26.53,6676100000,7667100000.0,2802800000,1270500000,204700000,5090800000,5090800000,None,0,None,1303700000,None,None,None,None,None,1054200000,None,None,None,0.202,,1441000000,1361800000,594200000,1972000000,None,None,None,,,,,2.454,10.46,4.15,,,,,,,,0.139,,None,2025-10-29,quarterly,3.88,USD,pre-market,None,4721500000,0.114,0.372,0.055,94.06,None,4132400000,922400000,None,407.83,413.59,1.8373,20133100000,4772200000,4030000000,12947200000,15360900000,8917200000,10546900000,7081500000,30.04,None,474.0,296.13
2025-12-28,TT,13.07,21051400000.0,30.04,None,1.194,37.51,,None,792900000,792900000,,,,,,,,,319100000,325000000,None,7744100000,7744100000,1092400000,None,None,2274000000,None,None,195700000,,3.66,0.0093,,,,0.114,0.07,1414800000,1610500000,3.81,2009-06-30,26.53,6628600000,7667100000.0,2802800000,1270500000,204700000,5119900000,5119900000,None,0,None,1359300000,None,None,None,None,None,1054200000,None,None,None,0.202,,1441000000,1361800000,647800000,2010700000,None,None,None,,,,,2.454,10.46,4.15,,,,,,,,0.139,,None,2025-10-29,quarterly,3.88,USD,pre-market,None,4527900000,0.114,0.372,0.055,94.06,None,4721900000,1267300000,None,407.83,413.59,1.8373,20426100000,5074000000,4370400000,13589200000,15352100000,9218800000,10546900000,6735900000,30.04,None,474.0,296.13
2025-12-28,TT,13.07,21051400000.0,30.04,None,1.194,37.51,,None,493600000,493600000,,,,,,,,,319100000,320500000,None,7744100000,7744100000,933400000,None,None,2291100000,None,None,195700000,,3.66,0.0093,,,,0.114,0.07,1414800000,1610500000,3.81,2009-03-31,26.53,6543300000,7667100000.0,2802800000,1270500000,204700000,5160900000,5160900000,None,0,None,1559500000,None,None,None,None,None,1054200000,None,None,None,0.202,,1441000000,1361800000,672100000,1993000000,None,None,None,,,,,2.454,10.46,4.15,,,,,,,,0.139,,None,2025-10-29,quarterly,3.88,USD,pre-market,None,4401700000,0.114,0.372,0.055,94.06,None,5151800000,1702700000,None,407.83,413.59,1.8373,20356600000,5016300000,4629100000,13857900000,15340300000,9228800000,10546900000,6498700000,30.04,None,474.0,296.13
2025-12-28,TT,13.07,21051400000.0,30.04,None,1.194,37.51,,None,550200000,550200000,,,,,,,,,318800000,320500000,None,7744100000,7744100000,1046500000,None,None,2428500000,None,None,195700000,,3.66,0.0093,,,,0.114,0.07,1414800000,1610500000,3.81,2008-12-31,26.53,6620100000,7667100000.0,2802800000,1270500000,204700000,5214100000,5214100000,None,0,None,1615100000,None,None,None,None,None,1054200000,None,None,None,0.202,,1441000000,1361800000,805900000,2114500000,None,None,None,,,,,2.454,10.46,4.15,,,,,,,,0.139,,None,2025-10-29,quarterly,3.88,USD,pre-market,None,4547400000,0.114,0.372,0.055,94.06,None,5124100000,2350400000,None,407.83,413.59,1.8373,20924500000,5399700000,5511400000,14162400000,15524800000,8651000000,10546900000,6661400000,30.04,None,474.0,296.13
2025-12-28,TT,13.07,21051400000.0,30.04,None,1.194,37.51,,None,741500000,741500000,,,,,,,,,318800000,324100000,None,7744100000,7744100000,1265200000,None,None,2791800000,None,None,195700000,,3.66,0.0093,,,,0.114,0.07,1414800000,1610500000,3.81,2008-09-30,26.53,9386300000,7667100000.0,2802800000,1270500000,204700000,6101300000,6101300000,None,0,None,1795100000,None,None,None,None,None,1054200000,None,None,None,0.202,,1441000000,1361800000,795100000,2239000000,None,None,None,,,,,2.454,10.46,4.15,,,,,,,,0.139,,None,2025-10-29,quarterly,3.88,USD,pre-market,None,7898700000,0.114,0.372,0.055,94.06,None,5515700000,2730600000,None,407.83,413.59,1.8373,25775100000,6123500000,6234800000,14968900000,19651600000,8734100000,10546900000,10702800000,30.04,None,474.0,296.13
2025-12-28,TT,13.07,21051400000.0,30.04,None,1.194,37.51,,None,787300000,787300000,,,,,,,,,318500000,291100000,None,7744100000,7744100000,1348500000,None,None,3072000000,None,None,195700000,,3.66,0.0093,,,,0.114,0.07,1414800000,1610500000,3.81,2008-06-30,26.53,10174300000,7667100000.0,2802800000,1270500000,204700000,5224000000,5224000000,None,0,None,1800500000,None,None,None,None,None,1054200000,None,None,None,0.202,,1441000000,1361800000,915200000,2102600000,None,None,None,,,,,2.454,10.46,4.15,,,,,,,,0.139,,None,2025-10-29,quarterly,3.88,USD,pre-market,None,7728300000,0.114,0.372,0.055,94.06,None,5958700000,4768800000,None,407.83,413.59,1.8373,25883700000,6575000000,8219900000,14987700000,19308700000,6767800000,10546900000,10792500000,30.04,None,474.0,296.13
2025-12-28,TT,13.07,21051400000.0,30.04,None,1.194,37.51,,None,4068300000,4068300000,,,,,,,,,272800000,275151515,None,7744100000,7744100000,768100000,None,None,1716600000,None,None,195700000,,3.66,0.0093,,,,0.114,0.07,1414800000,1610500000,3.81,2008-03-31,26.53,4110900000,7667100000.0,2802800000,1270500000,204700000,740300000,740300000,None,0,None,909000000,None,None,None,None,None,1054200000,None,None,None,0.202,,1441000000,1361800000,463200000,980400000,None,None,None,,,,,2.454,10.46,4.15,,,,,,,,0.139,,None,2025-10-29,quarterly,3.88,USD,pre-market,None,7521300000,0.114,0.372,0.055,94.06,None,1462700000,750000000,None,407.83,413.59,1.8373,14052100000,7157100000,2498500000,5636700000,6895000000,3138200000,10546900000,8318600000,30.04,None,474.0,296.13
2025-12-28,TT,13.07,21051400000.0,30.04,None,1.194,37.51,,None,4735300000,4735300000,,,,,,,,,272600000,275151515,None,7744100000,7744100000,721200000,None,None,1660700000,None,None,195700000,,3.66,0.0093,,,,0.114,0.07,1414800000,1610500000,3.81,2007-12-31,26.53,3993300000,7667100000.0,2802800000,1270500000,204700000,724600000,724600000,None,0,None,827200000,None,None,None,None,None,1054200000,None,None,None,0.202,,1441000000,1361800000,477500000,1773500000,None,None,None,,,,,2.454,10.46,4.15,,,,,,,,0.139,,None,2025-10-29,quarterly,3.88,USD,pre-market,None,7388800000,0.114,0.372,0.055,94.06,None,1453700000,741000000,100000,407.83,413.59,1.8373,14376200000,7700700000,3235700000,6370800000,6675500000,3135100000,10546900000,7907900000,30.04,None,474.0,296.13
2025-12-28,TT,13.07,21051400000.0,30.04,None,1.194,37.51,,None,438000000,438000000,,,,,,,,,273300000,289782609,None,7744100000,7744100000,772600000,None,None,1705100000,None,None,195700000,,3.66,0.0093,,,,0.114,0.07,1414800000,1610500000,3.81,2007-09-30,26.53,3936000000,7667100000.0,2802800000,1270500000,204700000,719500000,719500000,None,0,None,923000000,None,None,None,None,None,1054200000,None,None,None,0.202,,1441000000,1361800000,2455200000,1932600000,None,None,None,,,,,2.454,10.46,4.15,,,,,,,,0.139,,None,2025-10-29,quarterly,3.88,USD,pre-market,None,4919500000,0.114,0.372,0.055,94.06,None,2395900000,1494200000,700000,407.83,413.59,1.8373,12389300000,5522000000,4199400000,7194800000,6867300000,2995400000,10546900000,5194500000,30.04,None,474.0,296.13
2025-12-28,TT,13.07,21051400000.0,30.04,None,1.194,37.51,,None,460200000,460200000,,,,,,,,,293400000,304132492,None,7744100000,7744100000,685100000,None,None,1644000000,None,None,195700000,,3.66,0.0093,,,,0.114,0.07,1414800000,1610500000,3.81,2007-06-30,26.53,3877500000,7667100000.0,2802800000,1270500000,204700000,707000000,707000000,None,0,None,919300000,None,None,None,None,None,1054200000,None,None,None,0.202,,1441000000,1361800000,2640200000,2206500000,None,None,None,,,,,2.454,10.46,4.15,,,,,,,,0.139,,None,2025-10-29,quarterly,3.88,USD,pre-market,None,5692700000,0.114,0.372,0.055,94.06,None,1581200000,686700000,700000,407.83,413.59,1.8373,12406300000,5664400000,3578300000,6573900000,6741900000,2995600000,10546900000,5832400000,30.04,None,474.0,296.13
2025-12-28,TT,13.07,21051400000.0,30.04,None,1.194,37.51,,None,304600000,304600000,,,,,,,,,305300000,310714286,None,7744100000,7744100000,922700000,None,None,1860600000,None,None,195700000,,3.66,0.0093,,,,0.114,0.07,1414800000,1610500000,3.81,2007-03-31,26.53,4534500000,7667100000.0,2802800000,1270500000,204700000,731500000,731500000,None,0,None,1249500000,None,None,None,None,None,1054200000,None,None,None,0.202,,1441000000,1361800000,1163100000,1441700000,None,None,None,,,,,2.454,10.46,4.15,,,,,,,,0.139,,None,2025-10-29,quarterly,3.88,USD,pre-market,None,5397000000,0.114,0.372,0.055,94.06,None,2089800000,1186800000,600000,407.83,413.59,1.8373,12411000000,4578400000,3551200000,7024900000,7832600000,3473700000,10546900000,5386100000,30.04,None,474.0,296.13
2025-12-28,TT,13.07,21051400000.0,30.04,None,1.194,37.51,,None,362300000,362300000,,,,,,,,,306800000,310714286,None,7744100000,7744100000,757600000,None,None,1481700000,None,None,195700000,,3.66,0.0093,,,,0.114,0.07,1414800000,1610500000,3.81,2006-12-31,26.53,4604800000,7667100000.0,2802800000,1270500000,204700000,736200000,736200000,None,0,None,1320300000,None,None,None,None,None,1054200000,None,None,None,0.202,,1441000000,1361800000,2861900000,2275400000,None,None,None,,,,,2.454,10.46,4.15,,,,,,,,0.139,,None,2025-10-29,quarterly,3.88,USD,pre-market,None,5456100000,0.114,0.372,0.055,94.06,None,1984600000,1079400000,700000,407.83,413.59,1.8373,12145900000,4095900000,3613600000,6741100000,8050000000,3127500000,10546900000,5404800000,30.04,None,474.0,296.13
2025-12-28,TT,13.07,21051400000.0,30.04,None,1.194,37.51,,None,265400000,265400000,,,,,,,,,308900000,320789474,None,7744100000,7744100000,962700000,None,None,2017300000,None,None,195700000,,3.66,0.0093,,,,0.114,0.07,1414800000,1610500000,3.81,2006-09-30,26.53,4542100000,7667100000.0,2802800000,1270500000,204700000,715600000,715600000,None,0,None,1386700000,None,None,None,None,None,1054200000,None,None,None,0.202,,1441000000,1361800000,368200000,1498400000,None,None,None,,,,,2.454,10.46,4.15,,,,,,,,0.139,,None,2025-10-29,quarterly,3.88,USD,pre-market,None,5349100000,0.114,0.372,0.055,94.06,None,2079500000,908400000,900000,407.83,413.59,1.8373,11779900000,4038500000,3369500000,6099900000,7741400000,2730400000,10546900000,5680000000,30.04,None,474.0,296.13
2025-12-28,TT,13.07,21051400000.0,30.04,None,1.194,37.51,,None,258700000,258700000,,,,,,,,,324800000,330000000,None,7744100000,7744100000,932700000,None,None,2071600000,None,None,195700000,,3.66,0.0093,,,,0.114,0.07,1414800000,1610500000,3.81,2006-06-30,26.53,4522000000,7667100000.0,2802800000,1270500000,204700000,719300000,719300000,None,0,None,1297700000,None,None,None,None,None,1054200000,None,None,None,0.202,,1441000000,1361800000,402700000,1521100000,None,None,None,,,,,2.454,10.46,4.15,,,,,,,,0.139,,None,2025-10-29,quarterly,3.88,USD,pre-market,None,5735500000,0.114,0.372,0.055,94.06,None,1638900000,467500000,600000,407.83,413.59,1.8373,11758700000,4031300000,2921300000,5697700000,7727400000,2776400000,10546900000,6061000000,30.04,None,474.0,296.13
2025-12-28,TT,13.07,21051400000.0,30.04,None,1.194,37.51,,None,778000000,778000000,,,,,,,,,328400000,333157895,None,7744100000,7744100000,896200000,None,None,1900600000,None,None,195700000,,3.66,0.0093,,,,0.114,0.07,1414800000,1610500000,3.81,2006-03-31,26.53,4476900000,7667100000.0,2802800000,1270500000,204700000,795400000,795400000,None,0,None,1246900000,None,None,None,None,None,1054200000,None,None,None,0.202,,1441000000,1361800000,435400000,1490500000,None,None,None,,,,,2.454,10.46,4.15,,,,,,,,0.139,,None,2025-10-29,quarterly,3.88,USD,pre-market,None,None,0.114,0.372,0.055,94.06,None,2110000000,929200000,46700000,407.83,413.59,1.8373,11987400000,4407600000,3315900000,6085800000,7579800000,2769900000,10546900000,5901600000,30.04,None,474.0,296.13
2025-12-28,TT,13.07,21051400000.0,30.04,None,1.194,37.51,,None,880600000,880600000,,,,,,,,,330700000,333157895,None,7744100000,7744100000,812500000,None,None,1679000000,None,None,195700000,,3.66,0.0093,,,,0.114,0.07,1414800000,1610500000,3.81,2005-12-31,26.53,None,7667100000.0,2802800000,1270500000,204700000,5231900000,5231900000,None,0,None,1128800000,None,None,None,None,None,1054200000,None,None,None,0.202,,1441000000,1361800000,403300000,1454500000,None,None,None,,,,,2.454,10.46,4.15,,,,,,,,0.139,,None,2025-10-29,quarterly,3.88,USD,pre-market,None,5558900000,0.114,0.372,0.055,94.06,None,2117000000,932700000,156500000,407.83,413.59,1.8373,11756400000,4248200000,3199700000,5994400000,7508200000,2794700000,10546900000,5762000000,30.04,None,474.0,296.13
2025-12-28,TT,13.07,21051400000.0,30.04,None,1.194,37.51,,None,732100000,732100000,,,,,,,,,333900000,338933333,None,7744100000,7744100000,722900000,None,None,1764600000,None,None,195700000,,3.66,0.0093,,,,0.114,0.07,1414800000,1610500000,3.81,2005-09-30,26.53,None,7667100000.0,2802800000,1270500000,204700000,5285100000,5285100000,None,0,None,1230300000,None,None,None,None,None,1054200000,None,None,None,0.202,,1441000000,1361800000,360500000,1430500000,None,None,None,,,,,2.454,10.46,4.15,,,,,,,,0.139,,None,2025-10-29,quarterly,3.88,USD,pre-market,None,5440700000,0.114,0.372,0.055,94.06,None,2184100000,993400000,152700000,407.83,413.59,1.8373,11540000000,4240200000,3146800000,5932200000,7299800000,2785400000,10546900000,5607800000,30.04,None,474.0,296.13
2025-12-28,TT,13.07,21051400000.0,30.04,None,1.194,37.51,,None,1590100000,1590100000,,,,,,,,,249000000,228400000,None,7744100000,7744100000,2148000000,None,452200000,3090200000,None,None,195700000,,3.66,0.0093,,,,0.114,0.07,1414800000,1610500000,3.81,2024-12-31,26.53,6127900000,7667100000.0,2802800000,1270500000,204700000,3308200000,3308200000,None,0,None,1971500000,None,None,4318100000,None,None,1054200000,None,None,None,0.202,,1441000000,1361800000,686000000,3295200000,None,1124300000,None,,,,,2.454,10.46,4.15,,,,,,,,0.139,,2627100000,2025-10-29,annual,3.88,USD,pre-market,None,9791800000,0.114,0.372,0.055,94.06,None,5385000000,625700000,None,407.83,413.59,1.8373,20146700000,7337800000,6068900000,12659800000,12808900000,6590900000,10546900000,7457400000,30.04,None,474.0,296.13
2025-12-28,TT,13.07,21051400000.0,30.04,None,1.194,37.51,,None,1095300000,1095300000,,,,,,,,,251700000,230700000,None,7744100000,7744100000,2025200000,None,801900000,3415200000,None,None,195700000,,3.66,0.0093,,,,0.114,0.07,1414800000,1610500000,3.81,2023-12-31,26.53,6095300000,7667100000.0,2802800000,1270500000,204700000,3439800000,3439800000,None,0,None,2152100000,None,None,3977900000,None,None,1054200000,None,None,None,0.202,,1441000000,1361800000,207300000,3226400000,None,1042900000,None,,,,,2.454,10.46,4.15,,,,,,,,0.139,,2285300000,2025-10-29,annual,3.88,USD,pre-market,None,9133700000,0.114,0.372,0.055,94.06,None,4779800000,801900000,None,407.83,413.59,1.8373,19391900000,6869900000,6053500000,12374900000,12522000000,6321400000,10546900000,6995200000,30.04,None,474.0,296.13
2025-12-28,TT,13.07,21051400000.0,30.04,None,1.194,37.51,,None,1220500000,1220500000,,,,,,,,,253300000,234900000,None,7744100000,7744100000,2091600000,None,1048000000,2780100000,None,None,195700000,,3.66,0.0093,,,,0.114,0.07,1414800000,1610500000,3.81,2022-12-31,26.53,5503700000,7667100000.0,2802800000,1270500000,204700000,3264000000,3264000000,None,0,None,1993800000,None,None,3788300000,None,None,1054200000,None,None,None,0.202,,1441000000,1361800000,384800000,2547200000,None,2501300000,None,,,,,2.454,10.46,4.15,,,,,,,,0.139,,1536100000,2025-10-29,annual,3.88,USD,pre-market,None,8320900000,0.114,0.372,0.055,94.06,None,4836300000,1048000000,None,407.83,413.59,1.8373,18081600000,6379200000,5686800000,11976400000,11702400000,6289600000,10546900000,6105200000,30.04,None,474.0,296.13
2025-12-28,TT,13.07,21051400000.0,30.04,None,1.194,37.51,,None,2159200000,2159200000,,,,,,,,,259700000,242300000,None,7744100000,7744100000,1787300000,None,350400000,2429400000,None,None,195700000,,3.66,0.0093,,,,0.114,0.07,1414800000,1610500000,3.81,2021-12-31,26.53,5504800000,7667100000.0,2802800000,1270500000,204700000,3305600000,3305600000,None,0,None,1530800000,None,None,4491700000,None,None,1054200000,None,None,None,0.202,,1441000000,1361800000,351500000,2614700000,None,2812600000,None,,,,,2.454,10.46,4.15,,,,,,,,0.139,,1398800000,2025-10-29,annual,3.88,USD,pre-market,None,8353200000,0.114,0.372,0.055,94.06,None,4842100000,350400000,None,407.83,413.59,1.8373,18059800000,6470900000,4752400000,11786700000,11588900000,7034300000,10546900000,6273100000,30.04,-1719400000,474.0,296.13
2025-12-28,TT,13.07,21051400000.0,30.04,None,1.194,37.51,,None,3289900000,3289900000,,,,,,,,,263300000,243100000,None,7744100000,7744100000,1520200000,None,775600000,2202100000,None,None,195700000,,3.66,0.0093,,,,0.114,0.07,1414800000,1610500000,3.81,2020-12-31,26.53,5342800000,7667100000.0,2802800000,1270500000,204700000,3286400000,3286400000,None,0,None,1189200000,None,None,4496500000,None,None,1054200000,None,None,None,0.202,,1441000000,1361800000,224400000,2043100000,None,2894200000,None,,,,,2.454,10.46,4.15,,,,,,,,0.139,,1758500000,2025-10-29,annual,3.88,USD,pre-market,None,8495300000,0.114,0.372,0.055,94.06,None,5272100000,775600000,None,407.83,413.59,1.8373,18156700000,6905600000,4338900000,11729600000,11251100000,7390700000,10546900000,6427100000,30.04,-1719400000,474.0,296.13
2025-12-28,TT,13.07,21051400000.0,30.04,None,1.194,37.51,,None,1303600000,1303600000,,,,,,,,,262800000,244400000,None,7744100000,7744100000,1381300000,None,650500000,2184600000,None,None,195700000,,3.66,0.0093,,,,0.114,0.07,1414800000,1610500000,3.81,2019-12-31,26.53,6783100000,7667100000.0,2802800000,1270500000,204700000,4148800000,4148800000,None,0,None,1712200000,None,None,4922900000,None,None,1054200000,None,None,None,0.202,,1441000000,1361800000,4552000000,3207000000,None,1491200000,None,,,,,2.454,10.46,4.15,,,,,,,,0.139,,1821400000,2025-10-29,annual,3.88,USD,pre-market,None,9730800000,0.114,0.372,0.055,94.06,None,5573400000,650300000,None,407.83,413.59,1.8373,20492300000,6217200000,4861900000,13179900000,14275100000,7941300000,10546900000,7312400000,30.04,-1719400000,474.0,296.13
2025-12-28,TT,13.07,21051400000.0,30.04,None,1.194,37.51,,None,903400000,903400000,,,,,,,,,266400000,250100000,None,7744100000,7744100000,1705300000,None,350600000,2679200000,None,None,195700000,,3.66,0.0093,,,,0.114,0.07,1414800000,1610500000,3.81,2018-12-31,26.53,5959500000,7667100000.0,2802800000,1270500000,204700000,3634700000,3634700000,None,0,None,1677800000,None,None,3740700000,None,None,1054200000,None,None,None,0.202,,1441000000,1361800000,471600000,2259800000,None,1062400000,None,,,,,2.454,10.46,4.15,,,,,,,,0.139,,1730800000,2025-10-29,annual,3.88,USD,pre-market,None,9439800000,0.114,0.372,0.055,94.06,None,4091300000,350600000,None,407.83,413.59,1.8373,17914900000,5732000000,4315700000,10850100000,12182900000,6534400000,10546900000,7064800000,30.04,-1719400000,474.0,296.13
2025-12-28,TT,13.07,21051400000.0,30.04,None,1.194,37.51,,None,1549400000,1549400000,,,,,,,,,274000000,258100000,None,7744100000,7744100000,1556100000,None,1107000000,2477400000,None,None,195700000,,3.66,0.0093,,,,0.114,0.07,1414800000,1610500000,3.81,2017-12-31,26.53,5935700000,7667100000.0,2802800000,1270500000,204700000,3742900000,3742900000,None,0,None,1555400000,None,None,2957000000,None,None,1054200000,None,None,None,0.202,,1441000000,1361800000,536900000,2164900000,None,1138600000,None,,,,,2.454,10.46,4.15,,,,,,,,0.139,,1551300000,2025-10-29,annual,3.88,USD,pre-market,None,8903200000,0.114,0.372,0.055,94.06,None,4064000000,1107000000,None,407.83,413.59,1.8373,18173300000,6119100000,4828000000,10966400000,12054200000,6138400000,10546900000,7206900000,30.04,-1719400000,474.0,296.13
2025-12-28,TT,13.07,21051400000.0,30.04,None,1.194,37.51,,None,1714700000,1714700000,,,,,,,,,271700000,261700000,None,7744100000,7744100000,1334000000,None,360800000,2223000000,None,None,195700000,,3.66,0.0093,,,,0.114,0.07,1414800000,1610500000,3.81,2016-12-31,26.53,5658400000,7667100000.0,2802800000,1270500000,204700000,3785100000,3785100000,None,0,None,1385800000,None,None,3709400000,None,None,1054200000,None,None,None,0.202,,1441000000,1361800000,255800000,1895500000,None,1138000000,None,,,,,2.454,10.46,4.15,,,,,,,,0.139,,1511000000,2025-10-29,annual,3.88,USD,pre-market,None,8018800000,0.114,0.372,0.055,94.06,None,4070200000,360800000,None,407.83,413.59,1.8373,17397400000,5579300000,3590300000,10679100000,11818100000,7088800000,10546900000,6718300000,30.04,-702700000,474.0,296.13
2025-12-28,TT,13.07,21051400000.0,30.04,None,1.194,37.51,,None,736800000,736800000,,,,,,,,,269000000,267800000,None,7744100000,7744100000,1249300000,None,None,2150600000,None,None,195700000,,3.66,0.0093,,,,0.114,0.07,1414800000,1610500000,3.81,2015-12-31,26.53,5730200000,7667100000.0,2802800000,1270500000,204700000,3926100000,3926100000,None,0,None,1410700000,None,None,3713600000,None,None,1054200000,None,None,None,0.202,,1441000000,1361800000,311300000,1894900000,None,None,None,,,,,2.454,10.46,4.15,,,,,,,,0.139,,1575100000,2025-10-29,annual,3.88,USD,pre-market,None,6897900000,0.114,0.372,0.055,94.06,None,4239000000,504200000,None,407.83,413.59,1.8373,16738800000,4609400000,3648400000,10859600000,12129400000,7211200000,10546900000,5879200000,30.04,-452600000,474.0,296.13
2025-12-28,TT,13.07,21051400000.0,30.04,None,1.194,37.51,,None,1705200000,1705200000,,,,,,,,,266300000,274300000,None,7744100000,7744100000,1290000000,None,None,2119000000,None,None,195700000,,3.66,0.0093,,,,0.114,0.07,1414800000,1610500000,3.81,2014-12-31,26.53,5389800000,7667100000.0,2802800000,1270500000,204700000,3783900000,3783900000,None,0,None,1358900000,None,None,None,None,None,1054200000,None,None,None,0.202,,1441000000,1361800000,524800000,1893400000,None,None,None,,,,,2.454,10.46,4.15,,,,,,,,0.139,,None,2025-10-29,annual,3.88,USD,pre-market,None,6540800000,0.114,0.372,0.055,94.06,None,4224400000,482700000,None,407.83,413.59,1.8373,17298500000,5707900000,3666100000,11253100000,11590600000,7587000000,10546900000,6045400000,30.04,None,474.0,296.13
2025-12-28,TT,13.07,21051400000.0,30.04,None,1.194,37.51,,None,1937200000,1937200000,,,,,,,,,282700000,298300000,None,7744100000,7744100000,1163000000,None,None,2071500000,None,None,195700000,,3.66,0.0093,,,,0.114,0.07,1414800000,1610500000,3.81,2013-12-31,26.53,5540600000,7667100000.0,2802800000,1270500000,204700000,3922000000,3922000000,None,0,None,1166100000,None,None,None,None,None,1054200000,None,None,None,0.202,,1441000000,1361800000,541900000,1877900000,None,None,None,,,,,2.454,10.46,4.15,,,,,,,,0.139,,None,2025-10-29,annual,3.88,USD,pre-market,None,6794500000,0.114,0.372,0.055,94.06,None,3521200000,367700000,None,407.83,413.59,1.8373,17658100000,5716700000,3408600000,10526800000,11941400000,7118200000,10546900000,7131300000,30.04,None,474.0,296.13
2025-12-28,TT,13.07,21051400000.0,30.04,None,1.194,37.51,,None,882100000,882100000,,,,,,,,,295600000,310600000,None,7744100000,7744100000,1019400000,None,None,2467100000,None,None,195700000,,3.66,0.0093,,,,0.114,0.07,1414800000,1610500000,3.81,2012-12-31,26.53,6138900000,7667100000.0,2802800000,1270500000,204700000,4200900000,4200900000,None,0,None,1308800000,None,None,None,None,None,1054200000,None,None,None,0.202,,1441000000,1361800000,284700000,2512600000,None,None,None,,,,,2.454,10.46,4.15,,,,,,,,0.139,,None,2025-10-29,annual,3.88,USD,pre-market,None,6358700000,0.114,0.372,0.055,94.06,None,3233000000,962900000,None,407.83,413.59,1.8373,18492900000,4942700000,4161300000,11263600000,13550200000,7102300000,10546900000,7229300000,30.04,None,474.0,296.13
2025-12-28,TT,13.07,21051400000.0,30.04,None,1.194,37.51,,None,1160700000,1160700000,,,,,,,,,297100000,339300000,None,7744100000,7744100000,1224200000,None,None,2485500000,None,None,195700000,,3.66,0.0093,,,,0.114,0.07,1414800000,1610500000,3.81,2011-12-31,26.53,6105100000,7667100000.0,2802800000,1270500000,204700000,4337100000,4337100000,None,0,None,1282000000,None,None,None,None,None,1054200000,None,None,None,0.202,,1441000000,1361800000,354700000,2138100000,None,None,None,,,,,2.454,10.46,4.15,,,,,,,,0.139,,None,2025-10-29,annual,3.88,USD,pre-market,None,5547800000,0.114,0.372,0.055,94.06,None,3642600000,763300000,8179000000,407.83,413.59,1.8373,18754200000,5182600000,4124500000,11741800000,13571600000,7617300000,10546900000,6924300000,30.04,None,474.0,296.13
2025-12-28,TT,13.07,21051400000.0,30.04,None,1.194,37.51,,None,1014300000,1014300000,,,,,,,,,328200000,339800000,None,7744100000,7744100000,1318600000,None,None,2344200000,None,None,195700000,,3.66,0.0093,,,,0.114,0.07,1414800000,1610500000,3.81,2010-12-31,26.53,6560200000,7667100000.0,2802800000,1270500000,204700000,4872900000,4872900000,None,0,None,1400800000,None,None,None,None,None,1054200000,None,None,None,0.202,,1441000000,1361800000,611400000,2144700000,None,None,None,,,,,2.454,10.46,4.15,,,,,,,,0.139,,None,2025-10-29,annual,3.88,USD,pre-market,None,5389400000,0.114,0.372,0.055,94.06,None,3683900000,761600000,None,407.83,413.59,1.8373,19990900000,5370700000,4224900000,11931800000,14620200000,7706900000,10546900000,7964300000,30.04,None,474.0,296.13
2025-12-28,TT,13.07,21051400000.0,30.04,None,1.194,37.51,,None,876700000,876700000,,,,,,,,,320600000,329100000,None,7744100000,7744100000,1065300000,None,None,2120200000,None,None,195700000,,3.66,0.0093,,,,0.114,0.07,1414800000,1610500000,3.81,2009-12-31,26.53,6606000000,7667100000.0,2802800000,1270500000,204700000,5042800000,5042800000,None,0,None,1193200000,None,None,None,None,None,1054200000,None,None,None,0.202,,1441000000,1361800000,637200000,2040600000,None,None,None,,,,,2.454,10.46,4.15,,,,,,,,0.139,,None,2025-10-29,annual,3.88,USD,pre-market,None,4837900000,0.114,0.372,0.055,94.06,None,4096600000,1191700000,None,407.83,413.59,1.8373,19991000000,4827300000,3978200000,12785300000,15163700000,8807100000,10546900000,7101800000,30.04,None,474.0,296.13
2025-12-28,TT,13.07,21051400000.0,30.04,None,1.194,37.51,,None,550200000,550200000,,,,,,,,,318800000,303700000,None,7744100000,7744100000,1046500000,None,None,2428500000,None,None,195700000,,3.66,0.0093,,,,0.114,0.07,1414800000,1610500000,3.81,2008-12-31,26.53,6620100000,7667100000.0,2802800000,1270500000,204700000,5214100000,5214100000,None,0,None,1615100000,None,None,None,None,None,1054200000,None,None,None,0.202,,1441000000,1361800000,805900000,2114500000,None,None,None,,,,,2.454,10.46,4.15,,,,,,,,0.139,,None,2025-10-29,annual,3.88,USD,pre-market,None,4547400000,0.114,0.372,0.055,94.06,None,5124100000,2350400000,None,407.83,413.59,1.8373,20924500000,5399700000,5511400000,14162400000,15524800000,8651000000,10546900000,6661400000,30.04,None,474.0,296.13
2025-12-28,TT,13.07,21051400000.0,30.04,None,1.194,37.51,,None,4735300000,4735300000,,,,,,,,,272600000,295300000,None,7744100000,7744100000,721200000,None,None,1660700000,None,None,195700000,,3.66,0.0093,,,,0.114,0.07,1414800000,1610500000,3.81,2007-12-31,26.53,3993300000,7667100000.0,2802800000,1270500000,204700000,724600000,724600000,None,0,None,827200000,None,None,None,None,None,1054200000,None,None,None,0.202,,1441000000,1361800000,477500000,1773500000,None,None,None,,,,,2.454,10.46,4.15,,,,,,,,0.139,,None,2025-10-29,annual,3.88,USD,pre-market,None,7388800000,0.114,0.372,0.055,94.06,None,1453700000,741000000,100000,407.83,413.59,1.8373,14376200000,7700700000,3235700000,6370800000,6675500000,3135100000,10546900000,7907900000,30.04,None,474.0,296.13
2025-12-28,TT,13.07,21051400000.0,30.04,None,1.194,37.51,,None,362300000,362300000,,,,,,,,,306800000,322656250,None,7744100000,7744100000,757600000,None,None,1996200000,None,None,195700000,,3.66,0.0093,,,,0.114,0.07,1414800000,1610500000,3.81,2006-12-31,26.53,4604800000,7667100000.0,2802800000,1270500000,204700000,736200000,736200000,None,0,None,1320300000,None,None,None,None,None,1054200000,None,None,None,0.202,,1441000000,1361800000,416400000,2933600000,None,None,None,,,,,2.454,10.46,4.15,,,,,,,,0.139,,None,2025-10-29,annual,3.88,USD,pre-market,None,5456100000,0.114,0.372,0.055,94.06,None,1984600000,1079400000,700000,407.83,413.59,1.8373,12145900000,4095900000,3613600000,6741100000,8050000000,3127500000,10546900000,5404800000,30.04,None,474.0,296.13
2025-12-28,TT,13.07,21051400000.0,30.04,None,1.194,37.51,,None,880600000,880600000,,,,,,,,,330700000,341165049,None,7744100000,7744100000,812500000,None,None,1679000000,None,None,195700000,,3.66,0.0093,,,,0.114,0.07,1414800000,1610500000,3.81,2005-12-31,26.53,None,7667100000.0,2802800000,1270500000,204700000,5231900000,5231900000,None,0,None,1128800000,None,None,None,None,None,1054200000,None,None,None,0.202,,1441000000,1361800000,403300000,1454500000,None,None,None,,,,,2.454,10.46,4.15,,,,,,,,0.139,,None,2025-10-29,annual,3.88,USD,pre-market,None,5558900000,0.114,0.372,0.055,94.06,None,2117000000,932700000,156500000,407.83,413.59,1.8373,11756400000,4248200000,3199700000,5994400000,7508200000,2794700000,10546900000,5762000000,30.04,None,474.0,296.13
2025-12-28,TT,13.07,21051400000.0,30.04,None,1.194,37.51,68400000,None,880600000,880600000,-576200000,-68600000,None,None,None,None,None,None,330700000,341165049,None,7744100000,7744100000,812500000,None,None,1679000000,None,None,195700000,88300000,3.66,0.0093,209100000,209100000,None,0.114,0.07,1414800000,1610500000,3.81,2025-09-30,26.53,None,7667100000.0,2802800000,1270500000,204700000,5231900000,5231900000,None,0,None,1128800000,None,None,None,None,None,857900000,None,None,None,0.202,1022500000,1441000000,1361800000,403300000,1454500000,None,None,None,None,None,None,None,2.454,10.46,4.15,None,None,None,None,None,907700000,None,0.139,None,None,2025-10-29,quarterly,3.88,USD,pre-market,None,5558900000,0.114,0.372,0.055,94.06,None,2117000000,932700000,156500000,407.83,413.59,1.8373,11756400000,4248200000,3199700000,5994400000,7508200000,2794700000,10546900000,5762000000,30.04,None,474.0,296.13
2025-12-28,TT,13.07,21051400000.0,30.04,None,1.194,37.51,89900000,None,880600000,880600000,-757800000,-100900000,None,None,None,None,None,None,330700000,341165049,None,7744100000,7744100000,812500000,None,None,1679000000,None,None,195700000,98100000,3.66,0.0093,210100000,210100000,None,0.114,0.07,1414800000,1610500000,3.81,2025-06-30,26.53,None,7667100000.0,2802800000,1270500000,204700000,5231900000,5231900000,None,0,None,1128800000,None,None,None,None,None,876000000,None,None,None,0.202,692100000,1441000000,1361800000,403300000,1454500000,None,None,None,None,None,None,None,2.454,10.46,4.15,None,None,None,None,None,-402100000,None,0.139,None,None,2025-10-29,quarterly,3.88,USD,pre-market,None,5558900000,0.114,0.372,0.055,94.06,None,2117000000,932700000,156500000,407.83,413.59,1.8373,11756400000,4248200000,3199700000,5994400000,7508200000,2794700000,10546900000,5762000000,30.04,None,474.0,296.13
2025-12-28,TT,13.07,21051400000.0,30.04,None,1.194,37.51,118900000,None,880600000,880600000,-723100000,-385100000,None,None,None,None,None,None,330700000,341165049,None,7744100000,7744100000,812500000,None,None,1679000000,None,None,195700000,99100000,3.66,0.0093,209900000,209900000,None,0.114,0.07,1414800000,1610500000,3.81,2025-03-31,26.53,None,7667100000.0,2802800000,1270500000,204700000,5231900000,5231900000,None,0,None,1128800000,None,None,None,None,None,604900000,None,None,None,0.202,339500000,1441000000,1361800000,403300000,1454500000,None,None,None,None,None,None,None,2.454,10.46,4.15,None,None,None,None,None,-505600000,None,0.139,None,None,2025-10-29,quarterly,3.88,USD,pre-market,None,5558900000,0.114,0.372,0.055,94.06,None,2117000000,932700000,156500000,407.83,413.59,1.8373,11756400000,4248200000,3199700000,5994400000,7508200000,2794700000,10546900000,5762000000,30.04,None,474.0,296.13
2025-12-28,TT,13.07,21051400000.0,30.04,None,1.194,37.51,125600000,None,880600000,880600000,-1030400000,323700000,None,None,None,None,None,None,330700000,341165049,None,7744100000,7744100000,812500000,None,None,1679000000,None,None,195700000,96700000,3.66,0.0093,188700000,188700000,None,0.114,0.07,1414800000,1610500000,3.81,2024-12-31,26.53,None,7667100000.0,2802800000,1270500000,204700000,5231900000,5231900000,None,0,None,1128800000,None,None,None,None,None,615300000,None,None,None,0.202,899900000,1441000000,1361800000,403300000,1454500000,None,None,None,None,None,None,None,2.454,10.46,4.15,None,None,None,None,None,-354700000,None,0.139,None,None,2025-10-29,quarterly,3.88,USD,pre-market,None,5558900000,0.114,0.372,0.055,94.06,None,2117000000,932700000,156500000,407.83,413.59,1.8373,11756400000,4248200000,3199700000,5994400000,7508200000,2794700000,10546900000,5762000000,30.04,None,474.0,296.13
2025-12-28,TT,13.07,21051400000.0,30.04,None,1.194,37.51,88926000,None,880600000,880600000,-485900000,-260000000,None,None,None,None,None,None,330700000,341165049,None,7744100000,7744100000,812500000,None,None,1679000000,None,None,195700000,95000000,3.66,0.0093,189400000,189400000,None,0.114,0.07,1414800000,1610500000,3.81,2024-09-30,26.53,None,7667100000.0,2802800000,1270500000,204700000,5231900000,5231900000,None,0,None,1128800000,None,None,None,None,None,786900000,None,None,None,0.202,1302600000,1441000000,1361800000,403300000,1454500000,None,None,None,None,None,None,None,2.454,10.46,4.15,None,None,None,None,None,-301700000,None,0.139,None,None,2025-10-29,quarterly,3.88,USD,pre-market,None,5558900000,0.114,0.372,0.055,94.06,None,2117000000,932700000,156500000,407.83,413.59,1.8373,11756400000,4248200000,3199700000,5994400000,7508200000,2794700000,10546900000,5762000000,30.04,None,474.0,296.13
2025-12-28,TT,13.07,21051400000.0,30.04,None,1.194,37.51,72273683,None,880600000,880600000,-115584347,-542395522,None,None,None,None,None,None,330700000,341165049,None,7744100000,7744100000,812500000,None,None,1679000000,None,None,195700000,96200000,3.66,0.0093,188383564,188383564,None,0.114,0.07,1414800000,1610500000,3.81,2024-06-30,26.53,None,7667100000.0,2802800000,1270500000,204700000,5231900000,5231900000,None,0,None,1128800000,None,None,None,None,None,762200000,None,None,None,0.202,692130493,1441000000,1361800000,403300000,1454500000,None,None,None,None,None,None,None,2.454,10.46,4.15,None,None,None,None,None,-321604316,None,0.139,None,None,2025-10-29,quarterly,3.88,USD,pre-market,None,5558900000,0.114,0.372,0.055,94.06,None,2117000000,932700000,156500000,407.83,413.59,1.8373,11756400000,4248200000,3199700000,5994400000,7508200000,2794700000,10546900000,5762000000,30.04,None,474.0,296.13
2025-12-28,TT,13.07,21051400000.0,30.04,None,1.194,37.51,83800000,None,880600000,880600000,-386700000,-81700000,None,None,None,None,None,None,330700000,341165049,None,7744100000,7744100000,812500000,None,None,1679000000,None,None,195700000,91500000,3.66,0.0093,189500000,189500000,None,0.114,0.07,1414800000,1610500000,3.81,2024-03-31,26.53,None,7667100000.0,2802800000,1270500000,204700000,5231900000,5231900000,None,0,None,1128800000,None,None,None,None,None,445200000,None,None,None,0.202,247200000,1441000000,1361800000,403300000,1454500000,None,None,None,None,None,None,None,2.454,10.46,4.15,None,None,None,None,None,-300300000,None,0.139,None,None,2025-10-29,quarterly,3.88,USD,pre-market,None,5558900000,0.114,0.372,0.055,94.06,None,2117000000,932700000,156500000,407.83,413.59,1.8373,11756400000,4248200000,3199700000,5994400000,7508200000,2794700000,10546900000,5762000000,30.04,None,474.0,296.13
2025-12-28,TT,13.07,21051400000.0,30.04,None,1.194,37.51,83500000,None,880600000,880600000,-398200000,-436100000,None,None,-96400000,None,None,None,330700000,341165049,None,7744100000,7744100000,812500000,None,None,1679000000,None,None,195700000,87900000,3.66,0.0093,163647416,163647416,None,0.114,0.07,1414800000,1610500000,3.81,2023-12-31,26.53,None,7667100000.0,2802800000,1270500000,204700000,5231900000,5231900000,None,0,None,1128800000,None,None,None,None,None,516600000,None,None,None,0.202,934800000,1441000000,1361800000,403300000,1454500000,None,None,None,None,None,None,None,2.454,10.46,4.15,None,None,None,None,None,-209500000,None,0.139,None,None,2025-10-29,quarterly,3.88,USD,pre-market,None,5558900000,0.114,0.372,0.055,94.06,None,2117000000,932700000,156500000,407.83,413.59,1.8373,11756400000,4248200000,3199700000,5994400000,7508200000,2794700000,10546900000,5762000000,30.04,None,474.0,296.13
2025-12-28,TT,13.07,21051400000.0,30.04,None,1.194,37.51,83200000,None,880600000,880600000,-515700000,-736100000,None,None,None,None,None,None,330700000,341165049,None,7744100000,7744100000,812500000,None,None,1679000000,None,None,195700000,92000000,3.66,0.0093,171600000,171600000,None,0.114,0.07,1414800000,1610500000,3.81,2023-09-30,26.53,None,7667100000.0,2802800000,1270500000,204700000,5231900000,5231900000,None,0,None,1128800000,None,None,None,None,None,638900000,None,None,None,0.202,922300000,1441000000,1361800000,403300000,1454500000,None,None,None,None,None,None,None,2.454,10.46,4.15,None,None,None,None,None,-159800000,None,0.139,None,None,2025-10-29,quarterly,3.88,USD,pre-market,None,5558900000,0.114,0.372,0.055,94.06,None,2117000000,932700000,156500000,407.83,413.59,1.8373,11756400000,4248200000,3199700000,5994400000,7508200000,2794700000,10546900000,5762000000,30.04,None,474.0,296.13
2025-12-28,TT,13.07,21051400000.0,30.04,None,1.194,37.51,56900000,None,880600000,880600000,22800000,-647000000,None,None,-2600000,None,None,None,330700000,341165049,None,7744100000,7744100000,812500000,None,None,1679000000,None,None,195700000,88400000,3.66,0.0093,171100000,171100000,None,0.114,0.07,1414800000,1610500000,3.81,2023-06-30,26.53,None,7667100000.0,2802800000,1270500000,204700000,5231900000,5231900000,None,0,None,1128800000,None,None,None,None,None,596800000,None,None,None,0.202,524000000,1441000000,1361800000,403300000,1454500000,None,None,None,None,None,None,None,2.454,10.46,4.15,None,None,None,None,None,-271200000,None,0.139,None,None,2025-10-29,quarterly,3.88,USD,pre-market,None,5558900000,0.114,0.372,0.055,94.06,None,2117000000,932700000,156500000,407.83,413.59,1.8373,11756400000,4248200000,3199700000,5994400000,7508200000,2794700000,10546900000,5762000000,30.04,None,474.0,296.13
2025-12-28,TT,13.07,21051400000.0,30.04,None,1.194,37.51,77100000,None,880600000,880600000,-459200000,-91000000,None,None,None,None,None,None,330700000,341165049,None,7744100000,7744100000,812500000,None,None,1679000000,None,None,195700000,79800000,3.66,0.0093,170300000,170300000,None,0.114,0.07,1414800000,1610500000,3.81,2023-03-31,26.53,None,7667100000.0,2802800000,1270500000,204700000,5231900000,5231900000,None,0,None,1128800000,None,None,None,None,None,316600000,None,None,None,0.202,8500000,1441000000,1361800000,403300000,1454500000,None,None,None,None,None,None,None,2.454,10.46,4.15,None,None,None,None,None,-300000000,None,0.139,None,None,2025-10-29,quarterly,3.88,USD,pre-market,None,5558900000,0.114,0.372,0.055,94.06,None,2117000000,932700000,156500000,407.83,413.59,1.8373,11756400000,4248200000,3199700000,5994400000,7508200000,2794700000,10546900000,5762000000,30.04,None,474.0,296.13
2025-12-28,TT,13.07,21051400000.0,30.04,None,1.194,37.51,89000000,None,880600000,880600000,-439200000,-540400000,None,None,-466700000,None,None,None,330700000,341165049,None,7744100000,7744100000,812500000,None,None,1679000000,None,None,195700000,82600000,3.66,0.0093,153200000,153200000,None,0.114,0.07,1414800000,1610500000,3.81,2022-12-31,26.53,None,7667100000.0,2802800000,1270500000,204700000,5231900000,5231900000,None,0,None,1128800000,None,None,None,None,None,465500000,None,None,None,0.202,760300000,1441000000,1361800000,403300000,1454500000,None,None,None,None,None,None,None,2.454,10.46,4.15,None,None,None,None,None,-300100000,None,0.139,None,None,2025-10-29,quarterly,3.88,USD,pre-market,None,5558900000,0.114,0.372,0.055,94.06,None,2117000000,932700000,156500000,407.83,413.59,1.8373,11756400000,4248200000,3199700000,5994400000,7508200000,2794700000,10546900000,5762000000,30.04,None,474.0,296.13
2025-12-28,TT,13.07,21051400000.0,30.04,None,1.194,37.51,58900000,None,880600000,880600000,-411400000,-67100000,None,None,-466700000,None,None,None,330700000,341165049,None,7744100000,7744100000,812500000,None,None,1679000000,None,None,195700000,83900000,3.66,0.0093,137094119,137094119,None,0.114,0.07,1414800000,1610500000,3.81,2022-09-30,26.53,None,7667100000.0,2802800000,1270500000,204700000,5231900000,5231900000,None,0,None,1128800000,None,None,None,None,None,552400000,None,None,None,0.202,510200000,1441000000,1361800000,403300000,1454500000,None,None,None,None,None,None,None,2.454,10.46,4.15,None,None,None,None,None,-250000000,None,0.139,None,None,2025-10-29,quarterly,3.88,USD,pre-market,None,5558900000,0.114,0.372,0.055,94.06,None,2117000000,932700000,156500000,407.83,413.59,1.8373,11756400000,4248200000,3199700000,5994400000,7508200000,2794700000,10546900000,5762000000,30.04,None,474.0,296.13
2025-12-28,TT,13.07,21051400000.0,30.04,None,1.194,37.51,69100000,None,880600000,880600000,-467000000,-175400000,None,None,None,None,None,None,330700000,341165049,None,7744100000,7744100000,812500000,None,None,1679000000,None,None,195700000,79800000,3.66,0.0093,155000000,155000000,None,0.114,0.07,1414800000,1610500000,3.81,2022-06-30,26.53,None,7667100000.0,2802800000,1270500000,204700000,5231900000,5231900000,None,0,None,1128800000,None,None,None,None,None,523500000,None,None,None,0.202,421700000,1441000000,1361800000,403300000,1454500000,None,None,None,None,None,None,None,2.454,10.46,4.15,None,None,None,None,None,-300100000,None,0.139,None,None,2025-10-29,quarterly,3.88,USD,pre-market,None,5558900000,0.114,0.372,0.055,94.06,None,2117000000,932700000,156500000,407.83,413.59,1.8373,11756400000,4248200000,3199700000,5994400000,7508200000,2794700000,10546900000,5762000000,30.04,None,474.0,296.13
2025-12-28,TT,13.07,21051400000.0,30.04,None,1.194,37.51,74800000,None,880600000,880600000,-534600000,-83300000,None,None,None,None,None,None,330700000,341165049,None,7744100000,7744100000,812500000,None,None,1679000000,None,None,195700000,77300000,3.66,0.0093,155900000,155900000,None,0.114,0.07,1414800000,1610500000,3.81,2022-03-31,26.53,None,7667100000.0,2802800000,1270500000,204700000,5231900000,5231900000,None,0,None,1128800000,None,None,None,None,None,263400000,None,None,None,0.202,-188200000,1441000000,1361800000,403300000,1454500000,None,None,None,None,None,None,None,2.454,10.46,4.15,None,None,None,None,None,-350000000,None,0.139,None,None,2025-10-29,quarterly,3.88,USD,pre-market,None,5558900000,0.114,0.372,0.055,94.06,None,2117000000,932700000,156500000,407.83,413.59,1.8373,11756400000,4248200000,3199700000,5994400000,7508200000,2794700000,10546900000,5762000000,30.04,None,474.0,296.13
2025-12-28,TT,13.07,21051400000.0,30.04,None,1.194,37.51,101400000,None,880600000,880600000,-662600000,-336900000,None,None,-348800000,None,None,None,330700000,341165049,None,7744100000,7744100000,812500000,None,None,1679000000,None,None,195700000,76400000,3.66,0.0093,139200000,139200000,None,0.114,0.07,1414800000,1610500000,3.81,2021-12-31,26.53,None,7667100000.0,2802800000,1270500000,204700000,5231900000,5231900000,None,0,None,1128800000,None,None,None,None,None,341700000,None,None,None,0.202,427100000,1441000000,1361800000,403300000,1454500000,None,None,None,None,None,None,None,2.454,10.46,4.15,None,None,None,None,None,-500100000,None,0.139,None,None,2025-10-29,quarterly,3.88,USD,pre-market,None,5558900000,0.114,0.372,0.055,94.06,None,2117000000,932700000,156500000,407.83,413.59,1.8373,11756400000,4248200000,3199700000,5994400000,7508200000,2794700000,10546900000,5762000000,30.04,None,474.0,296.13
2025-12-28,TT,13.07,21051400000.0,30.04,None,1.194,37.51,44100000,None,880600000,880600000,-527400000,-46700000,None,None,-348800000,None,None,None,330700000,341165049,None,7744100000,7744100000,812500000,None,None,1679000000,None,None,195700000,72200000,3.66,0.0093,140300000,140300000,None,0.114,0.07,1414800000,1610500000,3.81,2021-09-30,26.53,None,7667100000.0,2802800000,1270500000,204700000,5231900000,5231900000,None,0,None,1128800000,None,None,None,None,None,408700000,None,None,None,0.202,410600000,1441000000,1361800000,403300000,1454500000,None,None,None,None,None,None,None,2.454,10.46,4.15,None,None,None,None,None,-246000000,None,0.139,None,None,2025-10-29,quarterly,3.88,USD,pre-market,None,5558900000,0.114,0.372,0.055,94.06,None,2117000000,932700000,156500000,407.83,413.59,1.8373,11756400000,4248200000,3199700000,5994400000,7508200000,2794700000,10546900000,5762000000,30.04,None,474.0,296.13
2025-12-28,TT,13.07,21051400000.0,30.04,None,1.194,37.51,33600000,None,880600000,880600000,-382700000,-48400000,None,None,-348800000,None,None,None,330700000,341165049,None,7744100000,7744100000,812500000,None,None,1679000000,None,None,195700000,74800000,3.66,0.0093,141400000,141400000,None,0.114,0.07,1414800000,1610500000,3.81,2021-06-30,26.53,None,7667100000.0,2802800000,1270500000,204700000,5231900000,5231900000,None,0,None,1128800000,None,None,None,None,None,469000000,None,None,None,0.202,490500000,1441000000,1361800000,403300000,1454500000,None,None,None,None,None,None,None,2.454,10.46,4.15,None,None,None,None,None,-250000000,None,0.139,None,None,2025-10-29,quarterly,3.88,USD,pre-market,None,5558900000,0.114,0.372,0.055,94.06,None,2117000000,932700000,156500000,407.83,413.59,1.8373,11756400000,4248200000,3199700000,5994400000,7508200000,2794700000,10546900000,5762000000,30.04,None,474.0,296.13
2025-12-28,TT,13.07,21051400000.0,30.04,None,1.194,37.51,43900000,None,880600000,880600000,-554900000,-113700000,None,None,-348800000,None,None,None,330700000,341165049,None,7744100000,7744100000,812500000,None,None,1679000000,None,None,195700000,76000000,3.66,0.0093,140200000,140200000,None,0.114,0.07,1414800000,1610500000,3.81,2021-03-31,26.53,None,7667100000.0,2802800000,1270500000,204700000,5231900000,5231900000,None,0,None,1128800000,None,None,None,None,None,237800000,None,None,None,0.202,260100000,1441000000,1361800000,403300000,1454500000,None,None,None,None,None,None,None,2.454,10.46,4.15,None,None,None,None,None,-104200000,None,0.139,None,None,2025-10-29,quarterly,3.88,USD,pre-market,None,5558900000,0.114,0.372,0.055,94.06,None,2117000000,932700000,156500000,407.83,413.59,1.8373,11756400000,4248200000,3199700000,5994400000,7508200000,2794700000,10546900000,5762000000,30.04,None,474.0,296.13
2025-12-28,TT,13.07,21051400000.0,30.04,None,1.194,37.51,57100000,None,880600000,880600000,-346600000,-237400000,None,None,109000000,None,None,None,330700000,341165049,None,7744100000,7744100000,812500000,None,None,1679000000,None,None,195700000,70600000,3.66,0.0093,127000000,127000000,None,0.114,0.07,1414800000,1610500000,3.81,2020-12-31,26.53,None,7667100000.0,2802800000,1270500000,204700000,5231900000,5231900000,None,0,None,1128800000,None,None,None,None,None,250200000,None,None,None,0.202,626900000,1441000000,1361800000,403300000,1454500000,None,None,None,None,None,None,None,2.454,10.46,4.15,None,None,None,None,None,-250000000,None,0.139,None,None,2025-10-29,quarterly,3.88,USD,pre-market,None,5558900000,0.114,0.372,0.055,94.06,None,2117000000,932700000,156500000,407.83,413.59,1.8373,11756400000,4248200000,3199700000,5994400000,7508200000,2794700000,10546900000,5762000000,30.04,None,474.0,296.13
2025-12-28,TT,13.07,21051400000.0,30.04,None,1.194,37.51,29500000,None,880600000,880600000,-103700000,-30000000,None,None,109000000,None,None,None,330700000,341165049,None,7744100000,7744100000,812500000,None,None,1679000000,None,None,195700000,74500000,3.66,0.0093,127000000,127000000,None,0.114,0.07,1414800000,1610500000,3.81,2020-09-30,26.53,None,7667100000.0,2802800000,1270500000,204700000,5231900000,5231900000,None,0,None,1128800000,None,None,None,None,None,404600000,None,None,None,0.202,930500000,1441000000,1361800000,403300000,1454500000,None,None,None,None,None,None,None,2.454,10.46,4.15,None,None,None,None,None,1899652,None,0.139,None,None,2025-10-29,quarterly,3.88,USD,pre-market,None,5558900000,0.114,0.372,0.055,94.06,None,2117000000,932700000,156500000,407.83,413.59,1.8373,11756400000,4248200000,3199700000,5994400000,7508200000,2794700000,10546900000,5762000000,30.04,None,474.0,296.13
2025-12-28,TT,13.07,21051400000.0,30.04,None,1.194,37.51,24900000,None,880600000,880600000,-434800000,-68300000,None,None,109000000,None,None,None,330700000,341165049,None,7744100000,7744100000,812500000,None,None,1679000000,None,None,195700000,74200000,3.66,0.0093,127400000,127400000,None,0.114,0.07,1414800000,1610500000,3.81,2020-06-30,26.53,None,7667100000.0,2802800000,1270500000,204700000,5231900000,5231900000,None,0,None,1128800000,None,None,None,None,None,242100000,None,None,None,0.202,205200000,1441000000,1361800000,403300000,1454500000,None,None,None,None,None,None,None,2.454,10.46,4.15,None,None,None,None,None,3700347,None,0.139,None,None,2025-10-29,quarterly,3.88,USD,pre-market,None,5558900000,0.114,0.372,0.055,94.06,None,2117000000,932700000,156500000,407.83,413.59,1.8373,11756400000,4248200000,3199700000,5994400000,7508200000,2794700000,10546900000,5762000000,30.04,None,474.0,296.13
2025-12-28,TT,13.07,21051400000.0,30.04,None,1.194,37.51,34700000,None,880600000,880600000,1769400000,-40500000,None,None,109000000,None,None,None,330700000,341165049,None,7744100000,7744100000,812500000,None,None,1679000000,None,None,195700000,75000000,3.66,0.0093,125900000,125900000,None,0.114,0.07,1414800000,1610500000,3.81,2020-03-31,26.53,None,7667100000.0,2802800000,1270500000,204700000,5231900000,5231900000,None,0,None,1128800000,None,None,None,None,None,-25900000,None,None,None,0.202,-327600000,1441000000,1361800000,403300000,1454500000,None,None,None,None,None,None,None,2.454,10.46,4.15,None,None,None,None,None,-5600000,None,0.139,None,None,2025-10-29,quarterly,3.88,USD,pre-market,None,5558900000,0.114,0.372,0.055,94.06,None,2117000000,932700000,156500000,407.83,413.59,1.8373,11756400000,4248200000,3199700000,5994400000,7508200000,2794700000,10546900000,5762000000,30.04,None,474.0,296.13
2025-12-28,TT,13.07,21051400000.0,30.04,None,1.194,37.51,67900000,None,880600000,880600000,-344100000,-66000000,None,None,3900000,None,None,None,330700000,341165049,None,7744100000,7744100000,812500000,None,None,1679000000,None,None,195700000,73000000,3.66,0.0093,127000000,127000000,None,0.114,0.07,1414800000,1610500000,3.81,2019-12-31,26.53,None,7667100000.0,2802800000,1270500000,204700000,5231900000,5231900000,None,0,None,1128800000,None,None,None,None,None,209200000,None,None,None,0.202,866400000,1441000000,1361800000,403300000,1454500000,None,None,None,None,None,None,None,2.454,10.46,4.15,None,None,None,None,None,-250000000,None,0.139,None,None,2025-10-29,quarterly,3.88,USD,pre-market,None,5558900000,0.114,0.372,0.055,94.06,None,2117000000,932700000,156500000,407.83,413.59,1.8373,11756400000,4248200000,3199700000,5994400000,7508200000,2794700000,10546900000,5762000000,30.04,None,474.0,296.13
2025-12-28,TT,13.07,21051400000.0,30.04,None,1.194,37.51,69500000,None,880600000,880600000,-544700000,-126700000,None,None,18400000,None,None,None,330700000,341165049,None,7744100000,7744100000,812500000,None,None,1679000000,None,None,195700000,72700000,3.66,0.0093,123700000,123700000,None,0.114,0.07,1414800000,1610500000,3.81,2019-09-30,26.53,None,7667100000.0,2802800000,1270500000,204700000,5231900000,5231900000,None,0,None,1128800000,None,None,None,None,None,463400000,None,None,None,0.202,659400000,1441000000,1361800000,403300000,1454500000,None,None,None,None,None,None,None,2.454,10.46,4.15,None,None,None,None,None,-250100000,None,0.139,None,None,2025-10-29,quarterly,3.88,USD,pre-market,None,5558900000,0.114,0.372,0.055,94.06,None,2117000000,932700000,156500000,407.83,413.59,1.8373,11756400000,4248200000,3199700000,5994400000,7508200000,2794700000,10546900000,5762000000,30.04,None,474.0,296.13
2025-12-28,TT,13.07,21051400000.0,30.04,None,1.194,37.51,55900000,None,880600000,880600000,29200000,-1510900000,None,None,18400000,None,None,None,330700000,341165049,None,7744100000,7744100000,812500000,None,None,1679000000,None,None,195700000,72200000,3.66,0.0093,131700000,131700000,None,0.114,0.07,1414800000,1610500000,3.81,2019-06-30,26.53,None,7667100000.0,2802800000,1270500000,204700000,5231900000,5231900000,None,0,None,1128800000,None,None,None,None,None,465900000,None,None,None,0.202,446300000,1441000000,1361800000,403300000,1454500000,None,None,None,None,None,None,None,2.454,10.46,4.15,None,None,None,None,None,7590030,None,0.139,None,None,2025-10-29,quarterly,3.88,USD,pre-market,None,5558900000,0.114,0.372,0.055,94.06,None,2117000000,932700000,156500000,407.83,413.59,1.8373,11756400000,4248200000,3199700000,5994400000,7508200000,2794700000,10546900000,5762000000,30.04,None,474.0,296.13
2025-12-28,TT,13.07,21051400000.0,30.04,None,1.194,37.51,60800000,None,880600000,880600000,1130100000,-76400000,None,None,18400000,None,None,None,330700000,341165049,None,7744100000,7744100000,812500000,None,None,1679000000,None,None,195700000,70900000,3.66,0.0093,127700000,127700000,None,0.114,0.07,1414800000,1610500000,3.81,2019-03-31,26.53,None,7667100000.0,2802800000,1270500000,204700000,5231900000,5231900000,None,0,None,1128800000,None,None,None,None,None,144200000,None,None,None,0.202,-52600000,1441000000,1361800000,403300000,1454500000,None,None,None,None,None,None,None,2.454,10.46,4.15,None,None,None,None,None,-250000000,None,0.139,None,None,2025-10-29,quarterly,3.88,USD,pre-market,None,5558900000,0.114,0.372,0.055,94.06,None,2117000000,932700000,156500000,407.83,413.59,1.8373,11756400000,4248200000,3199700000,5994400000,7508200000,2794700000,10546900000,5762000000,30.04,None,474.0,296.13
2025-12-28,TT,13.07,21051400000.0,30.04,None,1.194,37.51,114400000,None,880600000,880600000,-509900000,-108800000,None,None,-169900000,None,None,None,330700000,341165049,None,7744100000,7744100000,812500000,None,None,1679000000,None,None,195700000,88500000,3.66,0.0093,128300000,128300000,None,0.114,0.07,1414800000,1610500000,3.81,2018-12-31,26.53,None,7667100000.0,2802800000,1270500000,204700000,5231900000,5231900000,None,0,None,1128800000,None,None,None,None,None,261400000,None,None,None,0.202,510400000,1441000000,1361800000,403300000,1454500000,None,None,None,None,None,None,None,2.454,10.46,4.15,None,None,None,None,None,-386100000,None,0.139,None,None,2025-10-29,quarterly,3.88,USD,pre-market,None,5558900000,0.114,0.372,0.055,94.06,None,2117000000,932700000,156500000,407.83,413.59,1.8373,11756400000,4248200000,3199700000,5994400000,7508200000,2794700000,10546900000,5762000000,30.04,None,474.0,296.13
2025-12-28,TT,13.07,21051400000.0,30.04,None,1.194,37.51,87800000,None,880600000,880600000,-377500000,-75700000,None,None,None,None,None,None,330700000,341165049,None,7744100000,7744100000,812500000,None,None,1679000000,None,None,195700000,85200000,3.66,0.0093,129400000,129400000,None,0.114,0.07,1414800000,1610500000,3.81,2018-09-30,26.53,None,7667100000.0,2802800000,1270500000,204700000,5231900000,5231900000,None,0,None,1128800000,None,None,None,None,None,526800000,None,None,None,0.202,519700000,1441000000,1361800000,403300000,1454500000,None,None,None,None,None,None,None,2.454,10.46,4.15,None,None,None,None,None,-14000000,None,0.139,None,None,2025-10-29,quarterly,3.88,USD,pre-market,None,5558900000,0.114,0.372,0.055,94.06,None,2117000000,932700000,156500000,407.83,413.59,1.8373,11756400000,4248200000,3199700000,5994400000,7508200000,2794700000,10546900000,5762000000,30.04,None,474.0,296.13
2025-12-28,TT,13.07,21051400000.0,30.04,None,1.194,37.51,110600000,None,880600000,880600000,-395000000,-187200000,None,None,None,None,None,None,330700000,341165049,None,7744100000,7744100000,812500000,None,None,1679000000,None,None,195700000,94400000,3.66,0.0093,110200000,110200000,None,0.114,0.07,1414800000,1610500000,3.81,2018-06-30,26.53,None,7667100000.0,2802800000,1270500000,204700000,5231900000,5231900000,None,0,None,1128800000,None,None,None,None,None,458500000,None,None,None,0.202,443900000,1441000000,1361800000,403300000,1454500000,None,None,None,None,None,None,None,2.454,10.46,4.15,None,None,None,None,None,-250100000,None,0.139,None,None,2025-10-29,quarterly,3.88,USD,pre-market,None,5558900000,0.114,0.372,0.055,94.06,None,2117000000,932700000,156500000,407.83,413.59,1.8373,11756400000,4248200000,3199700000,5994400000,7508200000,2794700000,10546900000,5762000000,30.04,None,474.0,296.13
2025-12-28,TT,13.07,21051400000.0,30.04,None,1.194,37.51,52800000,None,880600000,880600000,-96400000,-257700000,None,None,None,None,None,None,330700000,341165049,None,7744100000,7744100000,812500000,None,None,1679000000,None,None,195700000,93400000,3.66,0.0093,111600000,111600000,None,0.114,0.07,1414800000,1610500000,3.81,2018-03-31,26.53,None,7667100000.0,2802800000,1270500000,204700000,5231900000,5231900000,None,0,None,1128800000,None,None,None,None,None,133500000,None,None,None,0.202,-66200000,1441000000,1361800000,403300000,1454500000,None,None,None,None,None,None,None,2.454,10.46,4.15,None,None,None,None,None,-250000000,None,0.139,None,None,2025-10-29,quarterly,3.88,USD,pre-market,None,5558900000,0.114,0.372,0.055,94.06,None,2117000000,932700000,156500000,407.83,413.59,1.8373,11756400000,4248200000,3199700000,5994400000,7508200000,2794700000,10546900000,5762000000,30.04,None,474.0,296.13
2025-12-28,TT,13.07,21051400000.0,30.04,None,1.194,37.51,71400000,None,880600000,880600000,-210000000,-168300000,None,None,-112400000,None,None,None,330700000,341165049,None,7744100000,7744100000,812500000,None,None,1679000000,None,None,195700000,91400000,3.66,0.0093,112100000,112100000,None,0.114,0.07,1414800000,1610500000,3.81,2017-12-31,26.53,None,7667100000.0,2802800000,1270500000,204700000,5231900000,5231900000,None,0,None,1128800000,None,None,None,None,None,457100000,None,None,None,0.202,650300000,1441000000,1361800000,403300000,1454500000,None,None,None,None,None,None,None,2.454,10.46,4.15,None,None,None,None,None,-105800000,None,0.139,None,None,2025-10-29,quarterly,3.88,USD,pre-market,None,5558900000,0.114,0.372,0.055,94.06,None,2117000000,932700000,156500000,407.83,413.59,1.8373,11756400000,4248200000,3199700000,5994400000,7508200000,2794700000,10546900000,5762000000,30.04,None,474.0,296.13
2025-12-28,TT,13.07,21051400000.0,30.04,None,1.194,37.51,70400000,None,880600000,880600000,-455600000,-87500000,None,None,None,None,None,None,330700000,341165049,None,7744100000,7744100000,812500000,None,None,1679000000,None,None,195700000,87800000,3.66,0.0093,113200000,113200000,None,0.114,0.07,1414800000,1610500000,3.81,2017-09-30,26.53,None,7667100000.0,2802800000,1270500000,204700000,5231900000,5231900000,None,0,None,1128800000,None,None,None,None,None,368200000,None,None,None,0.202,467700000,1441000000,1361800000,403300000,1454500000,None,None,None,None,None,None,None,2.454,10.46,4.15,None,None,None,None,None,-335900000,None,0.139,None,None,2025-10-29,quarterly,3.88,USD,pre-market,None,5558900000,0.114,0.372,0.055,94.06,None,2117000000,932700000,156500000,407.83,413.59,1.8373,11756400000,4248200000,3199700000,5994400000,7508200000,2794700000,10546900000,5762000000,30.04,None,474.0,296.13
2025-12-28,TT,13.07,21051400000.0,30.04,None,1.194,37.51,44300000,None,880600000,880600000,-425400000,-74300000,None,None,None,None,None,None,330700000,341165049,None,7744100000,7744100000,812500000,None,None,1679000000,None,None,195700000,87400000,3.66,0.0093,102100000,102100000,None,0.114,0.07,1414800000,1610500000,3.81,2017-06-30,26.53,None,7667100000.0,2802800000,1270500000,204700000,5231900000,5231900000,None,0,None,1128800000,None,None,None,None,None,362200000,None,None,None,0.202,448900000,1441000000,1361800000,403300000,1454500000,None,None,None,None,None,None,None,2.454,10.46,4.15,None,None,None,None,None,-325100000,None,0.139,None,None,2025-10-29,quarterly,3.88,USD,pre-market,None,5558900000,0.114,0.372,0.055,94.06,None,2117000000,932700000,156500000,407.83,413.59,1.8373,11756400000,4248200000,3199700000,5994400000,7508200000,2794700000,10546900000,5762000000,30.04,None,474.0,296.13
2025-12-28,TT,13.07,21051400000.0,30.04,None,1.194,37.51,35200000,None,880600000,880600000,-341500000,-44600000,None,None,None,None,None,None,330700000,341165049,None,7744100000,7744100000,812500000,None,None,1679000000,None,None,195700000,86700000,3.66,0.0093,102700000,102700000,None,0.114,0.07,1414800000,1610500000,3.81,2017-03-31,26.53,None,7667100000.0,2802800000,1270500000,204700000,5231900000,5231900000,None,0,None,1128800000,None,None,None,None,None,127600000,None,None,None,0.202,-43400000,1441000000,1361800000,403300000,1454500000,None,None,None,None,None,None,None,2.454,10.46,4.15,None,None,None,None,None,-250100000,None,0.139,None,None,2025-10-29,quarterly,3.88,USD,pre-market,None,5558900000,0.114,0.372,0.055,94.06,None,2117000000,932700000,156500000,407.83,413.59,1.8373,11756400000,4248200000,3199700000,5994400000,7508200000,2794700000,10546900000,5762000000,30.04,None,474.0,296.13
2025-12-28,TT,13.07,21051400000.0,30.04,None,1.194,37.51,55200000,None,880600000,880600000,-81000000,-48300000,None,None,26800000,None,None,None,330700000,341165049,None,7744100000,7744100000,812500000,None,None,1679000000,None,None,195700000,87500000,3.66,0.0093,103000000,103000000,None,0.114,0.07,1414800000,1610500000,3.81,2016-12-31,26.53,None,7667100000.0,2802800000,1270500000,204700000,5231900000,5231900000,None,0,None,1128800000,None,None,None,None,None,198800000,None,None,None,0.202,405200000,1441000000,1361800000,403300000,1454500000,None,None,None,None,None,None,None,2.454,10.46,4.15,None,None,None,None,None,None,None,0.139,None,None,2025-10-29,quarterly,3.88,USD,pre-market,None,5558900000,0.114,0.372,0.055,94.06,None,2117000000,932700000,156500000,407.83,413.59,1.8373,11756400000,4248200000,3199700000,5994400000,7508200000,2794700000,10546900000,5762000000,30.04,None,474.0,296.13
2025-12-28,TT,13.07,21051400000.0,30.04,None,1.194,37.51,44500000,None,880600000,880600000,-74700000,-44300000,None,None,None,None,None,None,330700000,341165049,None,7744100000,7744100000,812500000,None,None,1679000000,None,None,195700000,88700000,3.66,0.0093,83100000,83100000,None,0.114,0.07,1414800000,1610500000,3.81,2016-09-30,26.53,None,7667100000.0,2802800000,1270500000,204700000,5231900000,5231900000,None,0,None,1128800000,None,None,None,None,None,381900000,None,None,None,0.202,688600000,1441000000,1361800000,403300000,1454500000,None,None,None,None,None,None,None,2.454,10.46,4.15,None,None,None,None,None,None,None,0.139,None,None,2025-10-29,quarterly,3.88,USD,pre-market,None,5558900000,0.114,0.372,0.055,94.06,None,2117000000,932700000,156500000,407.83,413.59,1.8373,11756400000,4248200000,3199700000,5994400000,7508200000,2794700000,10546900000,5762000000,30.04,None,474.0,296.13
2025-12-28,TT,13.07,21051400000.0,30.04,None,1.194,37.51,42900000,None,880600000,880600000,-473000000,372800000,None,None,None,None,None,None,330700000,341165049,None,7744100000,7744100000,812500000,None,None,1679000000,None,None,195700000,88000000,3.66,0.0093,80300000,80300000,None,0.114,0.07,1414800000,1610500000,3.81,2016-06-30,26.53,None,7667100000.0,2802800000,1270500000,204700000,5231900000,5231900000,None,0,None,1128800000,None,None,None,None,None,747600000,None,None,None,0.202,435700000,1441000000,1361800000,403300000,1454500000,None,None,None,None,None,None,None,2.454,10.46,4.15,None,None,None,None,None,None,None,0.139,None,None,2025-10-29,quarterly,3.88,USD,pre-market,None,5558900000,0.114,0.372,0.055,94.06,None,2117000000,932700000,156500000,407.83,413.59,1.8373,11756400000,4248200000,3199700000,5994400000,7508200000,2794700000,10546900000,5762000000,30.04,None,474.0,296.13
2025-12-28,TT,13.07,21051400000.0,30.04,None,1.194,37.51,40100000,None,880600000,880600000,-98200000,-40100000,None,None,None,None,None,None,330700000,341165049,None,7744100000,7744100000,812500000,None,None,1679000000,None,None,195700000,88000000,3.66,0.0093,82200000,82200000,None,0.114,0.07,1414800000,1610500000,3.81,2016-03-31,26.53,None,7667100000.0,2802800000,1270500000,204700000,5231900000,5231900000,None,0,None,1128800000,None,None,None,None,None,152400000,None,None,None,0.202,-7600000,1441000000,1361800000,403300000,1454500000,None,None,None,None,None,None,None,2.454,10.46,4.15,None,None,None,None,None,-250100000,None,0.139,None,None,2025-10-29,quarterly,3.88,USD,pre-market,None,5558900000,0.114,0.372,0.055,94.06,None,2117000000,932700000,156500000,407.83,413.59,1.8373,11756400000,4248200000,3199700000,5994400000,7508200000,2794700000,10546900000,5762000000,30.04,None,474.0,296.13
2025-12-28,TT,13.07,21051400000.0,30.04,None,1.194,37.51,76300000,None,880600000,880600000,-414200000,-82400000,None,None,-6300000,None,None,None,330700000,341165049,None,7744100000,7744100000,812500000,None,None,1679000000,None,None,195700000,94900000,3.66,0.0093,75900000,75900000,None,0.114,0.07,1414800000,1610500000,3.81,2015-12-31,26.53,None,7667100000.0,2802800000,1270500000,204700000,5231900000,5231900000,None,0,None,1128800000,None,None,None,None,None,238500000,None,None,None,0.202,598100000,1441000000,1361800000,403300000,1454500000,None,None,None,None,None,None,None,2.454,10.46,4.15,None,None,None,None,None,-16700000,None,0.139,None,None,2025-10-29,quarterly,3.88,USD,pre-market,None,5558900000,0.114,0.372,0.055,94.06,None,2117000000,932700000,156500000,407.83,413.59,1.8373,11756400000,4248200000,3199700000,5994400000,7508200000,2794700000,10546900000,5762000000,30.04,None,474.0,296.13
2025-12-28,TT,13.07,21051400000.0,30.04,None,1.194,37.51,58000000,None,880600000,880600000,-125900000,-59200000,None,None,None,None,None,None,330700000,341165049,None,7744100000,7744100000,812500000,None,None,1679000000,None,None,195700000,88500000,3.66,0.0093,76100000,76100000,None,0.114,0.07,1414800000,1610500000,3.81,2015-09-30,26.53,None,7667100000.0,2802800000,1270500000,204700000,5231900000,5231900000,None,0,None,1128800000,None,None,None,None,None,300900000,None,None,None,0.202,83000000,1441000000,1361800000,403300000,1454500000,None,None,None,None,None,None,None,2.454,10.46,4.15,None,None,None,None,None,-233400000,None,0.139,None,None,2025-10-29,quarterly,3.88,USD,pre-market,None,5558900000,0.114,0.372,0.055,94.06,None,2117000000,932700000,156500000,407.83,413.59,1.8373,11756400000,4248200000,3199700000,5994400000,7508200000,2794700000,10546900000,5762000000,30.04,None,474.0,296.13
2025-12-28,TT,13.07,21051400000.0,30.04,None,1.194,37.51,59600000,None,880600000,880600000,-207000000,-57900000,None,None,None,None,None,None,330700000,341165049,None,7744100000,7744100000,812500000,None,None,1679000000,None,None,195700000,92800000,3.66,0.0093,77500000,77500000,None,0.114,0.07,1414800000,1610500000,3.81,2015-06-30,26.53,None,7667100000.0,2802800000,1270500000,204700000,5231900000,5231900000,None,0,None,1128800000,None,None,None,None,None,87000000,None,None,None,0.202,295200000,1441000000,1361800000,403300000,1454500000,None,None,None,None,None,None,None,2.454,10.46,4.15,None,None,None,None,None,None,None,0.139,None,None,2025-10-29,quarterly,3.88,USD,pre-market,None,5558900000,0.114,0.372,0.055,94.06,None,2117000000,932700000,156500000,407.83,413.59,1.8373,11756400000,4248200000,3199700000,5994400000,7508200000,2794700000,10546900000,5762000000,30.04,None,474.0,296.13
2025-12-28,TT,13.07,21051400000.0,30.04,None,1.194,37.51,55700000,None,880600000,880600000,256800000,-993400000,None,None,None,None,None,None,330700000,341165049,None,7744100000,7744100000,812500000,None,None,1679000000,None,None,195700000,87900000,3.66,0.0093,73800000,73800000,None,0.114,0.07,1414800000,1610500000,3.81,2015-03-31,26.53,None,7667100000.0,2802800000,1270500000,204700000,5231900000,5231900000,None,0,None,1128800000,None,None,None,None,None,62700000,None,None,None,0.202,-125200000,1441000000,1361800000,403300000,1454500000,None,None,None,None,None,None,None,2.454,10.46,4.15,None,None,None,None,None,None,None,0.139,None,None,2025-10-29,quarterly,3.88,USD,pre-market,None,5558900000,0.114,0.372,0.055,94.06,None,2117000000,932700000,156500000,407.83,413.59,1.8373,11756400000,4248200000,3199700000,5994400000,7508200000,2794700000,10546900000,5762000000,30.04,None,474.0,296.13
2025-12-28,TT,13.07,21051400000.0,30.04,None,1.194,37.51,82800000,None,880600000,880600000,428500000,-76000000,None,None,-230000000,None,None,None,330700000,341165049,None,7744100000,7744100000,812500000,None,None,1679000000,None,None,195700000,81900000,3.66,0.0093,65500000,65500000,None,0.114,0.07,1414800000,1610500000,3.81,2014-12-31,26.53,None,7667100000.0,2802800000,1270500000,204700000,5231900000,5231900000,None,0,None,1128800000,None,None,None,None,None,260200000,None,None,None,0.202,475600000,1441000000,1361800000,403300000,1454500000,None,None,None,None,None,None,None,2.454,10.46,4.15,None,None,None,None,None,-202000000,None,0.139,None,None,2025-10-29,quarterly,3.88,USD,pre-market,None,5558900000,0.114,0.372,0.055,94.06,None,2117000000,932700000,156500000,407.83,413.59,1.8373,11756400000,4248200000,3199700000,5994400000,7508200000,2794700000,10546900000,5762000000,30.04,None,474.0,296.13
2025-12-28,TT,13.07,21051400000.0,30.04,None,1.194,37.51,58100000,None,880600000,880600000,-232800000,-56800000,None,None,None,None,None,None,330700000,341165049,None,7744100000,7744100000,812500000,None,None,1679000000,None,None,195700000,82300000,3.66,0.0093,66400000,66400000,None,0.114,0.07,1414800000,1610500000,3.81,2014-09-30,26.53,None,7667100000.0,2802800000,1270500000,204700000,5231900000,5231900000,None,0,None,1128800000,None,None,None,None,None,296200000,None,None,None,0.202,377500000,1441000000,1361800000,403300000,1454500000,None,None,None,None,None,None,None,2.454,10.46,4.15,None,None,None,None,None,-160100000,None,0.139,None,None,2025-10-29,quarterly,3.88,USD,pre-market,None,5558900000,0.114,0.372,0.055,94.06,None,2117000000,932700000,156500000,407.83,413.59,1.8373,11756400000,4248200000,3199700000,5994400000,7508200000,2794700000,10546900000,5762000000,30.04,None,474.0,296.13
2025-12-28,TT,13.07,21051400000.0,30.04,None,1.194,37.51,42100000,None,880600000,880600000,-203600000,-12000000,None,None,None,None,None,None,330700000,341165049,None,7744100000,7744100000,812500000,None,None,1679000000,None,None,195700000,85900000,3.66,0.0093,67000000,67000000,None,0.114,0.07,1414800000,1610500000,3.81,2014-06-30,26.53,None,7667100000.0,2802800000,1270500000,204700000,5231900000,5231900000,None,0,None,1128800000,None,None,None,None,None,310400000,None,None,None,0.202,246100000,1441000000,1361800000,403300000,1454500000,None,None,None,None,None,None,None,2.454,10.46,4.15,None,None,None,None,None,-225100000,None,0.139,None,None,2025-10-29,quarterly,3.88,USD,pre-market,None,5558900000,0.114,0.372,0.055,94.06,None,2117000000,932700000,156500000,407.83,413.59,1.8373,11756400000,4248200000,3199700000,5994400000,7508200000,2794700000,10546900000,5762000000,30.04,None,474.0,296.13
2025-12-28,TT,13.07,21051400000.0,30.04,None,1.194,37.51,50500000,None,880600000,880600000,-851600000,-52200000,None,None,None,None,None,None,330700000,341165049,None,7744100000,7744100000,812500000,None,None,1679000000,None,None,195700000,82300000,3.66,0.0093,65800000,65800000,None,0.114,0.07,1414800000,1610500000,3.81,2014-03-31,26.53,None,7667100000.0,2802800000,1270500000,204700000,5231900000,5231900000,None,0,None,1128800000,None,None,None,None,None,83600000,None,None,None,0.202,-126000000,1441000000,1361800000,403300000,1454500000,None,None,None,None,None,None,None,2.454,10.46,4.15,None,None,None,None,None,-787700000,None,0.139,None,None,2025-10-29,quarterly,3.88,USD,pre-market,None,5558900000,0.114,0.372,0.055,94.06,None,2117000000,932700000,156500000,407.83,413.59,1.8373,11756400000,4248200000,3199700000,5994400000,7508200000,2794700000,10546900000,5762000000,30.04,None,474.0,296.13
2025-12-28,TT,13.07,21051400000.0,30.04,None,1.194,37.51,54600000,None,880600000,880600000,868900000,-64900000,None,None,-39400000,None,None,None,330700000,341165049,None,7744100000,7744100000,812500000,None,None,1679000000,None,None,195700000,51600000,3.66,0.0093,62500000,62500000,None,0.114,0.07,1414800000,1610500000,3.81,2013-12-31,26.53,None,7667100000.0,2802800000,1270500000,204700000,5231900000,5231900000,None,0,None,1128800000,None,None,None,None,None,36300000,None,None,None,0.202,209500000,1441000000,1361800000,403300000,1454500000,None,None,None,None,None,None,None,2.454,10.46,4.15,None,None,None,None,None,-418000000,None,0.139,None,None,2025-10-29,quarterly,3.88,USD,pre-market,None,5558900000,0.114,0.372,0.055,94.06,None,2117000000,932700000,156500000,407.83,413.59,1.8373,11756400000,4248200000,3199700000,5994400000,7508200000,2794700000,10546900000,5762000000,30.04,None,474.0,296.13
2025-12-28,TT,13.07,21051400000.0,30.04,None,1.194,37.51,48400000,None,880600000,880600000,-1567500000,-20000000,None,None,None,None,None,None,330700000,341165049,None,7744100000,7744100000,812500000,None,None,1679000000,None,None,195700000,93500000,3.66,0.0093,51000000,51000000,None,0.114,0.07,1414800000,1610500000,3.81,2013-09-30,26.53,None,7667100000.0,2802800000,1270500000,204700000,5231900000,5231900000,None,0,None,1128800000,None,None,None,None,None,183400000,None,None,None,0.202,522300000,1441000000,1361800000,403300000,1454500000,None,None,None,None,None,None,None,2.454,10.46,4.15,None,None,None,None,None,-317600000,None,0.139,None,None,2025-10-29,quarterly,3.88,USD,pre-market,None,5558900000,0.114,0.372,0.055,94.06,None,2117000000,932700000,156500000,407.83,413.59,1.8373,11756400000,4248200000,3199700000,5994400000,7508200000,2794700000,10546900000,5762000000,30.04,None,474.0,296.13
2025-12-28,TT,13.07,21051400000.0,30.04,None,1.194,37.51,67800000,None,880600000,880600000,1018600000,-63300000,None,None,None,None,None,None,330700000,341165049,None,7744100000,7744100000,812500000,None,None,1679000000,None,None,195700000,93900000,3.66,0.0093,65200000,65200000,None,0.114,0.07,1414800000,1610500000,3.81,2013-06-30,26.53,None,7667100000.0,2802800000,1270500000,204700000,5231900000,5231900000,None,0,None,1128800000,None,None,None,None,None,319100000,None,None,None,0.202,436800000,1441000000,1361800000,403300000,1454500000,None,None,None,None,None,None,None,2.454,10.46,4.15,None,None,None,None,None,-477600000,None,0.139,None,None,2025-10-29,quarterly,3.88,USD,pre-market,None,5558900000,0.114,0.372,0.055,94.06,None,2117000000,932700000,156500000,407.83,413.59,1.8373,11756400000,4248200000,3199700000,5994400000,7508200000,2794700000,10546900000,5762000000,30.04,None,474.0,296.13
2025-12-28,TT,13.07,21051400000.0,30.04,None,1.194,37.51,71400000,None,880600000,880600000,26600000,-67200000,None,None,None,None,None,None,330700000,341165049,None,7744100000,7744100000,812500000,None,None,1679000000,None,None,195700000,94700000,3.66,0.0093,66800000,66800000,None,0.114,0.07,1414800000,1610500000,3.81,2013-03-31,26.53,None,7667100000.0,2802800000,1270500000,204700000,5231900000,5231900000,None,0,None,1128800000,None,None,None,None,None,101800000,None,None,None,0.202,-8000000,1441000000,1361800000,403300000,1454500000,None,None,None,None,None,None,None,2.454,10.46,4.15,None,None,None,None,None,-832900000,None,0.139,None,None,2025-10-29,quarterly,3.88,USD,pre-market,None,5558900000,0.114,0.372,0.055,94.06,None,2117000000,932700000,156500000,407.83,413.59,1.8373,11756400000,4248200000,3199700000,5994400000,7508200000,2794700000,10546900000,5762000000,30.04,None,474.0,296.13
2025-12-28,TT,13.07,21051400000.0,30.04,None,1.194,37.51,91700000,None,880600000,880600000,-466500000,-24300000,None,None,-25300000,None,None,None,330700000,341165049,None,7744100000,7744100000,812500000,None,None,1679000000,None,None,195700000,90100000,3.66,0.0093,68000000,68000000,None,0.114,0.07,1414800000,1610500000,3.81,2012-12-31,26.53,None,7667100000.0,2802800000,1270500000,204700000,5231900000,5231900000,None,0,None,1128800000,None,None,None,None,None,240800000,None,None,None,0.202,445400000,1441000000,1361800000,403300000,1454500000,None,None,None,None,None,None,None,2.454,10.46,4.15,None,None,None,None,None,-464900000,None,0.139,None,None,2025-10-29,quarterly,3.88,USD,pre-market,None,5558900000,0.114,0.372,0.055,94.06,None,2117000000,932700000,156500000,407.83,413.59,1.8373,11756400000,4248200000,3199700000,5994400000,7508200000,2794700000,10546900000,5762000000,30.04,None,474.0,296.13
2025-12-28,TT,13.07,21051400000.0,30.04,None,1.194,37.51,57100000,None,880600000,880600000,-357100000,-56300000,None,None,None,None,None,None,330700000,341165049,None,7744100000,7744100000,812500000,None,None,1679000000,None,None,195700000,92300000,3.66,0.0093,48700000,48700000,None,0.114,0.07,1414800000,1610500000,3.81,2012-09-30,26.53,None,7667100000.0,2802800000,1270500000,204700000,5231900000,5231900000,None,0,None,1128800000,None,None,None,None,None,339400000,None,None,None,0.202,429900000,1441000000,1361800000,403300000,1454500000,None,None,None,None,None,None,None,2.454,10.46,4.15,None,None,None,None,None,-339900000,None,0.139,None,None,2025-10-29,quarterly,3.88,USD,pre-market,None,5558900000,0.114,0.372,0.055,94.06,None,2117000000,932700000,156500000,407.83,413.59,1.8373,11756400000,4248200000,3199700000,5994400000,7508200000,2794700000,10546900000,5762000000,30.04,None,474.0,296.13
2025-12-28,TT,13.07,21051400000.0,30.04,None,1.194,37.51,60900000,None,880600000,880600000,-438400000,-16100000,None,None,None,None,None,None,330700000,341165049,None,7744100000,7744100000,812500000,None,None,1679000000,None,None,195700000,95100000,3.66,0.0093,49800000,49800000,None,0.114,0.07,1414800000,1610500000,3.81,2012-06-30,26.53,None,7667100000.0,2802800000,1270500000,204700000,5231900000,5231900000,None,0,None,1128800000,None,None,None,None,None,365100000,None,None,None,0.202,289200000,1441000000,1361800000,403300000,1454500000,None,None,None,None,None,None,None,2.454,10.46,4.15,None,None,None,None,None,1054500000,None,0.139,None,None,2025-10-29,quarterly,3.88,USD,pre-market,None,5558900000,0.114,0.372,0.055,94.06,None,2117000000,932700000,156500000,407.83,413.59,1.8373,11756400000,4248200000,3199700000,5994400000,7508200000,2794700000,10546900000,5762000000,30.04,None,474.0,296.13
2025-12-28,TT,13.07,21051400000.0,30.04,None,1.194,37.51,52900000,None,880600000,880600000,-41900000,-49700000,None,None,None,None,None,None,330700000,341165049,None,7744100000,7744100000,812500000,None,None,1679000000,None,None,195700000,98000000,3.66,0.0093,46600000,46600000,None,0.114,0.07,1414800000,1610500000,3.81,2012-03-31,26.53,None,7667100000.0,2802800000,1270500000,204700000,5231900000,5231900000,None,0,None,1128800000,None,None,None,None,None,104400000,None,None,None,0.202,16400000,1441000000,1361800000,403300000,1454500000,None,None,None,None,None,None,None,2.454,10.46,4.15,None,None,None,None,None,-1089500000,None,0.139,None,None,2025-10-29,quarterly,3.88,USD,pre-market,None,5558900000,0.114,0.372,0.055,94.06,None,2117000000,932700000,156500000,407.83,413.59,1.8373,11756400000,4248200000,3199700000,5994400000,7508200000,2794700000,10546900000,5762000000,30.04,None,474.0,296.13
2025-12-28,TT,13.07,21051400000.0,30.04,None,1.194,37.51,113800000,None,880600000,880600000,-596100000,-92000000,None,None,-14300000,None,None,None,330700000,341165049,None,7744100000,7744100000,812500000,None,None,1679000000,None,None,195700000,100600000,3.66,0.0093,35800000,35800000,None,0.114,0.07,1414800000,1610500000,3.81,2011-12-31,26.53,None,7667100000.0,2802800000,1270500000,204700000,5231900000,5231900000,None,0,None,1128800000,None,None,None,None,None,256800000,None,None,None,0.202,446000000,1441000000,1361800000,403300000,1454500000,None,None,None,None,None,None,None,2.454,10.46,4.15,None,None,None,None,None,-581900000,None,0.139,None,None,2025-10-29,quarterly,3.88,USD,pre-market,None,5558900000,0.114,0.372,0.055,94.06,None,2117000000,932700000,156500000,407.83,413.59,1.8373,11756400000,4248200000,3199700000,5994400000,7508200000,2794700000,10546900000,5762000000,30.04,None,474.0,296.13
2025-12-28,TT,13.07,21051400000.0,30.04,None,1.194,37.51,50300000,None,880600000,880600000,-554500000,302600000,None,None,None,None,None,None,330700000,341165049,None,7744100000,7744100000,812500000,None,None,1679000000,None,None,195700000,103200000,3.66,0.0093,38400000,38400000,None,0.114,0.07,1414800000,1610500000,3.81,2011-09-30,26.53,None,7667100000.0,2802800000,1270500000,204700000,5231900000,5231900000,None,0,None,1128800000,None,None,None,None,None,-272400000,None,None,None,0.202,408300000,1441000000,1361800000,403300000,1454500000,None,None,None,None,None,None,None,2.454,10.46,4.15,None,None,None,None,None,-519600000,None,0.139,None,None,2025-10-29,quarterly,3.88,USD,pre-market,None,5558900000,0.114,0.372,0.055,94.06,None,2117000000,932700000,156500000,407.83,413.59,1.8373,11756400000,4248200000,3199700000,5994400000,7508200000,2794700000,10546900000,5762000000,30.04,None,474.0,296.13
2025-12-28,TT,13.07,21051400000.0,30.04,None,1.194,37.51,38000000,None,880600000,880600000,-96400000,37900000,None,None,None,None,None,None,330700000,341165049,None,7744100000,7744100000,812500000,None,None,1679000000,None,None,195700000,100600000,3.66,0.0093,40000000,40000000,None,0.114,0.07,1414800000,1610500000,3.81,2011-06-30,26.53,None,7667100000.0,2802800000,1270500000,204700000,5231900000,5231900000,None,0,None,1128800000,None,None,None,None,None,243000000,None,None,None,0.202,395000000,1441000000,1361800000,403300000,1454500000,None,None,None,None,None,None,None,2.454,10.46,4.15,None,None,None,None,None,862100000,None,0.139,None,None,2025-10-29,quarterly,3.88,USD,pre-market,None,5558900000,0.114,0.372,0.055,94.06,None,2117000000,932700000,156500000,407.83,413.59,1.8373,11756400000,4248200000,3199700000,5994400000,7508200000,2794700000,10546900000,5762000000,30.04,None,474.0,296.13
2025-12-28,TT,13.07,21051400000.0,30.04,None,1.194,37.51,40800000,None,880600000,880600000,600000,-41000000,None,None,None,None,None,None,330700000,341165049,None,7744100000,7744100000,812500000,None,None,1679000000,None,None,195700000,98300000,3.66,0.0093,23100000,23100000,None,0.114,0.07,1414800000,1610500000,3.81,2011-03-31,26.53,None,7667100000.0,2802800000,1270500000,204700000,5231900000,5231900000,None,0,None,1128800000,None,None,None,None,None,198700000,None,None,None,0.202,-62500000,1441000000,1361800000,403300000,1454500000,None,None,None,None,None,None,None,2.454,10.46,4.15,None,None,None,None,None,-918100000,None,0.139,None,None,2025-10-29,quarterly,3.88,USD,pre-market,None,5558900000,0.114,0.372,0.055,94.06,None,2117000000,932700000,156500000,407.83,413.59,1.8373,11756400000,4248200000,3199700000,5994400000,7508200000,2794700000,10546900000,5762000000,30.04,None,474.0,296.13
2025-12-28,TT,13.07,21051400000.0,30.04,None,1.194,37.51,62200000,None,880600000,880600000,87000000,-68400000,None,None,-219000000,None,None,None,330700000,341165049,None,7744100000,7744100000,812500000,None,None,1679000000,None,None,195700000,107700000,3.66,0.0093,43200000,43200000,None,0.114,0.07,1414800000,1610500000,3.81,2010-12-31,26.53,None,7667100000.0,2802800000,1270500000,204700000,5231900000,5231900000,None,0,None,1128800000,None,None,None,None,None,218500000,None,None,None,0.202,178500000,1441000000,1361800000,403300000,1454500000,None,None,None,None,None,None,None,2.454,10.46,4.15,None,None,None,None,None,-62600000,None,0.139,None,None,2025-10-29,quarterly,3.88,USD,pre-market,None,5558900000,0.114,0.372,0.055,94.06,None,2117000000,932700000,156500000,407.83,413.59,1.8373,11756400000,4248200000,3199700000,5994400000,7508200000,2794700000,10546900000,5762000000,30.04,None,474.0,296.13
2025-12-28,TT,13.07,21051400000.0,30.04,None,1.194,37.51,45000000,None,880600000,880600000,-250300000,-37400000,None,None,None,None,None,None,330700000,341165049,None,7744100000,7744100000,812500000,None,None,1679000000,None,None,195700000,107000000,3.66,0.0093,22700000,22700000,None,0.114,0.07,1414800000,1610500000,3.81,2010-09-30,26.53,None,7667100000.0,2802800000,1270500000,204700000,5231900000,5231900000,None,0,None,1128800000,None,None,None,None,None,280200000,None,None,None,0.202,258100000,1441000000,1361800000,403300000,1454500000,None,None,None,None,None,None,None,2.454,10.46,4.15,None,None,None,None,None,-300000,None,0.139,None,None,2025-10-29,quarterly,3.88,USD,pre-market,None,5558900000,0.114,0.372,0.055,94.06,None,2117000000,932700000,156500000,407.83,413.59,1.8373,11756400000,4248200000,3199700000,5994400000,7508200000,2794700000,10546900000,5762000000,30.04,None,474.0,296.13
2025-12-28,TT,13.07,21051400000.0,30.04,None,1.194,37.51,38000000,None,880600000,880600000,-57200000,-36900000,None,None,None,None,None,None,330700000,341165049,None,7744100000,7744100000,812500000,None,None,1679000000,None,None,195700000,110300000,3.66,0.0093,22500000,22500000,None,0.114,0.07,1414800000,1610500000,3.81,2010-06-30,26.53,None,7667100000.0,2802800000,1270500000,204700000,5231900000,5231900000,None,0,None,1128800000,None,None,None,None,None,266700000,None,None,None,0.202,321200000,1441000000,1361800000,403300000,1454500000,None,None,None,None,None,None,None,2.454,10.46,4.15,None,None,None,None,None,562100000,None,0.139,None,None,2025-10-29,quarterly,3.88,USD,pre-market,None,5558900000,0.114,0.372,0.055,94.06,None,2117000000,932700000,156500000,407.83,413.59,1.8373,11756400000,4248200000,3199700000,5994400000,7508200000,2794700000,10546900000,5762000000,30.04,None,474.0,296.13
2025-12-28,TT,13.07,21051400000.0,30.04,None,1.194,37.51,34300000,None,880600000,880600000,-183200000,-35900000,None,None,None,None,None,None,330700000,341165049,None,7744100000,7744100000,812500000,None,None,1679000000,None,None,195700000,112100000,3.66,0.0093,22500000,22500000,None,0.114,0.07,1414800000,1610500000,3.81,2010-03-31,26.53,None,7667100000.0,2802800000,1270500000,204700000,5231900000,5231900000,None,0,None,1128800000,None,None,None,None,None,16400000,None,None,None,0.202,-62400000,1441000000,1361800000,403300000,1454500000,None,None,None,None,None,None,None,2.454,10.46,4.15,None,None,None,None,None,-599100000,None,0.139,None,None,2025-10-29,quarterly,3.88,USD,pre-market,None,5558900000,0.114,0.372,0.055,94.06,None,2117000000,932700000,156500000,407.83,413.59,1.8373,11756400000,4248200000,3199700000,5994400000,7508200000,2794700000,10546900000,5762000000,30.04,None,474.0,296.13
2025-12-28,TT,13.07,21051400000.0,30.04,None,1.194,37.51,48100000,None,880600000,880600000,-49600000,-45400000,None,None,430000000,None,None,None,330700000,341165049,None,7744100000,7744100000,812500000,None,None,1679000000,None,None,195700000,109200000,3.66,0.0093,43200000,43200000,None,0.114,0.07,1414800000,1610500000,3.81,2009-12-31,26.53,None,7667100000.0,2802800000,1270500000,204700000,5231900000,5231900000,None,0,None,1128800000,None,None,None,None,None,133100000,None,None,None,0.202,254400000,1441000000,1361800000,403300000,1454500000,None,None,None,None,None,None,None,2.454,10.46,4.15,None,None,None,None,None,None,None,0.139,None,None,2025-10-29,quarterly,3.88,USD,pre-market,None,5558900000,0.114,0.372,0.055,94.06,None,2117000000,932700000,156500000,407.83,413.59,1.8373,11756400000,4248200000,3199700000,5994400000,7508200000,2794700000,10546900000,5762000000,30.04,None,474.0,296.13
2025-12-28,TT,13.07,21051400000.0,30.04,None,1.194,37.51,42300000,None,880600000,880600000,-616700000,-38200000,None,None,None,None,None,None,330700000,341165049,None,7744100000,7744100000,812500000,None,None,1679000000,None,None,195700000,111200000,3.66,0.0093,22900000,22900000,None,0.114,0.07,1414800000,1610500000,3.81,2009-09-30,26.53,None,7667100000.0,2802800000,1270500000,204700000,5231900000,5231900000,None,0,None,1128800000,None,None,None,None,None,230900000,None,None,None,0.202,600800000,1441000000,1361800000,403300000,1454500000,None,None,None,None,None,None,None,2.454,10.46,4.15,None,None,None,None,None,None,None,0.139,None,None,2025-10-29,quarterly,3.88,USD,pre-market,None,5558900000,0.114,0.372,0.055,94.06,None,2117000000,932700000,156500000,407.83,413.59,1.8373,11756400000,4248200000,3199700000,5994400000,7508200000,2794700000,10546900000,5762000000,30.04,None,474.0,296.13
2025-12-28,TT,13.07,21051400000.0,30.04,None,1.194,37.51,54900000,None,880600000,880600000,-511000000,-48800000,None,None,None,None,None,None,330700000,341165049,None,7744100000,7744100000,812500000,None,None,1679000000,None,None,195700000,102000000,3.66,0.0093,57500000,57500000,None,0.114,0.07,1414800000,1610500000,3.81,2009-06-30,26.53,None,7667100000.0,2802800000,1270500000,204700000,5231900000,5231900000,None,0,None,1128800000,None,None,None,None,None,139300000,None,None,None,0.202,838500000,1441000000,1361800000,403300000,1454500000,None,None,None,None,None,None,None,2.454,10.46,4.15,None,None,None,None,None,None,None,0.139,None,None,2025-10-29,quarterly,3.88,USD,pre-market,None,5558900000,0.114,0.372,0.055,94.06,None,2117000000,932700000,156500000,407.83,413.59,1.8373,11756400000,4248200000,3199700000,5994400000,7508200000,2794700000,10546900000,5762000000,30.04,None,474.0,296.13
2025-12-28,TT,13.07,21051400000.0,30.04,None,1.194,37.51,58900000,None,880600000,880600000,-30800000,-50300000,None,None,None,None,None,None,330700000,341165049,None,7744100000,7744100000,812500000,None,None,1679000000,None,None,195700000,102500000,3.66,0.0093,57400000,57400000,None,0.114,0.07,1414800000,1610500000,3.81,2009-03-31,26.53,None,7667100000.0,2802800000,1270500000,204700000,5231900000,5231900000,None,0,None,1128800000,None,None,None,None,None,-15500000,None,None,None,0.202,40900000,1441000000,1361800000,403300000,1454500000,None,None,None,None,None,None,None,2.454,10.46,4.15,None,None,None,None,None,-1500000,None,0.139,None,None,2025-10-29,quarterly,3.88,USD,pre-market,None,5558900000,0.114,0.372,0.055,94.06,None,2117000000,932700000,156500000,407.83,413.59,1.8373,11756400000,4248200000,3199700000,5994400000,7508200000,2794700000,10546900000,5762000000,30.04,None,474.0,296.13
2025-12-28,TT,13.07,21051400000.0,30.04,None,1.194,37.51,109800000,None,880600000,880600000,-424700000,-95300000,None,None,None,None,None,None,330700000,341165049,None,7744100000,7744100000,812500000,None,None,1679000000,None,None,195700000,123300000,3.66,0.0093,57400000,57400000,None,0.114,0.07,1414800000,1610500000,3.81,2008-12-31,26.53,None,7667100000.0,2802800000,1270500000,204700000,5231900000,5231900000,None,0,None,1128800000,None,None,None,None,None,-3290200000,None,None,None,0.202,355700000,1441000000,1361800000,403300000,1454500000,None,None,None,None,None,None,None,2.454,10.46,4.15,None,None,None,None,None,None,None,0.139,None,None,2025-10-29,quarterly,3.88,USD,pre-market,None,5558900000,0.114,0.372,0.055,94.06,None,2117000000,932700000,156500000,407.83,413.59,1.8373,11756400000,4248200000,3199700000,5994400000,7508200000,2794700000,10546900000,5762000000,30.04,None,474.0,296.13
2025-12-28,TT,13.07,21051400000.0,30.04,None,1.194,37.51,91500000,None,880600000,880600000,-482200000,-34500000,None,None,None,None,None,None,330700000,341165049,None,7744100000,7744100000,812500000,None,None,1679000000,None,None,195700000,202600000,3.66,0.0093,57300000,57300000,None,0.114,0.07,1414800000,1610500000,3.81,2008-09-30,26.53,None,7667100000.0,2802800000,1270500000,204700000,5231900000,5231900000,None,0,None,1128800000,None,None,None,None,None,227700000,None,None,None,0.202,500500000,1441000000,1361800000,403300000,1454500000,None,None,None,None,None,None,None,2.454,10.46,4.15,None,None,None,None,None,None,None,0.139,None,None,2025-10-29,quarterly,3.88,USD,pre-market,None,5558900000,0.114,0.372,0.055,94.06,None,2117000000,932700000,156500000,407.83,413.59,1.8373,11756400000,4248200000,3199700000,5994400000,7508200000,2794700000,10546900000,5762000000,30.04,None,474.0,296.13
2025-12-28,TT,13.07,21051400000.0,30.04,None,1.194,37.51,67300000,None,880600000,880600000,3697700000,-7124600000,None,None,None,None,None,None,330700000,341165049,None,7744100000,7744100000,812500000,None,None,1679000000,None,None,195700000,89100000,3.66,0.0093,49100000,49100000,None,0.114,0.07,1414800000,1610500000,3.81,2008-06-30,26.53,None,7667100000.0,2802800000,1270500000,204700000,5231900000,5231900000,None,0,None,1128800000,None,None,None,None,None,256100000,None,None,None,0.202,160400000,1441000000,1361800000,403300000,1454500000,None,None,None,None,None,None,None,2.454,10.46,4.15,None,None,None,None,None,None,None,0.139,None,None,2025-10-29,quarterly,3.88,USD,pre-market,None,5558900000,0.114,0.372,0.055,94.06,None,2117000000,932700000,156500000,407.83,413.59,1.8373,11756400000,4248200000,3199700000,5994400000,7508200000,2794700000,10546900000,5762000000,30.04,None,474.0,296.13
2025-12-28,TT,13.07,21051400000.0,30.04,None,1.194,37.51,37400000,None,880600000,880600000,-12700000,-52000000,None,None,None,None,None,None,330700000,341165049,None,7744100000,7744100000,812500000,None,None,1679000000,None,None,195700000,38100000,3.66,0.0093,49100000,49100000,None,0.114,0.07,1414800000,1610500000,3.81,2008-03-31,26.53,None,7667100000.0,2802800000,1270500000,204700000,5231900000,5231900000,None,0,None,1128800000,None,None,None,None,None,181600000,None,None,None,0.202,-685700000,1441000000,1361800000,403300000,1454500000,None,None,None,None,None,None,None,2.454,10.46,4.15,None,None,None,None,None,None,None,0.139,None,None,2025-10-29,quarterly,3.88,USD,pre-market,None,5558900000,0.114,0.372,0.055,94.06,None,2117000000,932700000,156500000,407.83,413.59,1.8373,11756400000,4248200000,3199700000,5994400000,7508200000,2794700000,10546900000,5762000000,30.04,None,474.0,296.13
2025-12-28,TT,13.07,21051400000.0,30.04,None,1.194,37.51,31200000,None,880600000,880600000,-1004400000,4827300000,None,None,None,None,None,None,330700000,341165049,None,7744100000,7744100000,812500000,None,None,1679000000,None,None,195700000,39800000,3.66,0.0093,48900000,48900000,None,0.114,0.07,1414800000,1610500000,3.81,2007-12-31,26.53,None,7667100000.0,2802800000,1270500000,204700000,5231900000,5231900000,None,0,None,1128800000,None,None,None,None,None,2518500000,None,None,None,0.202,439300000,1441000000,1361800000,403300000,1454500000,None,None,None,None,None,None,None,2.454,10.46,4.15,None,None,None,None,None,-59300000,None,0.139,None,None,2025-10-29,quarterly,3.88,USD,pre-market,None,5558900000,0.114,0.372,0.055,94.06,None,2117000000,932700000,156500000,407.83,413.59,1.8373,11756400000,4248200000,3199700000,5994400000,7508200000,2794700000,10546900000,5762000000,30.04,None,474.0,296.13
2025-12-28,TT,13.07,21051400000.0,30.04,None,1.194,37.51,30700000,None,880600000,880600000,-330000000,-41100000,None,None,None,None,None,None,330700000,341165049,None,7744100000,7744100000,812500000,None,None,1679000000,None,None,195700000,28400000,3.66,0.0093,51300000,51300000,None,0.114,0.07,1414800000,1610500000,3.81,2007-09-30,26.53,None,7667100000.0,2802800000,1270500000,204700000,5231900000,5231900000,None,0,None,1128800000,None,None,None,None,None,266600000,None,None,None,0.202,258600000,1441000000,1361800000,403300000,1454500000,None,None,None,None,None,None,None,2.454,10.46,4.15,None,None,None,None,None,-1094100000,None,0.139,None,None,2025-10-29,quarterly,3.88,USD,pre-market,None,5558900000,0.114,0.372,0.055,94.06,None,2117000000,932700000,156500000,407.83,413.59,1.8373,11756400000,4248200000,3199700000,5994400000,7508200000,2794700000,10546900000,5762000000,30.04,None,474.0,296.13
2025-12-28,TT,13.07,21051400000.0,30.04,None,1.194,37.51,10800000,None,880600000,880600000,-1186700000,1265800000,None,None,None,None,None,None,330700000,341165049,None,7744100000,7744100000,812500000,None,None,1679000000,None,None,195700000,27000000,3.66,0.0093,54300000,54300000,None,0.114,0.07,1414800000,1610500000,3.81,2007-06-30,26.53,None,7667100000.0,2802800000,1270500000,204700000,5231900000,5231900000,None,0,None,1128800000,None,None,None,None,None,964100000,None,None,None,0.202,152400000,1441000000,1361800000,403300000,1454500000,None,None,None,None,None,None,None,2.454,10.46,4.15,None,None,None,None,None,-712900000,None,0.139,None,None,2025-10-29,quarterly,3.88,USD,pre-market,None,5558900000,0.114,0.372,0.055,94.06,None,2117000000,932700000,156500000,407.83,413.59,1.8373,11756400000,4248200000,3199700000,5994400000,7508200000,2794700000,10546900000,5762000000,30.04,None,474.0,296.13
2025-12-28,TT,13.07,21051400000.0,30.04,None,1.194,37.51,47000000,None,880600000,880600000,-42000000,-57300000,None,None,None,None,None,None,330700000,341165049,None,7744100000,7744100000,812500000,None,None,1679000000,None,None,195700000,43600000,3.66,0.0093,55300000,55300000,None,0.114,0.07,1414800000,1610500000,3.81,2007-03-31,26.53,None,7667100000.0,2802800000,1270500000,204700000,5231900000,5231900000,None,0,None,1128800000,None,None,None,None,None,217500000,None,None,None,0.202,45800000,1441000000,1361800000,403300000,1454500000,None,None,None,None,None,None,None,2.454,10.46,4.15,None,None,None,None,None,-133600000,None,0.139,None,None,2025-10-29,quarterly,3.88,USD,pre-market,None,5558900000,0.114,0.372,0.055,94.06,None,2117000000,932700000,156500000,407.83,413.59,1.8373,11756400000,4248200000,3199700000,5994400000,7508200000,2794700000,10546900000,5762000000,30.04,None,474.0,296.13
2025-12-28,TT,13.07,21051400000.0,30.04,None,1.194,37.51,65900000,None,880600000,880600000,-241000000,-129600000,None,None,None,None,None,None,330700000,341165049,None,7744100000,7744100000,812500000,None,None,1679000000,None,None,195700000,44900000,3.66,0.0093,55100000,55100000,None,0.114,0.07,1414800000,1610500000,3.81,2006-12-31,26.53,None,7667100000.0,2802800000,1270500000,204700000,5231900000,5231900000,None,0,None,1128800000,None,None,None,None,None,221900000,None,None,None,0.202,458500000,1441000000,1361800000,403300000,1454500000,None,None,None,None,None,None,None,2.454,10.46,4.15,None,None,None,None,None,-102300000,None,0.139,None,None,2025-10-29,quarterly,3.88,USD,pre-market,None,5558900000,0.114,0.372,0.055,94.06,None,2117000000,932700000,156500000,407.83,413.59,1.8373,11756400000,4248200000,3199700000,5994400000,7508200000,2794700000,10546900000,5762000000,30.04,None,474.0,296.13
2025-12-28,TT,13.07,21051400000.0,30.04,None,1.194,37.51,55500000,None,880600000,880600000,-224100000,-69300000,None,None,None,None,None,None,330700000,341165049,None,7744100000,7744100000,812500000,None,None,1679000000,None,None,195700000,49300000,3.66,0.0093,57500000,57500000,None,0.114,0.07,1414800000,1610500000,3.81,2006-09-30,26.53,None,7667100000.0,2802800000,1270500000,204700000,5231900000,5231900000,None,0,None,1128800000,None,None,None,None,None,243900000,None,None,None,0.202,297600000,1441000000,1361800000,403300000,1454500000,None,None,None,None,None,None,None,2.454,10.46,4.15,None,None,None,None,None,-610300000,None,0.139,None,None,2025-10-29,quarterly,3.88,USD,pre-market,None,5558900000,0.114,0.372,0.055,94.06,None,2117000000,932700000,156500000,407.83,413.59,1.8373,11756400000,4248200000,3199700000,5994400000,7508200000,2794700000,10546900000,5762000000,30.04,None,474.0,296.13
2025-12-28,TT,13.07,21051400000.0,30.04,None,1.194,37.51,56800000,None,880600000,880600000,-709800000,-13400000,None,None,None,None,None,None,330700000,341165049,None,7744100000,7744100000,812500000,None,None,1679000000,None,None,195700000,48100000,3.66,0.0093,52700000,52700000,None,0.114,0.07,1414800000,1610500000,3.81,2006-06-30,26.53,None,7667100000.0,2802800000,1270500000,204700000,5231900000,5231900000,None,0,None,1128800000,None,None,None,None,None,313500000,None,None,None,0.202,193000000,1441000000,1361800000,403300000,1454500000,None,None,None,None,None,None,None,2.454,10.46,4.15,None,None,None,None,None,-220200000,None,0.139,None,None,2025-10-29,quarterly,3.88,USD,pre-market,None,5558900000,0.114,0.372,0.055,94.06,None,2117000000,932700000,156500000,407.83,413.59,1.8373,11756400000,4248200000,3199700000,5994400000,7508200000,2794700000,10546900000,5762000000,30.04,None,474.0,296.13
2025-12-28,TT,13.07,21051400000.0,30.04,None,1.194,37.51,34100000,None,880600000,880600000,-183800000,51100000,None,None,None,None,None,None,330700000,341165049,None,7744100000,7744100000,812500000,None,None,1679000000,None,None,195700000,48400000,3.66,0.0093,52300000,52300000,None,0.114,0.07,1414800000,1610500000,3.81,2006-03-31,26.53,None,7667100000.0,2802800000,1270500000,204700000,5231900000,5231900000,None,0,None,1128800000,None,None,None,None,None,253200000,None,None,None,0.202,23100000,1441000000,1361800000,403300000,1454500000,None,None,None,None,None,None,None,2.454,10.46,4.15,None,None,None,None,None,-163500000,None,0.139,None,None,2025-10-29,quarterly,3.88,USD,pre-market,None,5558900000,0.114,0.372,0.055,94.06,None,2117000000,932700000,156500000,407.83,413.59,1.8373,11756400000,4248200000,3199700000,5994400000,7508200000,2794700000,10546900000,5762000000,30.04,None,474.0,296.13
2025-12-28,TT,13.07,21051400000.0,30.04,None,1.194,37.51,30300000,None,880600000,880600000,-243800000,-19500000,None,None,None,None,None,None,330700000,341165049,None,7744100000,7744100000,812500000,None,None,1679000000,None,None,195700000,51600000,3.66,0.0093,52900000,52900000,None,0.114,0.07,1414800000,1610500000,3.81,2005-12-31,26.53,None,7667100000.0,2802800000,1270500000,204700000,5231900000,5231900000,None,0,None,1128800000,None,None,None,None,None,272900000,None,None,None,0.202,386400000,1441000000,1361800000,403300000,1454500000,None,None,None,None,None,None,None,2.454,10.46,4.15,None,None,None,None,None,-139800000,None,0.139,None,None,2025-10-29,quarterly,3.88,USD,pre-market,None,5558900000,0.114,0.372,0.055,94.06,None,2117000000,932700000,156500000,407.83,413.59,1.8373,11756400000,4248200000,3199700000,5994400000,7508200000,2794700000,10546900000,5762000000,30.04,None,474.0,296.13
2025-12-28,TT,13.07,21051400000.0,30.04,None,1.194,37.51,23300000,None,880600000,880600000,-201500000,-269200000,None,None,None,None,None,None,330700000,341165049,None,7744100000,7744100000,812500000,None,None,1679000000,None,None,195700000,46100000,3.66,0.0093,53900000,53900000,None,0.114,0.07,1414800000,1610500000,3.81,2005-09-30,26.53,None,7667100000.0,2802800000,1270500000,204700000,5231900000,5231900000,None,0,None,1128800000,None,None,None,None,None,256100000,None,None,None,0.202,298300000,1441000000,1361800000,403300000,1454500000,None,None,None,None,None,None,None,2.454,10.46,4.15,None,None,None,None,None,-155500000,None,0.139,None,None,2025-10-29,quarterly,3.88,USD,pre-market,None,5558900000,0.114,0.372,0.055,94.06,None,2117000000,932700000,156500000,407.83,413.59,1.8373,11756400000,4248200000,3199700000,5994400000,7508200000,2794700000,10546900000,5762000000,30.04,None,474.0,296.13
2025-12-28,TT,13.07,21051400000.0,30.04,None,1.194,37.51,370600000,None,880600000,880600000,-2020600000,-562900000,None,None,162500000,None,None,None,330700000,341165049,None,7744100000,7744100000,812500000,None,None,1679000000,None,None,195700000,379400000,3.66,0.0093,757500000,757500000,None,0.114,0.07,1414800000,1610500000,3.81,2024-12-31,26.53,None,7667100000.0,2802800000,1270500000,204700000,5231900000,5231900000,None,0,None,1128800000,None,None,None,None,None,2567900000,None,None,None,0.202,3145600000,1441000000,1361800000,403300000,1454500000,None,None,None,None,None,None,None,2.454,10.46,4.15,None,None,None,None,None,-1280800000,None,0.139,None,None,2025-10-29,annual,3.88,USD,pre-market,None,5558900000,0.114,0.372,0.055,94.06,None,2117000000,932700000,156500000,407.83,413.59,1.8373,11756400000,4248200000,3199700000,5994400000,7508200000,2794700000,10546900000,5762000000,30.04,None,474.0,296.13
2025-12-28,TT,13.07,21051400000.0,30.04,None,1.194,37.51,300700000,None,880600000,880600000,-1350300000,-1172200000,None,None,-96400000,None,None,None,330700000,341165049,None,7744100000,7744100000,812500000,None,None,1679000000,None,None,195700000,348100000,3.66,0.0093,683700000,683700000,None,0.114,0.07,1414800000,1610500000,3.81,2023-12-31,26.53,None,7667100000.0,2802800000,1270500000,204700000,5231900000,5231900000,None,0,None,1128800000,None,None,None,None,None,2068900000,None,None,None,0.202,2389600000,1441000000,1361800000,403300000,1454500000,None,None,None,None,None,None,None,2.454,10.46,4.15,None,None,None,None,None,-669300000,None,0.139,None,None,2025-10-29,annual,3.88,USD,pre-market,None,5558900000,0.114,0.372,0.055,94.06,None,2117000000,932700000,156500000,407.83,413.59,1.8373,11756400000,4248200000,3199700000,5994400000,7508200000,2794700000,10546900000,5762000000,30.04,None,474.0,296.13
2025-12-28,TT,13.07,21051400000.0,30.04,None,1.194,37.51,291800000,None,880600000,880600000,-1852200000,-540400000,None,None,-466700000,None,None,None,330700000,341165049,None,7744100000,7744100000,812500000,None,None,1679000000,None,None,195700000,323600000,3.66,0.0093,620200000,620200000,None,0.114,0.07,1414800000,1610500000,3.81,2022-12-31,26.53,None,7667100000.0,2802800000,1270500000,204700000,5231900000,5231900000,None,0,None,1128800000,None,None,None,None,None,1796200000,None,None,None,0.202,1504000000,1441000000,1361800000,403300000,1454500000,None,None,None,None,None,None,None,2.454,10.46,4.15,None,None,None,None,None,-1200200000,None,0.139,None,None,2025-10-29,annual,3.88,USD,pre-market,None,5558900000,0.114,0.372,0.055,94.06,None,2117000000,932700000,156500000,407.83,413.59,1.8373,11756400000,4248200000,3199700000,5994400000,7508200000,2794700000,10546900000,5762000000,30.04,None,474.0,296.13
2025-12-28,TT,13.07,21051400000.0,30.04,None,1.194,37.51,223000000,None,880600000,880600000,-2127600000,-545700000,None,None,-348800000,None,None,None,330700000,341165049,None,7744100000,7744100000,812500000,None,None,1679000000,None,None,195700000,299400000,3.66,0.0093,561100000,561100000,None,0.114,0.07,1414800000,1610500000,3.81,2021-12-31,26.53,None,7667100000.0,2802800000,1270500000,204700000,5231900000,5231900000,None,0,None,1128800000,None,None,None,None,None,1457200000,None,None,None,0.202,1588300000,1441000000,1361800000,403300000,1454500000,None,None,None,None,None,None,None,2.454,10.46,4.15,None,None,None,None,None,-1100300000,None,0.139,None,None,2025-10-29,annual,3.88,USD,pre-market,None,5558900000,0.114,0.372,0.055,94.06,None,2117000000,932700000,156500000,407.83,413.59,1.8373,11756400000,4248200000,3199700000,5994400000,7508200000,2794700000,10546900000,5762000000,30.04,None,474.0,296.13
2025-12-28,TT,13.07,21051400000.0,30.04,None,1.194,37.51,146200000,None,880600000,880600000,884300000,-376200000,None,None,109000000,None,None,None,330700000,341165049,None,7744100000,7744100000,812500000,None,None,1679000000,None,None,195700000,294300000,3.66,0.0093,507300000,507300000,None,0.114,0.07,1414800000,1610500000,3.81,2020-12-31,26.53,None,7667100000.0,2802800000,1270500000,204700000,5231900000,5231900000,None,0,None,1128800000,None,None,None,None,None,991400000,None,None,None,0.202,1435000000,1441000000,1361800000,403300000,1454500000,None,None,None,None,None,None,None,2.454,10.46,4.15,None,None,None,None,None,-250000000,None,0.139,None,None,2025-10-29,annual,3.88,USD,pre-market,None,5558900000,0.114,0.372,0.055,94.06,None,2117000000,932700000,156500000,407.83,413.59,1.8373,11756400000,4248200000,3199700000,5994400000,7508200000,2794700000,10546900000,5762000000,30.04,None,474.0,296.13
2025-12-28,TT,13.07,21051400000.0,30.04,None,1.194,37.51,254100000,None,880600000,880600000,270500000,-1780000000,None,None,18400000,None,None,None,330700000,341165049,None,7744100000,7744100000,812500000,None,None,1679000000,None,None,195700000,397400000,3.66,0.0093,510100000,510100000,None,0.114,0.07,1414800000,1610500000,3.81,2019-12-31,26.53,None,7667100000.0,2802800000,1270500000,204700000,5231900000,5231900000,None,0,None,1128800000,None,None,None,None,None,1387900000,None,None,None,0.202,1919500000,1441000000,1361800000,403300000,1454500000,None,None,None,None,None,None,None,2.454,10.46,4.15,None,None,None,None,None,-750100000,None,0.139,None,None,2025-10-29,annual,3.88,USD,pre-market,None,5558900000,0.114,0.372,0.055,94.06,None,2117000000,932700000,156500000,407.83,413.59,1.8373,11756400000,4248200000,3199700000,5994400000,7508200000,2794700000,10546900000,5762000000,30.04,None,474.0,296.13
2025-12-28,TT,13.07,21051400000.0,30.04,None,1.194,37.51,365600000,None,880600000,880600000,-1378800000,-629400000,None,None,-169900000,None,None,None,330700000,341165049,None,7744100000,7744100000,812500000,None,None,1679000000,None,None,195700000,282300000,3.66,0.0093,479500000,479500000,None,0.114,0.07,1414800000,1610500000,3.81,2018-12-31,26.53,None,7667100000.0,2802800000,1270500000,204700000,5231900000,5231900000,None,0,None,1128800000,None,None,None,None,None,1337600000,None,None,None,0.202,1407800000,1441000000,1361800000,403300000,1454500000,None,None,None,None,None,None,None,2.454,10.46,4.15,None,None,None,None,None,-900200000,None,0.139,None,None,2025-10-29,annual,3.88,USD,pre-market,None,5558900000,0.114,0.372,0.055,94.06,None,2117000000,932700000,156500000,407.83,413.59,1.8373,11756400000,4248200000,3199700000,5994400000,7508200000,2794700000,10546900000,5762000000,30.04,None,474.0,296.13
2025-12-28,TT,13.07,21051400000.0,30.04,None,1.194,37.51,221300000,None,880600000,880600000,-1432500000,-374700000,None,None,-112400000,None,None,None,330700000,341165049,None,7744100000,7744100000,812500000,None,None,1679000000,None,None,195700000,353300000,3.66,0.0093,430100000,430100000,None,0.114,0.07,1414800000,1610500000,3.81,2017-12-31,26.53,None,7667100000.0,2802800000,1270500000,204700000,5231900000,5231900000,None,0,None,1128800000,None,None,None,None,None,1302600000,None,None,None,0.202,1523500000,1441000000,1361800000,403300000,1454500000,None,None,None,None,None,None,None,2.454,10.46,4.15,None,None,None,None,None,-1016900000,None,0.139,None,None,2025-10-29,annual,3.88,USD,pre-market,None,5558900000,0.114,0.372,0.055,94.06,None,2117000000,932700000,156500000,407.83,413.59,1.8373,11756400000,4248200000,3199700000,5994400000,7508200000,2794700000,10546900000,5762000000,30.04,None,474.0,296.13
2025-12-28,TT,13.07,21051400000.0,30.04,None,1.194,37.51,182700000,None,880600000,880600000,-705200000,240100000,None,None,26800000,None,None,None,330700000,341165049,None,7744100000,7744100000,812500000,None,None,1679000000,None,None,195700000,352200000,3.66,0.0093,348600000,348600000,None,0.114,0.07,1414800000,1610500000,3.81,2016-12-31,26.53,None,7667100000.0,2802800000,1270500000,204700000,5231900000,5231900000,None,0,None,1128800000,None,None,None,None,None,1476200000,None,None,None,0.202,1521900000,1441000000,1361800000,403300000,1454500000,None,None,None,None,None,None,None,2.454,10.46,4.15,None,None,None,None,None,-250100000,None,0.139,None,None,2025-10-29,annual,3.88,USD,pre-market,None,5558900000,0.114,0.372,0.055,94.06,None,2117000000,932700000,156500000,407.83,413.59,1.8373,11756400000,4248200000,3199700000,5994400000,7508200000,2794700000,10546900000,5762000000,30.04,None,474.0,296.13
2025-12-28,TT,13.07,21051400000.0,30.04,None,1.194,37.51,249600000,None,880600000,880600000,-490300000,-1192900000,None,None,-6300000,None,None,None,330700000,341165049,None,7744100000,7744100000,812500000,None,None,1679000000,None,None,195700000,364100000,3.66,0.0093,303300000,303300000,None,0.114,0.07,1414800000,1610500000,3.81,2015-12-31,26.53,None,7667100000.0,2802800000,1270500000,204700000,5231900000,5231900000,None,0,None,1128800000,None,None,None,None,None,707100000,None,None,None,0.202,888400000,1441000000,1361800000,403300000,1454500000,None,None,None,None,None,None,None,2.454,10.46,4.15,None,None,None,None,None,-250100000,None,0.139,None,None,2025-10-29,annual,3.88,USD,pre-market,None,5558900000,0.114,0.372,0.055,94.06,None,2117000000,932700000,156500000,407.83,413.59,1.8373,11756400000,4248200000,3199700000,5994400000,7508200000,2794700000,10546900000,5762000000,30.04,None,474.0,296.13
2025-12-28,TT,13.07,21051400000.0,30.04,None,1.194,37.51,233500000,None,880600000,880600000,-859500000,-197000000,None,None,-230000000,None,None,None,330700000,341165049,None,7744100000,7744100000,812500000,None,None,1679000000,None,None,195700000,332400000,3.66,0.0093,264700000,264700000,None,0.114,0.07,1414800000,1610500000,3.81,2014-12-31,26.53,None,7667100000.0,2802800000,1270500000,204700000,5231900000,5231900000,None,0,None,1128800000,None,None,None,None,None,897000000,None,None,None,0.202,973200000,1441000000,1361800000,403300000,1454500000,None,None,None,None,None,None,None,2.454,10.46,4.15,None,None,None,None,None,-1374900000,None,0.139,None,None,2025-10-29,annual,3.88,USD,pre-market,None,5558900000,0.114,0.372,0.055,94.06,None,2117000000,932700000,156500000,407.83,413.59,1.8373,11756400000,4248200000,3199700000,5994400000,7508200000,2794700000,10546900000,5762000000,30.04,None,474.0,296.13
2025-12-28,TT,13.07,21051400000.0,30.04,None,1.194,37.51,242200000,None,880600000,880600000,346600000,-215400000,None,None,-39400000,None,None,None,330700000,341165049,None,7744100000,7744100000,812500000,None,None,1679000000,None,None,195700000,333700000,3.66,0.0093,245500000,245500000,None,0.114,0.07,1414800000,1610500000,3.81,2013-12-31,26.53,None,7667100000.0,2802800000,1270500000,204700000,5231900000,5231900000,None,0,None,1128800000,None,None,None,None,None,640600000,None,None,None,0.202,1170400000,1441000000,1361800000,403300000,1454500000,None,None,None,None,None,None,None,2.454,10.46,4.15,None,None,None,None,None,-1213200000,None,0.139,None,None,2025-10-29,annual,3.88,USD,pre-market,None,5558900000,0.114,0.372,0.055,94.06,None,2117000000,932700000,156500000,407.83,413.59,1.8373,11756400000,4248200000,3199700000,5994400000,7508200000,2794700000,10546900000,5762000000,30.04,None,474.0,296.13
2025-12-28,TT,13.07,21051400000.0,30.04,None,1.194,37.51,262600000,None,880600000,880600000,-1303900000,-146400000,None,None,-25300000,None,None,None,330700000,341165049,None,7744100000,7744100000,812500000,None,None,1679000000,None,None,195700000,375500000,3.66,0.0093,213100000,213100000,None,0.114,0.07,1414800000,1610500000,3.81,2012-12-31,26.53,None,7667100000.0,2802800000,1270500000,204700000,5231900000,5231900000,None,0,None,1128800000,None,None,None,None,None,1049700000,None,None,None,0.202,1180900000,1441000000,1361800000,403300000,1454500000,None,None,None,None,None,None,None,2.454,10.46,4.15,None,None,None,None,None,-839800000,None,0.139,None,None,2025-10-29,annual,3.88,USD,pre-market,None,5558900000,0.114,0.372,0.055,94.06,None,2117000000,932700000,156500000,407.83,413.59,1.8373,11756400000,4248200000,3199700000,5994400000,7508200000,2794700000,10546900000,5762000000,30.04,None,474.0,296.13
2025-12-28,TT,13.07,21051400000.0,30.04,None,1.194,37.51,242900000,None,880600000,880600000,-1246400000,207500000,None,None,-14300000,None,None,None,330700000,341165049,None,7744100000,7744100000,812500000,None,None,1679000000,None,None,195700000,402700000,3.66,0.0093,137300000,137300000,None,0.114,0.07,1414800000,1610500000,3.81,2011-12-31,26.53,None,7667100000.0,2802800000,1270500000,204700000,5231900000,5231900000,None,0,None,1128800000,None,None,None,None,None,426100000,None,None,None,0.202,1186800000,1441000000,1361800000,403300000,1454500000,None,None,None,None,None,None,None,2.454,10.46,4.15,None,None,None,None,None,-1157500000,None,0.139,None,None,2025-10-29,annual,3.88,USD,pre-market,None,5558900000,0.114,0.372,0.055,94.06,None,2117000000,932700000,156500000,407.83,413.59,1.8373,11756400000,4248200000,3199700000,5994400000,7508200000,2794700000,10546900000,5762000000,30.04,None,474.0,296.13
2025-12-28,TT,13.07,21051400000.0,30.04,None,1.194,37.51,179500000,None,880600000,880600000,-403700000,-178600000,None,None,-219000000,None,None,None,330700000,341165049,None,7744100000,7744100000,812500000,None,None,1679000000,None,None,195700000,437100000,3.66,0.0093,110900000,110900000,None,0.114,0.07,1414800000,1610500000,3.81,2010-12-31,26.53,None,7667100000.0,2802800000,1270500000,204700000,5231900000,5231900000,None,0,None,1128800000,None,None,None,None,None,781800000,None,None,None,0.202,695400000,1441000000,1361800000,403300000,1454500000,None,None,None,None,None,None,None,2.454,10.46,4.15,None,None,None,None,None,-99900000,None,0.139,None,None,2025-10-29,annual,3.88,USD,pre-market,None,5558900000,0.114,0.372,0.055,94.06,None,2117000000,932700000,156500000,407.83,413.59,1.8373,11756400000,4248200000,3199700000,5994400000,7508200000,2794700000,10546900000,5762000000,30.04,None,474.0,296.13
2025-12-28,TT,13.07,21051400000.0,30.04,None,1.194,37.51,204200000,None,880600000,880600000,-1208100000,-182700000,None,None,430800000,None,None,None,330700000,341165049,None,7744100000,7744100000,812500000,None,None,1679000000,None,None,195700000,424900000,3.66,0.0093,181000000,181000000,None,0.114,0.07,1414800000,1610500000,3.81,2009-12-31,26.53,None,7667100000.0,2802800000,1270500000,204700000,5231900000,5231900000,None,0,None,1128800000,None,None,None,None,None,487800000,None,None,None,0.202,1734600000,1441000000,1361800000,403300000,1454500000,None,None,None,None,None,None,None,2.454,10.46,4.15,None,None,None,None,None,None,None,0.139,None,None,2025-10-29,annual,3.88,USD,pre-market,None,5558900000,0.114,0.372,0.055,94.06,None,2117000000,932700000,156500000,407.83,413.59,1.8373,11756400000,4248200000,3199700000,5994400000,7508200000,2794700000,10546900000,5762000000,30.04,None,474.0,296.13
2025-12-28,TT,13.07,21051400000.0,30.04,None,1.194,37.51,306000000,None,880600000,880600000,2778100000,-7306400000,None,None,120700000,None,None,None,330700000,341165049,None,7744100000,7744100000,812500000,None,None,1679000000,None,None,195700000,453100000,3.66,0.0093,212900000,212900000,None,0.114,0.07,1414800000,1610500000,3.81,2008-12-31,26.53,None,7667100000.0,2802800000,1270500000,204700000,5231900000,5231900000,None,0,None,1128800000,None,None,None,None,None,-2547400000,None,None,None,0.202,330900000,1441000000,1361800000,403300000,1454500000,None,None,None,None,None,None,None,2.454,10.46,4.15,None,None,None,None,None,-2000000,None,0.139,None,None,2025-10-29,annual,3.88,USD,pre-market,None,5558900000,0.114,0.372,0.055,94.06,None,2117000000,932700000,156500000,407.83,413.59,1.8373,11756400000,4248200000,3199700000,5994400000,7508200000,2794700000,10546900000,5762000000,30.04,None,474.0,296.13
2025-12-28,TT,13.07,21051400000.0,30.04,None,1.194,37.51,119700000,None,880600000,880600000,-2563100000,5994700000,None,None,75400000,None,None,None,330700000,341165049,None,7744100000,7744100000,812500000,None,None,1679000000,None,None,195700000,138800000,3.66,0.0093,209800000,209800000,None,0.114,0.07,1414800000,1610500000,3.81,2007-12-31,26.53,None,7667100000.0,2802800000,1270500000,204700000,5231900000,5231900000,None,0,None,1128800000,None,None,None,None,None,733100000,None,None,None,0.202,896100000,1441000000,1361800000,403300000,1454500000,None,None,None,None,None,None,None,2.454,10.46,4.15,None,None,None,None,None,-1999900000,None,0.139,None,None,2025-10-29,annual,3.88,USD,pre-market,None,5558900000,0.114,0.372,0.055,94.06,None,2117000000,932700000,156500000,407.83,413.59,1.8373,11756400000,4248200000,3199700000,5994400000,7508200000,2794700000,10546900000,5762000000,30.04,None,474.0,296.13
2025-12-28,TT,13.07,21051400000.0,30.04,None,1.194,37.51,212300000,None,880600000,880600000,-1358700000,-161200000,None,None,-116100000,None,None,None,330700000,341165049,None,7744100000,7744100000,812500000,None,None,1679000000,None,None,195700000,190700000,3.66,0.0093,217600000,217600000,None,0.114,0.07,1414800000,1610500000,3.81,2006-12-31,26.53,None,7667100000.0,2802800000,1270500000,204700000,5231900000,5231900000,None,0,None,1128800000,None,None,None,None,None,1032500000,None,None,None,0.202,972200000,1441000000,1361800000,403300000,1454500000,None,None,None,None,None,None,None,2.454,10.46,4.15,None,None,None,None,None,-1096300000,None,0.139,None,None,2025-10-29,annual,3.88,USD,pre-market,None,5558900000,0.114,0.372,0.055,94.06,None,2117000000,932700000,156500000,407.83,413.59,1.8373,11756400000,4248200000,3199700000,5994400000,7508200000,2794700000,10546900000,5762000000,30.04,None,474.0,296.13
2025-12-28,TT,13.07,21051400000.0,30.04,None,1.194,37.51,111800000,None,880600000,880600000,-875700000,-741700000,None,None,600000,None,None,None,330700000,341165049,None,7744100000,7744100000,812500000,None,None,1679000000,None,None,195700000,195700000,3.66,0.0093,192100000,192100000,None,0.114,0.07,1414800000,1610500000,3.81,2005-12-31,26.53,None,7667100000.0,2802800000,1270500000,204700000,5231900000,5231900000,None,0,None,1128800000,None,None,None,None,None,1053100000,None,None,None,0.202,809100000,1441000000,1361800000,403300000,1454500000,None,None,None,None,None,None,None,2.454,10.46,4.15,None,None,None,None,None,-837200000,None,0.139,None,None,2025-10-29,annual,3.88,USD,pre-market,None,5558900000,0.114,0.372,0.055,94.06,None,2117000000,932700000,156500000,407.83,413.59,1.8373,11756400000,4248200000,3199700000,5994400000,7508200000,2794700000,10546900000,5762000000,30.04,None,474.0,296.13
