date,symbol,eps,revenue_ttm,pe_ratio,accumulateddepreciationamortizationppe,beta,book_value,capitalexpenditures,capitalleaseobligations,cashandcashequivalentsatcarryingvalue,cashandshortterminvestments,cashflowfromfinancing,cashflowfrominvestment,changeincashandcashequivalents,changeinexchangerate,changeininventory,changeinoperatingassets,changeinoperatingliabilities,changeinreceivables,commonstock,commonstocksharesoutstanding,comprehensiveincomenetoftax,costofgoodsandservicessold,costofrevenue,currentaccountspayable,currentdebt,currentlongtermdebt,currentnetreceivables,deferredrevenue,depreciation,depreciationandamortization,depreciationdepletionandamortization,dividendpayout,dividendpayoutcommonstock,dividendpayoutpreferredstock,earnings_growth_yoy,earnings_surprise,ebit,ebitda,estimated_eps,fiscaldateending,forward_pe,goodwill,gross_profit_ttm,grossprofit,incomebeforetax,incometaxexpense,intangibleassets,intangibleassetsexcludinggoodwill,interestanddebtexpense,interestexpense,interestincome,inventory,investmentincomenet,investments,longtermdebt,longtermdebtnoncurrent,longterminvestments,netincome,netincomefromcontinuingoperations,netinterestincome,noninterestincome,operating_margin_ttm,operatingcashflow,operatingexpenses,operatingincome,othercurrentassets,othercurrentliabilities,othernoncurrentassets,othernoncurrentliabilities,othernonoperatingincome,paymentsforoperatingactivities,paymentsforrepurchaseofcommonstock,paymentsforrepurchaseofequity,paymentsforrepurchaseofpreferredstock,peg_ratio,price_to_book,price_to_sales_ttm,proceedsfromissuanceofcommonstock,proceedsfromissuanceoflongtermdebtandcapitalsecuritiesnet,proceedsfromissuanceofpreferredstock,proceedsfromoperatingactivities,proceedsfromrepaymentsofshorttermdebt,proceedsfromrepurchaseofequity,proceedsfromsaleoftreasurystock,profit_margin,profitloss,propertyplantequipment,report_date,report_type,reported_eps,reportedcurrency,reporttime,researchanddevelopment,retainedearnings,return_on_assets_ttm,return_on_equity_ttm,revenue_growth_yoy,revenue_per_share_ttm,sellinggeneralandadministrative,shortlongtermdebttotal,shorttermdebt,shortterminvestments,sma_200,sma_50,surprise_pct,totalassets,totalcurrentassets,totalcurrentliabilities,totalliabilities,totalnoncurrentassets,totalnoncurrentliabilities,totalrevenue,totalshareholderequity,trailing_pe,treasurystock,week_52_high,week_52_low
2018-12-31,UBER,,,,,,,,,,,,,,,,,,,,,,,,,,,,,,,,,,,,-1.86,,,0.0,,,,,,,,,,,,,,,,,,,,,,,,,,,,,,,,,,,,,,,,,,,,,,,,,2019-02-15,,-1.86,,post-market,,,,,,,,,,,,,,,,,,,,,,,,,
2019-03-31,UBER,,,,,,,,,,,,,,,,,,,,,,,,,,,,,,,,,,,,0.03,,,-2.26,,,,,,,,,,,,,,,,,,,,,,,,,,,,,,,,,,,,,,,,,,,,,,,,,2019-05-30,,-2.23,,post-market,,,,,,,,,,,,,1.3274,,,,,,,,,,,,
2019-06-30,UBER,,,,,,,,,,,,,,,,,,,,,,,,,,,,,,,,,,,,-1.58,,,-3.19,,,,,,,,,,,,,,,,,,,,,,,,,,,,,,,,,,,,,,,,,,,,,,,,,2019-08-08,,-4.77,,post-market,,,,,,,,,,,,,-49.5298,,,,,,,,,,,,
2019-09-30,UBER,,,,,,,,,,,,,,,,,,,,,,,,,,,,,,,,,,,,0.13,,,-0.81,,,,,,,,,,,,,,,,,,,,,,,,,,,,,,,,,,,,,,,,,,,,,,,,,2019-11-04,,-0.68,,post-market,,,,,,,,,,,,,16.0494,,,,,,,,,,,,
2019-12-31,UBER,,,,,,,,,,,,,,,,,,,,,,,,,,,,,,,,,,,,0.04,,,-0.68,,,,,,,,,,,,,,,,,,,,,,,,,,,,,,,,,,,,,,,,,,,,,,,,,2020-02-06,,-0.64,,post-market,,,,,,,,,,,,,5.8824,,,,,,,,,,,,
2020-03-31,UBER,,,,,,,,,,,,,,,,,,,,,,,,,,,,,,,,,,,,0.24,,,-0.88,,,,,,,,,,,,,,,,,,,,,,,,,,,,,,,,,,,,,,,,,,,,,,,,,2020-05-07,,-0.64,,post-market,,,,,,,,,,,,,27.2727,,,,,,,,,,,,
2020-06-30,UBER,,,,,,,,,,,,,,,,,,,,,,,,,,,,,,,,,,,,0.06,,,-0.86,,,,,,,,,,,,,,,,,,,,,,,,,,,,,,,,,,,,,,,,,,,,,,,,,2020-08-06,,-0.8,,post-market,,,,,,,,,,,,,6.9767,,,,,,,,,,,,
2020-09-30,UBER,,,,,,,,,,,,,,,,,,,,,,,,,,,,,,,,,,,,0.03,,,-0.65,,,,,,,,,,,,,,,,,,,,,,,,,,,,,,,,,,,,,,,,,,,,,,,,,2020-11-05,,-0.62,,post-market,,,,,,,,,,,,,4.6154,,,,,,,,,,,,
2020-12-31,UBER,,,,,,,,,,,,,,,,,,,,,,,,,,,,,,,,,,,,0.02,,,-0.56,,,,,,,,,,,,,,,,,,,,,,,,,,,,,,,,,,,,,,,,,,,,,,,,,2021-02-10,,-0.54,,post-market,,,,,,,,,,,,,3.5714,,,,,,,,,,,,
2021-03-31,UBER,,,,,,,,,,,,,,,,,,,,,,,,,,,,,,,,,,,,0.8,,,-0.54,,,,,,,,,,,,,,,,,,,,,,,,,,,,,,,,,,,,,,,,,,,,,,,,,2021-05-05,,0.26,,post-market,,,,,,,,,,,,,148.1481,,,,,,,,,,,,
2021-06-30,UBER,,,,,,,,,,,,,,,,,,,,,,,,,,,,,,,,,,,,0.32,,,-0.51,,,,,,,,,,,,,,,,,,,,,,,,,,,,,,,,,,,,,,,,,,,,,,,,,2021-08-04,,-0.19,,post-market,,,,,,,,,,,,,62.7451,,,,,,,,,,,,
2021-09-30,UBER,,,,,,,,,,,,,,,,,,,,,,,,,,,,,,,,,,,,0.08,,,-0.3,,,,,,,,,,,,,,,,,,,,,,,,,,,,,,,,,,,,,,,,,,,,,,,,,2021-11-04,,-0.22,,post-market,,,,,,,,,,,,,26.6667,,,,,,,,,,,,
2021-12-31,UBER,,,,,,,,,,,,,,,,,,,,,,,,,,,,,,,,,,,,0.09,,,-0.35,,,,,,,,,,,,,,,,,,,,,,,,,,,,,,,,,,,,,,,,,,,,,,,,,2022-02-09,,-0.26,,post-market,,,,,,,,,,,,,25.7143,,,,,,,,,,,,
2022-03-31,UBER,,,,,,,,,,,,,,,,,,,,,,,,,,,,,,,,,,,,0.06,,,-0.24,,,,,,,,,,,,,,,,,,,,,,,,,,,,,,,,,,,,,,,,,,,,,,,,,2022-05-04,,-0.18,,pre-market,,,,,,,,,,,,,25.0,,,,,,,,,,,,
2022-06-30,UBER,,,,,,,,,,,,,,,,,,,,,,,,,,,,,,,,,,,,-1.07,,,-0.26,,,,,,,,,,,,,,,,,,,,,,,,,,,,,,,,,,,,,,,,,,,,,,,,,2022-08-02,,-1.33,,pre-market,,,,,,,,,,,,,-411.5385,,,,,,,,,,,,
2022-09-30,UBER,,,,,,,,,,,,,,,,,,,,,,,,,,,,,,,,,,,,-0.39,,,-0.22,,,,,,,,,,,,,,,,,,,,,,,,,,,,,,,,,,,,,,,,,,,,,,,,,2022-11-01,,-0.61,,pre-market,,,,,,,,,,,,,-177.2727,,,,,,,,,,,,
2022-12-31,UBER,,,,,,,,,,,,,,,,,,,,,,,,,,,,,,,,,,,,0.47,,,-0.18,,,,,,,,,,,,,,,,,,,,,,,,,,,,,,,,,,,,,,,,,,,,,,,,,2023-02-08,,0.29,,pre-market,,,,,,,,,,,,,261.1111,,,,,,,,,,,,
2023-03-31,UBER,,,,,,,,,,,,,,,,,,,,,,,,,,,,,,,,,,,,0.01,,,-0.09,,,,,,,,,,,,,,,,,,,,,,,,,,,,,,,,,,,,,,,,,,,,,,,,,2023-05-02,,-0.08,,pre-market,,,,,,,,,,,,,11.1111,,,,,,,,,,,,
2023-06-30,UBER,,,,,,,,,,,,,,,,,,,,,,,,,,,,,,,,,,,,0.19,,,-0.01,,,,,,,,,,,,,,,,,,,,,,,,,,,,,,,,,,,,,,,,,,,,,,,,,2023-08-01,,0.18,,pre-market,,,,,,,,,,,,,1900.0,,,,,,,,,,,,
2023-09-30,UBER,,,,,,,,,,,,,,,,,,,,,,,,,,,,,,,,,,,,-0.02,,,0.12,,,,,,,,,,,,,,,,,,,,,,,,,,,,,,,,,,,,,,,,,,,,,,,,,2023-11-07,,0.1,,pre-market,,,,,,,,,,,,,-16.6667,,,,,,,,,,,,
2023-12-31,UBER,,,,,,,,,,,,,,,,,,,,,,,,,,,,,,,,,,,,0.49,,,0.17,,,,,,,,,,,,,,,,,,,,,,,,,,,,,,,,,,,,,,,,,,,,,,,,,2024-02-07,,0.66,,pre-market,,,,,,,,,,,,,288.2353,,,,,,,,,,,,
2024-03-31,UBER,,,,,,,,,,,,,,,,,,,,,,,,,,,,,,,,,,,,-0.54,,,0.23,,,,,,,,,,,,,,,,,,,,,,,,,,,,,,,,,,,,,,,,,,,,,,,,,2024-05-08,,-0.31,,pre-market,,,,,,,,,,,,,-234.7826,,,,,,,,,,,,
2024-06-30,UBER,,,,,,,,,,,,,,,,,,,,,,,,,,,,,,,,,,,,0.16,,,0.31,,,,,,,,,,,,,,,,,,,,,,,,,,,,,,,,,,,,,,,,,,,,,,,,,2024-08-06,,0.47,,pre-market,,,,,,,,,,,,,51.6129,,,,,,,,,,,,
2024-09-30,UBER,,,,,,,,,,,,,,,,,,,,,,,,,,,,,,,,,,,,0.8,,,0.4,,,,,,,,,,,,,,,,,,,,,,,,,,,,,,,,,,,,,,,,,,,,,,,,,2024-10-31,,1.2,,pre-market,,,,,,,,,,,,,200.0,,,,,,,,,,,,
2024-12-31,UBER,,,,,,,,,,,,,,,,,,,,,,,,,,,,,,,,,,,,2.73,,,0.48,,,,,,,,,,,,,,,,,,,,,,,,,,,,,,,,,,,,,,,,,,,,,,,,,2025-02-05,,3.21,,pre-market,,,,,,,,,,,,,568.75,,,,,,,,,,,,
2025-03-31,UBER,,,,,,,,,,,,,,,,,,,,,,,,,,,,,,,,,,,,0.33,,,0.5,,,,,,,,,,,,,,,,,,,,,,,,,,,,,,,,,,,,,,,,,,,,,,,,,2025-05-07,,0.83,,pre-market,,,,,,,,,,,,,66.0,,,,,,,,,,,,
2025-06-30,UBER,,,,,,,,,,,,,,,,,,,,,,,,,,,,,,,,,,,,0.004,,,0.626,,,,,,,,,,,,,,,,,,,,,,,,,,,,,,,,,,,,,,,,,,,,,,,,,2025-08-06,,0.63,,pre-market,,,,,,,,,,,,,0.639,,,,,,,,,,,,
2025-09-30,UBER,,,,,,,,,,,,,,,,,,,,,,,,,,,,,,,,,,,,2.42,,,0.69,,,,,,,,,,,,,,,,,,,,,,,,,,,,,,,,,,,,,,,,,,,,,,,,,2025-10-30,,3.11,,pre-market,,,,,,,,,,,,,350.7246,,,,,,,,,,,,
2025-12-28,UBER,7.77,49609998000.0,10.46,,1.192,13.53,,,,,,,,,,,,,,,,,,,,,,,,,,,,,1.585,2.42,,,0.69,,19.46,,16942000000.0,,,,,,,,,,,,,,,,,,,0.0827,,,,,,,,,,,,,4.77,5.99,3.416,,,,,,,,0.335,,,2025-10-30,,3.11,,pre-market,,,0.0516,0.73,0.204,23.7,,,,,87.76,89.43,350.7246,,,,,,,,,10.46,,101.99,60.12
2025-12-28,UBER,7.77,49609998000.0,10.46,,1.192,13.53,,,,,,,,,,,,,,,None,8109000000,8109000000,,,,,,None,188000000,,,,,1.585,2.42,10823999999,11011999999,0.69,2025-09-30,19.46,,16942000000.0,5358000000,10711999999,4045999999,,,None,112000000,193000000,,None,,,,,6626000000,6652000000,81000000,None,0.0827,,4245000000,1113000000,,,,,None,,,,,4.77,5.99,3.416,,,,,,,,0.335,,,2025-10-30,quarterly,3.11,USD,pre-market,862000000,,0.0516,0.73,0.204,23.7,1183000000,,,,87.76,89.43,350.7246,,,,,,,13467000000,,10.46,,101.99,60.12
2025-12-28,UBER,7.77,49609998000.0,10.46,,1.192,13.53,,,,,,,,,,,,,,,None,7611000000,7611000000,,,,,,None,181000000,,,,,1.585,2.42,1612000000,1793000000,0.69,2025-06-30,19.46,,16942000000.0,5040000000,1492000000,142000000,,,None,108000000,181000000,,None,,,,,1355000000,1350000000,73000000,None,0.0827,,3590000000,1450000000,,,,,None,,,,,4.77,5.99,3.416,,,,,,,,0.335,,,2025-10-30,quarterly,3.11,USD,pre-market,840000000,,0.0516,0.73,0.204,23.7,669000000,,,,87.76,89.43,350.7246,,,,,,,12651000000,,10.46,,101.99,60.12
2025-12-28,UBER,7.77,49609998000.0,10.46,,1.192,13.53,,,,,,,,,,,,,,,None,6937000000,6937000000,,,,,,None,178000000,,,,,1.585,2.42,1490000000,1668000000,0.69,2025-03-31,19.46,,16942000000.0,4596000000,1372000000,-402000000,,,None,105000000,169000000,,None,,,,,1776000000,1774000000,64000000,None,0.0827,,3368000000,1228000000,,,,,None,,,,,4.77,5.99,3.416,,,,,,,,0.335,,,2025-10-30,quarterly,3.11,USD,pre-market,815000000,,0.0516,0.73,0.204,23.7,657000000,,,,87.76,89.43,350.7246,,,,,,,11533000000,,10.46,,101.99,60.12
2025-12-28,UBER,7.77,49609998000.0,10.46,,1.192,13.53,,,,,,,,,,,,,,,None,7234000000,7234000000,,,,,,None,176000000,,,,,1.585,2.42,1026000000,1202000000,0.69,2024-12-31,19.46,,16942000000.0,4725000000,899000000,-6002000000,,,None,117000000,191000000,,None,,,,,6883000000,6901000000,74000000,None,0.0827,,3955000000,770000000,,,,,None,,,,,4.77,5.99,3.416,,,,,,,,0.335,,,2025-10-30,quarterly,3.11,USD,pre-market,785000000,,0.0516,0.73,0.204,23.7,1114000000,,,,87.76,89.43,350.7246,,,,,,,11959000000,,10.46,,101.99,60.12
2025-12-28,UBER,7.77,49609998000.0,10.46,,1.192,13.53,,,,,,,,,,,,,,,None,6761000000,6761000000,,,,,,None,186000000,,,,,1.585,2.42,2912000000,3098000000,0.69,2024-09-30,19.46,,16942000000.0,4427000000,2757000000,158000000,,,None,143000000,195000000,,None,,,,,2612000000,2599000000,52000000,None,0.0827,,3366000000,1061000000,,,,,None,,,,,4.77,5.99,3.416,,,,,,,,0.335,,,2025-10-30,quarterly,3.11,USD,pre-market,774000000,,0.0516,0.73,0.204,23.7,630000000,,,,87.76,89.43,350.7246,,,,,,,11188000000,,10.46,,101.99,60.12
2025-12-28,UBER,7.77,49609998000.0,10.46,,1.192,13.53,,,,,,,,,,,,,,,None,6488000000,6488000000,,,,,,None,181000000,,,,,1.585,2.42,1216000000,1397000000,0.69,2024-06-30,19.46,,16942000000.0,4212000000,1065000000,57000000,,,None,139000000,176000000,,None,,,,,1015000000,1008000000,37000000,None,0.0827,,3416000000,796000000,,,,,None,,,,,4.77,5.99,3.416,,,,,,,,0.335,,,2025-10-30,quarterly,3.11,USD,pre-market,760000000,,0.0516,0.73,0.204,23.7,686000000,,,,87.76,89.43,350.7246,,,,,,,10700000000,,10.46,,101.99,60.12
2025-12-28,UBER,7.77,49609998000.0,10.46,,1.192,13.53,,,,,,,,,,,,,,,None,6168000000,6168000000,,,,,,None,194000000,,,,,1.585,2.42,-506000000,-312000000,0.69,2024-03-31,19.46,,16942000000.0,3963000000,-634000000,29000000,,,None,124000000,159000000,,None,,,,,-654000000,-663000000,35000000,None,0.0827,,3791000000,172000000,,,,,None,,,,,4.77,5.99,3.416,,,,,,,,0.335,,,2025-10-30,quarterly,3.11,USD,pre-market,790000000,,0.0516,0.73,0.204,23.7,1209000000,,,,87.76,89.43,350.7246,,,,,,,10131000000,,10.46,,101.99,60.12
2025-12-28,UBER,7.77,49609998000.0,10.46,,1.192,13.53,,,,,,,,,,,,,,,None,6057000000,6057000000,,,,,,None,203000000,,,,,1.585,2.42,1983000000,2186000000,0.69,2023-12-31,19.46,,16942000000.0,3879000000,1833000000,133000000,,,None,155000000,160000000,,None,,,,,1429000000,1700000000,5000000,None,0.0827,,3227000000,652000000,,,,,None,,,,,4.77,5.99,3.416,,,,,,,,0.335,,,2025-10-30,quarterly,3.11,USD,pre-market,784000000,,0.0516,0.73,0.204,23.7,603000000,,,,87.76,89.43,350.7246,,,,,,,9936000000,,10.46,,101.99,60.12
2025-12-28,UBER,7.77,49609998000.0,10.46,,1.192,13.53,,,,,,,,,,,,,,,None,5626000000,5626000000,,,,,,None,205000000,,,,,1.585,2.42,342000000,547000000,0.69,2023-09-30,19.46,,16942000000.0,3666000000,179000000,-40000000,,,None,166000000,166000000,,None,,,,,221000000,219000000,-36000000,None,0.0827,,3272000000,394000000,,,,,None,,,,,4.77,5.99,3.416,,,,,,,,0.335,,,2025-10-30,quarterly,3.11,USD,pre-market,797000000,,0.0516,0.73,0.204,23.7,646000000,,,,87.76,89.43,350.7246,,,,,,,9292000000,,10.46,,101.99,60.12
2025-12-28,UBER,7.77,49609998000.0,10.46,,1.192,13.53,,,,,,,,,,,,,,,None,5515000000,5515000000,,,,,,None,208000000,,,,,1.585,2.42,599000000,807000000,0.69,2023-06-30,19.46,,16942000000.0,3715000000,459000000,65000000,,,None,144000000,144000000,,None,,,,,394000000,390000000,-37000000,None,0.0827,,3389000000,326000000,,,,,277000000,,,,,4.77,5.99,3.416,,,,,,,,0.335,,,2025-10-30,quarterly,3.11,USD,pre-market,808000000,,0.0516,0.73,0.204,23.7,491000000,,,,87.76,89.43,350.7246,,,,,,,9230000000,,10.46,,101.99,60.12
2025-12-28,UBER,7.77,49609998000.0,10.46,,1.192,13.53,,,,,,,,,,,,,,,None,5259000000,5259000000,,,,,,None,207000000,,,,,1.585,2.42,30000000,237000000,0.69,2023-03-31,19.46,,16942000000.0,3564000000,-102000000,55000000,,,None,168000000,168000000,,None,,,,,-157000000,-157000000,-81000000,None,0.0827,,3826000000,-262000000,,,,,328000000,,,,,4.77,5.99,3.416,,,,,,,,0.335,,,2025-10-30,quarterly,3.11,USD,pre-market,775000000,,0.0516,0.73,0.204,23.7,942000000,,,,87.76,89.43,350.7246,,,,,,,8823000000,,10.46,,101.99,60.12
2025-12-28,UBER,7.77,49609998000.0,10.46,,1.192,13.53,,,,,,,,,,,,,,,None,5307000000,5307000000,,,,,,None,223000000,,,,,1.585,2.42,625000000,848000000,0.69,2022-12-31,19.46,,16942000000.0,3300000000,516000000,-84000000,,,None,151000000,603000000,,None,,,,,595000000,558000000,-78000000,None,0.0827,,3442000000,-142000000,,,,,809000000,,,,,4.77,5.99,3.416,,,,,,,,0.335,,,2025-10-30,quarterly,3.11,USD,pre-market,747000000,,0.0516,0.73,0.204,23.7,745000000,,,,87.76,89.43,350.7246,,,,,,,8607000000,,10.46,,101.99,60.12
2025-12-28,UBER,7.77,49609998000.0,10.46,,1.192,13.53,,,,,,,,,,,,,,,None,5173000000,5173000000,,,,,,None,227000000,,,,,1.585,2.42,-1030000000,-803000000,0.69,2022-09-30,19.46,,16942000000.0,3170000000,-1146000000,58000000,,,None,146000000,706000000,,None,,,,,-1206000000,-1234000000,-108000000,None,0.0827,,3665000000,-495000000,,,,,-505000000,,,,,4.77,5.99,3.416,,,,,,,,0.335,,,2025-10-30,quarterly,3.11,USD,pre-market,760000000,,0.0516,0.73,0.204,23.7,908000000,,,,87.76,89.43,350.7246,,,,,,,8343000000,,10.46,,101.99,60.12
2025-12-28,UBER,7.77,49609998000.0,10.46,,1.192,13.53,,,,,,,,,,,,,,,None,5153000000,5153000000,,,,,,None,243000000,,,,,1.585,2.42,-2417000000,-2174000000,0.69,2022-06-30,19.46,,16942000000.0,2920000000,-2539000000,77000000,,,None,139000000,17000000,,None,,,,,-2601000000,-2616000000,-122000000,None,0.0827,,3633000000,-713000000,,,,,-1687000000,,,,,4.77,5.99,3.416,,,,,,,,0.335,,,2025-10-30,quarterly,3.11,USD,pre-market,704000000,,0.0516,0.73,0.204,23.7,851000000,,,,87.76,89.43,350.7246,,,,,,,8073000000,,10.46,,101.99,60.12
2025-12-28,UBER,7.77,49609998000.0,10.46,,1.192,13.53,,,,,,,,,,,,,,,None,4026000000,4026000000,,,,,,None,258000000,,,,,1.585,2.42,-6043000000,-5785000000,0.69,2022-03-31,19.46,,16942000000.0,2828000000,-6150000000,-232000000,,,None,129000000,11000000,,None,,,,,-5936000000,-5936000000,-118000000,None,0.0827,,3310000000,-482000000,,,,,-5539000000,,,,,4.77,5.99,3.416,,,,,,,,0.335,,,2025-10-30,quarterly,3.11,USD,pre-market,587000000,,0.0516,0.73,0.204,23.7,632000000,,,,87.76,89.43,350.7246,,,,,,,6854000000,,10.46,,101.99,60.12
2025-12-28,UBER,7.77,49609998000.0,10.46,,1.192,13.53,,,,,,,,,,,,,,,None,3104000000,3104000000,,,,,,None,246000000,,,,,1.585,2.42,921000000,1167000000,0.69,2021-12-31,19.46,,16942000000.0,2674000000,782000000,-97000000,,,None,130000000,9000000,,None,,,,,892000000,879000000,-121000000,None,0.0827,,3224000000,-550000000,,,,,1462000000,,,,,4.77,5.99,3.416,,,,,,,,0.335,,,2025-10-30,quarterly,3.11,USD,pre-market,558000000,,0.0516,0.73,0.204,23.7,611000000,,,,87.76,89.43,350.7246,,,,,,,5778000000,,10.46,,101.99,60.12
2025-12-28,UBER,7.77,49609998000.0,10.46,,1.192,13.53,,,,,,,,,,,,,,,None,2438000000,2438000000,,,,,,None,218000000,,,,,1.585,2.42,-2404000000,-2186000000,0.69,2021-09-30,19.46,,16942000000.0,2407000000,-2540000000,-101000000,,,None,123000000,10000000,,None,,,,,-2424000000,-2439000000,-113000000,None,0.0827,,2979000000,-572000000,,,,,-1845000000,,,,,4.77,5.99,3.416,,,,,,,,0.335,,,2025-10-30,quarterly,3.11,USD,pre-market,493000000,,0.0516,0.73,0.204,23.7,625000000,,,,87.76,89.43,350.7246,,,,,,,4845000000,,10.46,,101.99,60.12
2025-12-28,UBER,7.77,49609998000.0,10.46,,1.192,13.53,,,,,,,,,,,,,,,None,2099000000,2099000000,,,,,,None,226000000,,,,,1.585,2.42,755000000,981000000,0.69,2021-06-30,19.46,,16942000000.0,1830000000,633000000,-479000000,,,None,115000000,13000000,,None,,,,,1144000000,1112000000,-102000000,None,0.0827,,3018000000,-1188000000,,,,,1936000000,,,,,4.77,5.99,3.416,,,,,,,,0.335,,,2025-10-30,quarterly,3.11,USD,pre-market,488000000,,0.0516,0.73,0.204,23.7,616000000,,,,87.76,89.43,350.7246,,,,,,,3929000000,,10.46,,101.99,60.12
2025-12-28,UBER,7.77,49609998000.0,10.46,,1.192,13.53,,,,,,,,,,,,,,,None,1710000000,1710000000,,,,,,None,212000000,,,,,1.585,2.42,186000000,398000000,0.69,2021-03-31,19.46,,16942000000.0,1193000000,63000000,185000000,,,None,115000000,5000000,,None,,,,,-108000000,-114000000,-110000000,None,0.0827,,2717000000,-1524000000,,,,,1702000000,,,,,4.77,5.99,3.416,,,,,,,,0.335,,,2025-10-30,quarterly,3.11,USD,pre-market,515000000,,0.0516,0.73,0.204,23.7,464000000,,,,87.76,89.43,350.7246,,,,,,,2903000000,,10.46,,101.99,60.12
2025-12-28,UBER,7.77,49609998000.0,10.46,,1.192,13.53,,,,,,,,,,,,,,,None,1638000000,1638000000,,,,,,None,180000000,,,,,1.585,2.42,-814000000,-634000000,0.69,2020-12-31,19.46,,16942000000.0,1527000000,-939000000,23000000,,,None,118000000,4000000,,None,,,,,-968000000,-962000000,-114000000,None,0.0827,,2404000000,-877000000,,,,,None,,,,,4.77,5.99,3.416,,,,,,,,0.335,,,2025-10-30,quarterly,3.11,USD,pre-market,538000000,,0.0516,0.73,0.204,23.7,254000000,,,,87.76,89.43,350.7246,,,,,,,3165000000,,10.46,,101.99,60.12
2025-12-28,UBER,7.77,49609998000.0,10.46,,1.192,13.53,,,,,,,,,,,,,,,None,1663000000,1663000000,,,,,,None,138000000,,,,,1.585,2.42,-965000000,-827000000,0.69,2020-09-30,19.46,,16942000000.0,1150000000,-1085000000,23000000,,,None,112000000,7000000,,None,,,,,-1089000000,-1108000000,-105000000,None,0.0827,,2266000000,-1116000000,,,,,None,,,,,4.77,5.99,3.416,,,,,,,,0.335,,,2025-10-30,quarterly,3.11,USD,pre-market,493000000,,0.0516,0.73,0.204,23.7,711000000,,,,87.76,89.43,350.7246,,,,,,,2813000000,,10.46,,101.99,60.12
2025-12-28,UBER,7.77,49609998000.0,10.46,,1.192,13.53,,,,,,,,,,,,,,,None,1319000000,1319000000,,,,,,None,129000000,,,,,1.585,2.42,-1651000000,-1522000000,0.69,2020-06-30,19.46,,16942000000.0,594000000,-1768000000,4000000,,,None,110000000,6000000,,None,,,,,-1775000000,-1772000000,-104000000,None,0.0827,,2201000000,-1607000000,,,,,None,,,,,4.77,5.99,3.416,,,,,,,,0.335,,,2025-10-30,quarterly,3.11,USD,pre-market,584000000,,0.0516,0.73,0.204,23.7,546000000,,,,87.76,89.43,350.7246,,,,,,,1913000000,,10.46,,101.99,60.12
2025-12-28,UBER,7.77,49609998000.0,10.46,,1.192,13.53,,,,,,,,,,,,,,,None,1994000000,1994000000,,,,,,None,128000000,,,,,1.585,2.42,-3058000000,-2930000000,0.69,2020-03-31,19.46,,16942000000.0,1254000000,-3188000000,-242000000,,,None,118000000,38000000,,None,,,,,-2936000000,-2946000000,-80000000,None,0.0827,,2517000000,-1263000000,,,,,None,,,,,4.77,5.99,3.416,,,,,,,,0.335,,,2025-10-30,quarterly,3.11,USD,pre-market,645000000,,0.0516,0.73,0.204,23.7,666000000,,,,87.76,89.43,350.7246,,,,,,,3248000000,,10.46,,101.99,60.12
2025-12-28,UBER,7.77,49609998000.0,10.46,,1.192,13.53,,,,,,,,,,,,,,,None,1927000000,1927000000,,,,,,None,101000000,,,,,1.585,2.42,-956000000,-855000000,0.69,2019-12-31,19.46,,16942000000.0,2142000000,-1066000000,25000000,,,None,101000000,50000000,,None,,,,,-1096000000,-1091000000,-51000000,None,0.0827,,3113000000,-971000000,,,,,None,,,,,4.77,5.99,3.416,,,,,,,,0.335,,,2025-10-30,quarterly,3.11,USD,pre-market,608000000,,0.0516,0.73,0.204,23.7,647000000,,,,87.76,89.43,350.7246,,,,,,,4069000000,,10.46,,101.99,60.12
2025-12-28,UBER,7.77,49609998000.0,10.46,,1.192,13.53,,,,,,,,,,,,,,,None,1860000000,1860000000,,,,,,None,102000000,,,,,1.585,2.42,-1057000000,-955000000,0.69,2019-09-30,19.46,,16942000000.0,1953000000,-1156000000,3000000,,,None,90000000,76000000,,None,,,,,-1162000000,-1159000000,-14000000,None,0.0827,,3059000000,-1106000000,,,,,None,,,,,4.77,5.99,3.416,,,,,,,,0.335,,,2025-10-30,quarterly,3.11,USD,pre-market,755000000,,0.0516,0.73,0.204,23.7,591000000,,,,87.76,89.43,350.7246,,,,,,,3813000000,,10.46,,101.99,60.12
2025-12-28,UBER,7.77,49609998000.0,10.46,,1.192,13.53,,,,,,,,,,,,,,,None,1740000000,1740000000,,,,,,None,123000000,,,,,1.585,2.42,-5087000000,-4964000000,0.69,2019-06-30,19.46,,16942000000.0,1426000000,-5248000000,-2000000,,,None,151000000,64000000,,None,,,,,-5236000000,-5246000000,-87000000,None,0.0827,,6911000000,-5485000000,,,,,None,,,,,4.77,5.99,3.416,,,,,,,,0.335,,,2025-10-30,quarterly,3.11,USD,pre-market,3064000000,,0.0516,0.73,0.204,23.7,1638000000,,,,87.76,89.43,350.7246,,,,,,,3166000000,,10.46,,101.99,60.12
2025-12-28,UBER,7.77,49609998000.0,10.46,,1.192,13.53,,,,,,,,,,,,,,,None,1681000000,1681000000,,,,,,None,146000000,,,,,1.585,2.42,-774000000,-628000000,0.69,2019-03-31,19.46,,16942000000.0,1418000000,-997000000,19000000,,,None,217000000,17000000,,None,,,,,-1012000000,-1016000000,-173000000,None,0.0827,,2452000000,-1034000000,,,,,None,,,,,4.77,5.99,3.416,,,,,,,,0.335,,,2025-10-30,quarterly,3.11,USD,pre-market,409000000,,0.0516,0.73,0.204,23.7,423000000,,,,87.76,89.43,350.7246,,,,,,,3099000000,,10.46,,101.99,60.12
2025-12-28,UBER,7.77,49609998000.0,10.46,,1.192,13.53,,,,,,,,,,,,,,,None,1615000000,1615000000,,,,,,None,109000000,,,,,1.585,2.42,-1006000000,-897000000,0.69,2018-12-31,19.46,,16942000000.0,1359000000,-1211000000,-322000000,,,None,195000000,None,,None,,,,,-887000000,None,None,None,0.0827,,2412000000,-1053000000,,,,,None,,,,,4.77,5.99,3.416,,,,,,,,0.335,,,2025-10-30,quarterly,3.11,USD,pre-market,366000000,,0.0516,0.73,0.204,23.7,555000000,,,,87.76,89.43,350.7246,,,,,,,2974000000,,10.46,,101.99,60.12
2025-12-28,UBER,7.77,49609998000.0,10.46,,1.192,13.53,,,,,,,,,,,,,,,None,1510000000,1510000000,,,,,,None,131000000,,,,,1.585,2.42,-817000000,-686000000,0.69,2018-09-30,19.46,,16942000000.0,1434000000,-993000000,1000000,,,None,161000000,None,,None,,,,,-986000000,-994000000,None,None,0.0827,,2197000000,-763000000,,,,,None,,,,,4.77,5.99,3.416,,,,,,,,0.335,,,2025-10-30,quarterly,3.11,USD,pre-market,434000000,,0.0516,0.73,0.204,23.7,460000000,,,,87.76,89.43,350.7246,,,,,,,2944000000,,10.46,,101.99,60.12
2025-12-28,UBER,7.77,49609998000.0,10.46,,1.192,13.53,,,,,,,,,,,,,,,None,1342000000,1342000000,,,,,,None,98000000,,,,,1.585,2.42,-676000000,-578000000,0.69,2018-06-30,19.46,,16942000000.0,1426000000,-850000000,28000000,,,None,160000000,None,,None,,,,,-878000000,-878000000,None,None,0.0827,,2165000000,-739000000,,,,,None,,,,,4.77,5.99,3.416,,,,,,,,0.335,,,2025-10-30,quarterly,3.11,USD,pre-market,365000000,,0.0516,0.73,0.204,23.7,638000000,,,,87.76,89.43,350.7246,,,,,,,2768000000,,10.46,,101.99,60.12
2025-12-28,UBER,7.77,49609998000.0,10.46,,1.192,13.53,,,,,,,,,,,,,,,None,1156000000,1156000000,,,,,,None,88000000,,,,,1.585,2.42,4459000000,4547000000,0.69,2018-03-31,19.46,,16942000000.0,1428000000,4324000000,576000000,,,None,132000000,None,,None,,,,,3748000000,3748000000,None,None,0.0827,,1906000000,-478000000,,,,,None,,,,,4.77,5.99,3.416,,,,,,,,0.335,,,2025-10-30,quarterly,3.11,USD,pre-market,340000000,,0.0516,0.73,0.204,23.7,429000000,,,,87.76,89.43,350.7246,,,,,,,2584000000,,10.46,,101.99,60.12
2025-12-28,UBER,7.77,49609998000.0,10.46,,1.192,13.53,,,,,,,,,,,,,,,None,1686000000,1686000000,,,,,,None,120000000,,,,,1.585,2.42,-1166000000,-1046000000,0.69,2017-12-31,19.46,,16942000000.0,755000000,-1298000000,-655000000,,,None,132000000,None,,None,,,,,-643000000,None,None,None,0.0827,,1952000000,-1197000000,,,,,None,,,,,4.77,5.99,3.416,,,,,,,,0.335,,,2025-10-30,quarterly,3.11,None,pre-market,320000000,,0.0516,0.73,0.204,23.7,None,,,,87.76,89.43,350.7246,,,,,,,2441000000,,10.46,,101.99,60.12
2025-12-28,UBER,7.77,49609998000.0,10.46,,1.192,13.53,,,,,,,,,,,,,,,None,1688000000,1688000000,,,,,,None,140000000,,,,,1.585,2.42,-1250000000,-1110000000,0.69,2017-09-30,19.46,,16942000000.0,461000000,-1373000000,40000000,,,None,123000000,None,,None,,,,,-1413000000,None,None,None,0.0827,,1616000000,-1155000000,,,,,None,,,,,4.77,5.99,3.416,,,,,,,,0.335,,,2025-10-30,quarterly,3.11,None,pre-market,307000000,,0.0516,0.73,0.204,23.7,None,,,,87.76,89.43,350.7246,,,,,,,2149000000,,10.46,,101.99,60.12
2025-12-28,UBER,7.77,49609998000.0,10.46,,1.192,13.53,,,,,,,,,,,,,,,None,1408000000,1408000000,,,,,,None,129000000,,,,,1.585,2.42,-898000000,-769000000,0.69,2017-06-30,19.46,,16942000000.0,405000000,-1013000000,37000000,,,None,115000000,None,,None,,,,,-1050000000,None,None,None,0.0827,,1315000000,-910000000,,,,,None,,,,,4.77,5.99,3.416,,,,,,,,0.335,,,2025-10-30,quarterly,3.11,None,pre-market,304000000,,0.0516,0.73,0.204,23.7,None,,,,87.76,89.43,350.7246,,,,,,,1813000000,,10.46,,101.99,60.12
2025-12-28,UBER,7.77,49609998000.0,10.46,,1.192,13.53,,,,,,,,,,,,,,,None,1242000000,1242000000,,,,,,None,121000000,,,,,1.585,2.42,-782000000,-661000000,0.69,2017-03-31,19.46,,16942000000.0,287000000,-891000000,36000000,,,None,109000000,None,,None,,,,,-927000000,None,None,None,0.0827,,1105000000,-818000000,,,,,None,,,,,4.77,5.99,3.416,,,,,,,,0.335,,,2025-10-30,quarterly,3.11,None,pre-market,270000000,,0.0516,0.73,0.204,23.7,None,,,,87.76,89.43,350.7246,,,,,,,1529000000,,10.46,,101.99,60.12
2025-12-28,UBER,7.77,49609998000.0,10.46,,1.192,13.53,,,,,,,,,,,,,,,None,26651000000,26651000000,,,,,,None,737000000,,,,,1.585,2.42,4648000000,5385000000,0.69,2024-12-31,19.46,,16942000000.0,17327000000,4087000000,-5758000000,,,None,523000000,721000000,,None,,,,,9856000000,9845000000,198000000,None,0.0827,,14528000000,2799000000,,,,,None,,,,,4.77,5.99,3.416,,,,,,,,0.335,,,2025-10-30,annual,3.11,USD,pre-market,3109000000,,0.0516,0.73,0.204,23.7,3639000000,,,,87.76,89.43,350.7246,,,,,,,43978000000,,10.46,,101.99,60.12
2025-12-28,UBER,7.77,49609998000.0,10.46,,1.192,13.53,,,,,,,,,,,,,,,None,22457000000,22457000000,,,,,,None,823000000,,,,,1.585,2.42,2954000000,3777000000,0.69,2023-12-31,19.46,,16942000000.0,14824000000,2369000000,213000000,,,None,633000000,484000000,,None,,,,,1887000000,2156000000,-149000000,None,0.0827,,13714000000,1110000000,,,,,None,,,,,4.77,5.99,3.416,,,,,,,,0.335,,,2025-10-30,annual,3.11,USD,pre-market,3164000000,,0.0516,0.73,0.204,23.7,2682000000,,,,87.76,89.43,350.7246,,,,,,,37281000000,,10.46,,101.99,60.12
2025-12-28,UBER,7.77,49609998000.0,10.46,,1.192,13.53,,,,,,,,,,,,,,,None,19659000000,19659000000,,,,,,None,947000000,,,,,1.585,2.42,-8861000000,-7914000000,0.69,2022-12-31,19.46,,16942000000.0,12218000000,-9319000000,-181000000,,,None,565000000,7618000000,,None,,,,,-9141000000,-9245000000,-426000000,None,0.0827,,14050000000,-1832000000,,,,,-6922000000,,,,,4.77,5.99,3.416,,,,,,,,0.335,,,2025-10-30,annual,3.11,USD,pre-market,2798000000,,0.0516,0.73,0.204,23.7,3136000000,,,,87.76,89.43,350.7246,,,,,,,31877000000,,10.46,,101.99,60.12
2025-12-28,UBER,7.77,49609998000.0,10.46,,1.192,13.53,,,,,,,,,,,,,,,None,9351000000,9351000000,,,,,,None,902000000,,,,,1.585,2.42,-3834000000,360000000,0.69,2021-12-31,19.46,,16942000000.0,8104000000,-1025000000,-492000000,,,None,483000000,37000000,,None,,,,,-496000000,-570000000,-446000000,None,0.0827,,21289000000,-3834000000,,,,,3255000000,,,,,4.77,5.99,3.416,,,,,,,,0.335,,,2025-10-30,annual,3.11,USD,pre-market,2054000000,,0.0516,0.73,0.204,23.7,7105000000,,,,87.76,89.43,350.7246,,,,,,,17455000000,,10.46,,101.99,60.12
2025-12-28,UBER,7.77,49609998000.0,10.46,,1.192,13.53,,,,,,,,,,,,,,,None,5154000000,5154000000,,,,,,None,575000000,,,,,1.585,2.42,-6488000000,-5913000000,0.69,2020-12-31,19.46,,16942000000.0,5985000000,-6980000000,-192000000,,,None,458000000,55000000,,None,,,,,-6754000000,-6754000000,-403000000,None,0.0827,,10848000000,-4863000000,,,,,-1659000000,,,,,4.77,5.99,3.416,,,,,,,,0.335,,,2025-10-30,annual,3.11,USD,pre-market,2205000000,,0.0516,0.73,0.204,23.7,2666000000,,,,87.76,89.43,350.7246,,,,,,,11139000000,,10.46,,101.99,60.12
2025-12-28,UBER,7.77,49609998000.0,10.46,,1.192,13.53,,,,,,,,,,,,,,,None,6061000000,6061000000,,,,,,None,472000000,,,,,1.585,2.42,-7874000000,-7402000000,0.69,2019-12-31,19.46,,16942000000.0,6939000000,-8467000000,45000000,,,None,559000000,234000000,,None,,,,,-8478000000,-8512000000,-325000000,None,0.0827,,15535000000,-8596000000,,,,,None,,,,,4.77,5.99,3.416,,,,,,,,0.335,,,2025-10-30,annual,3.11,USD,pre-market,4836000000,,0.0516,0.73,0.204,23.7,3299000000,,,,87.76,89.43,350.7246,,,,,,,13000000000,,10.46,,101.99,60.12
2025-12-28,UBER,7.77,49609998000.0,10.46,,1.192,13.53,,,,,,,,,,,,,,,None,4786000000,4786000000,,,,,,None,426000000,,,,,1.585,2.42,1960000000,2386000000,0.69,2018-12-31,19.46,,16942000000.0,5647000000,1270000000,283000000,,,None,648000000,104000000,,None,,,,,997000000,987000000,-544000000,None,0.0827,,8680000000,-3033000000,,,,,None,,,,,4.77,5.99,3.416,,,,,,,,0.335,,,2025-10-30,annual,3.11,USD,pre-market,1505000000,,0.0516,0.73,0.204,23.7,2082000000,,,,87.76,89.43,350.7246,,,,,,,10433000000,,10.46,,101.99,60.12
2025-12-28,UBER,7.77,49609998000.0,10.46,,1.192,13.53,,,,,,,,,,,,,,,None,5514000000,5514000000,,,,,,None,510000000,,,,,1.585,2.42,-4096000000,-3586000000,0.69,2017-12-31,19.46,,16942000000.0,2418000000,-4575000000,-542000000,,,None,479000000,71000000,,None,,,,,-4033000000,-4033000000,-408000000,None,0.0827,,6498000000,-4080000000,,,,,None,,,,,4.77,5.99,3.416,,,,,,,,0.335,,,2025-10-30,annual,3.11,USD,pre-market,1215000000,,0.0516,0.73,0.204,23.7,2040000000,,,,87.76,89.43,350.7246,,,,,,,7932000000,,10.46,,101.99,60.12
2025-12-28,UBER,7.77,49609998000.0,10.46,,1.192,13.53,,,,,,,,,,,,,,,None,2228000000,2228000000,,,,,,None,320000000,,,,,1.585,2.42,-2884000000,-2564000000,0.69,2016-12-31,19.46,,16942000000.0,1617000000,-3218000000,28000000,,,None,334000000,22000000,,None,,,,,-370000000,-3246000000,-312000000,None,0.0827,,4640000000,-3023000000,,,,,None,,,,,4.77,5.99,3.416,,,,,,,,0.335,,,2025-10-30,annual,3.11,USD,pre-market,864000000,,0.0516,0.73,0.204,23.7,981000000,,,,87.76,89.43,350.7246,,,,,,,3845000000,,10.46,,101.99,60.12
2025-12-28,UBER,7.77,49609998000.0,10.46,,1.192,13.53,,,,,,,,,,,,,,,None,1543000000,1543000000,,,,,,None,None,,,,,1.585,2.42,None,None,0.69,2015-12-31,19.46,,16942000000.0,452000000,-1603000000,-13000000,,,None,0,306000000,,None,,,,,-2688000000,None,None,None,0.0827,,None,-1300000000,,,,,None,,,,,4.77,5.99,3.416,,,,,,,,0.335,,,2025-10-30,annual,3.11,USD,pre-market,None,,0.0516,0.73,0.204,23.7,1366000000,,,,87.76,89.43,350.7246,,,,,,,1995000000,,10.46,,101.99,60.12
2025-12-28,UBER,7.77,49609998000.0,10.46,None,1.192,13.53,,1575000000,8909000000,8909000000,,,,,,,,,21000,2124391000,None,1543000000,1543000000,1119000000,None,1150000000,3773000000,None,None,None,,,,,1.585,2.42,None,None,0.69,2025-09-30,19.46,8917000000,16942000000.0,452000000,-1603000000,-13000000,1104000000,1104000000,None,0,306000000,None,None,None,10615000000,None,10494000000,-2688000000,None,None,None,0.0827,,None,-1300000000,1803000000,10689000000,None,399000000,None,,,,,4.77,5.99,3.416,,,,,,,,0.335,,3056000000,2025-10-30,quarterly,3.11,USD,pre-market,None,-10935000000,0.0516,0.73,0.204,23.7,1366000000,13340000000,1313000000,654000000,87.76,89.43,350.7246,63344000000,15139000000,13121000000,34189000000,48205000000,21068000000,1995000000,28134000000,10.46,None,101.99,60.12
2025-12-28,UBER,7.77,49609998000.0,10.46,None,1.192,13.53,,1614000000,7629000000,7629000000,,,,,,,,,21000,2124181000,None,1543000000,1543000000,1022000000,None,1150000000,4406000000,None,None,None,,,,,1.585,2.42,None,None,0.69,2025-06-30,19.46,8907000000,16942000000.0,452000000,-1603000000,-13000000,1187000000,1187000000,None,0,306000000,None,None,None,9578000000,None,8845000000,-2688000000,None,None,None,0.0827,,None,-1300000000,1140000000,10338000000,None,399000000,None,,,,,4.77,5.99,3.416,,,,,,,,0.335,,3101000000,2025-10-30,quarterly,3.11,USD,pre-market,None,-17592000000,0.0516,0.73,0.204,23.7,1366000000,12342000000,1326000000,932000000,87.76,89.43,350.7246,55982000000,14107000000,12686000000,32352000000,41875000000,19666000000,1995000000,22598000000,10.46,None,101.99,60.12
2025-12-28,UBER,7.77,49609998000.0,10.46,None,1.192,13.53,,1624000000,6385000000,6385000000,,,,,,,,,21000,2122618000,None,1543000000,1543000000,873000000,None,1150000000,4001000000,None,None,None,,,,,1.585,2.42,None,None,0.69,2025-03-31,19.46,8069000000,16942000000.0,452000000,-1603000000,-13000000,1065000000,1065000000,None,0,306000000,None,None,None,8350000000,None,8940000000,-2688000000,None,None,None,0.0827,,None,-1300000000,1070000000,7671000000,None,395000000,None,,,,,4.77,5.99,3.416,,,,,,,,0.335,,3103000000,2025-10-30,quarterly,3.11,USD,pre-market,None,-18946000000,0.0516,0.73,0.204,23.7,1366000000,11124000000,1327000000,894000000,87.76,89.43,350.7246,52822000000,12350000000,12113000000,29917000000,40472000000,17804000000,1995000000,21975000000,10.46,None,101.99,60.12
2025-12-28,UBER,7.77,49609998000.0,10.46,None,1.192,13.53,,1629000000,6438000000,6438000000,,,,,,,,,21000,2141426000,None,1543000000,1543000000,858000000,None,1150000000,3815000000,None,None,None,,,,,1.585,2.42,None,None,0.69,2024-12-31,19.46,8066000000,16942000000.0,452000000,-1603000000,-13000000,1125000000,1125000000,None,0,306000000,None,None,None,8347000000,None,8618000000,-2688000000,None,None,None,0.0827,,None,-1300000000,908000000,9157000000,None,440000000,None,,,,,4.77,5.99,3.416,,,,,,,,0.335,,3110000000,2025-10-30,quarterly,3.11,USD,pre-market,None,-20726000000,0.0516,0.73,0.204,23.7,1366000000,11436000000,1461000000,1084000000,87.76,89.43,350.7246,51244000000,12245000000,11476000000,28768000000,38999000000,17292000000,1995000000,21558000000,10.46,None,101.99,60.12
2025-12-28,UBER,7.77,49609998000.0,10.46,None,1.192,13.53,,1674000000,7083000000,7083000000,,,,,,,,,21000,2154466000,None,1543000000,1543000000,802000000,None,None,4187000000,None,None,None,,,,,1.585,2.42,None,None,0.69,2024-09-30,19.46,8086000000,16942000000.0,452000000,-1603000000,-13000000,1192000000,1192000000,None,0,306000000,None,None,None,10986000000,None,8104000000,-2688000000,None,None,None,0.0827,,None,-1300000000,1148000000,7063000000,None,483000000,None,,,,,4.77,5.99,3.416,,,,,,,,0.335,,3172000000,2025-10-30,quarterly,3.11,USD,pre-market,None,-27621000000,0.0516,0.73,0.204,23.7,1366000000,13288000000,806000000,2913000000,87.76,89.43,350.7246,47117000000,15331000000,10835000000,30578000000,31786000000,19743000000,1995000000,14780000000,10.46,None,101.99,60.12
2025-12-28,UBER,7.77,49609998000.0,10.46,None,1.192,13.53,,1690000000,5273000000,5273000000,,,,,,,,,None,2150019000,None,1543000000,1543000000,752000000,None,None,4372000000,None,None,None,,,,,1.585,2.42,None,None,0.69,2024-06-30,19.46,8083000000,16942000000.0,452000000,-1603000000,-13000000,1265000000,1265000000,None,0,306000000,None,None,None,9454000000,None,6418000000,-2688000000,None,None,None,0.0827,,None,-1300000000,1043000000,8563000000,None,699000000,None,,,,,4.77,5.99,3.416,,,,,,,,0.335,,None,2025-10-30,quarterly,3.11,USD,pre-market,None,-30233000000,0.0516,0.73,0.204,23.7,1366000000,11297000000,351000000,1795000000,87.76,89.43,350.7246,41514000000,12483000000,10318000000,27731000000,29031000000,17413000000,1995000000,12350000000,10.46,None,101.99,60.12
2025-12-28,UBER,7.77,49609998000.0,10.46,None,1.192,13.53,,1704000000,5827000000,5827000000,,,,,,,,,None,2080168000,None,1543000000,1543000000,833000000,None,None,4462000000,None,None,None,,,,,1.585,2.42,None,None,0.69,2024-03-31,19.46,8089000000,16942000000.0,452000000,-1603000000,-13000000,1335000000,1335000000,None,0,306000000,None,None,None,9457000000,None,5812000000,-2688000000,None,None,None,0.0827,,None,-1300000000,1041000000,6555000000,None,746000000,None,,,,,4.77,5.99,3.416,,,,,,,,0.335,,None,2025-10-30,quarterly,3.11,USD,pre-market,None,-31248000000,0.0516,0.73,0.204,23.7,1366000000,11314000000,337000000,744000000,87.76,89.43,350.7246,39599000000,12074000000,9993000000,27100000000,27525000000,17107000000,1995000000,11058000000,10.46,None,101.99,60.12
2025-12-28,UBER,7.77,49609998000.0,10.46,None,1.192,13.53,,1740000000,5485000000,5485000000,,,,,,,,,None,2121929000,None,1543000000,1543000000,790000000,None,None,4121000000,None,None,None,,,,,1.585,2.42,None,None,0.69,2023-12-31,19.46,8151000000,16942000000.0,452000000,-1603000000,-13000000,1425000000,1425000000,None,0,306000000,None,None,None,9459000000,None,6328000000,-2688000000,None,None,None,0.0827,,None,-1300000000,964000000,7481000000,None,776000000,None,,,,,4.77,5.99,3.416,,,,,,,,0.335,,None,2025-10-30,quarterly,3.11,USD,pre-market,None,-30594000000,0.0516,0.73,0.204,23.7,1366000000,11830000000,499000000,727000000,87.76,89.43,350.7246,38699000000,11297000000,9454000000,26017000000,27402000000,16563000000,1995000000,11249000000,10.46,None,101.99,60.12
2025-12-28,UBER,7.77,49609998000.0,10.46,None,1.192,13.53,,1739000000,5281000000,5281000000,,,,,,,,,20530,2108479000,None,1543000000,1543000000,799000000,None,None,3669000000,None,None,None,,,,,1.585,2.42,None,None,0.69,2023-09-30,19.46,8140000000,16942000000.0,452000000,-1603000000,-13000000,1511000000,1511000000,None,0,306000000,833000000,None,None,9252000000,None,5141000000,-2688000000,None,None,None,0.0827,,None,-1300000000,1004000000,6168000000,None,871000000,None,,,,,4.77,5.99,3.416,,,,,,,,0.335,,3359000000,2025-10-30,quarterly,3.11,USD,pre-market,None,-32309000000,0.0516,0.73,0.204,23.7,1366000000,11144000000,327000000,725000000,87.76,89.43,350.7246,35949000000,10679000000,9405000000,25430000000,25270000000,16025000000,1995000000,9358000000,10.46,None,101.99,60.12
2025-12-28,UBER,7.77,49609998000.0,10.46,None,1.192,13.53,,1776000000,5904000000,5904000000,,,,,,,,,20380,2079265000,None,1543000000,1543000000,694000000,None,None,3235000000,None,None,None,,,,,1.585,2.42,None,None,0.69,2023-06-30,19.46,8151000000,16942000000.0,452000000,-1603000000,-13000000,1607000000,1607000000,None,0,306000000,909000000,None,None,9255000000,None,59000000,-2688000000,None,None,None,0.0827,,None,-1300000000,987000000,5590000000,None,6350000000,None,,,,,4.77,5.99,3.416,,,,,,,,0.335,,2116000000,2025-10-30,quarterly,3.11,USD,pre-market,None,-32530000000,0.0516,0.73,0.204,23.7,1366000000,11184000000,332000000,538000000,87.76,89.43,350.7246,34068000000,10664000000,8635000000,24240000000,23404000000,15605000000,1995000000,8664000000,10.46,None,101.99,60.12
2025-12-28,UBER,7.77,49609998000.0,10.46,None,1.192,13.53,,1822000000,4942000000,4942000000,,,,,,,,,20190,2009557000,None,1543000000,1543000000,712000000,None,None,3281000000,None,None,None,,,,,1.585,2.42,None,None,0.69,2023-03-31,19.46,8185000000,16942000000.0,452000000,-1603000000,-13000000,1766000000,1766000000,None,0,306000000,897000000,None,None,9257000000,None,5458000000,-2688000000,None,None,None,0.0827,,None,-1300000000,852000000,7105000000,None,798000000,None,,,,,4.77,5.99,3.416,,,,,,,,0.335,,3477000000,2025-10-30,quarterly,3.11,USD,pre-market,None,-32924000000,0.0516,0.73,0.204,23.7,1366000000,11256000000,370000000,121000000,87.76,89.43,350.7246,32451000000,9196000000,8683000000,23779000000,23255000000,15096000000,1995000000,7508000000,10.46,None,101.99,60.12
2025-12-28,UBER,7.77,49609998000.0,10.46,None,1.192,13.53,,1874000000,4888000000,4888000000,,,,,,,,,19940,2060574999,None,1543000000,1543000000,728000000,None,None,3489000000,None,None,None,,,,,1.585,2.42,None,None,0.69,2022-12-31,19.46,8263000000,16942000000.0,452000000,-1603000000,-13000000,1874000000,1874000000,None,0,306000000,680000000,None,None,9265000000,None,5271000000,-2688000000,None,None,None,0.0827,,None,-1300000000,769000000,5581000000,None,5487000000,None,,,,,4.77,5.99,3.416,,,,,,,,0.335,,2082000000,2025-10-30,quarterly,3.11,USD,pre-market,None,-32767000000,0.0516,0.73,0.204,23.7,1366000000,11717000000,495000000,103000000,87.76,89.43,350.7246,32109000000,9249000000,8853000000,23605000000,22860000000,14752000000,1995000000,7340000000,10.46,None,101.99,60.12
2025-12-28,UBER,7.77,49609998000.0,10.46,None,1.192,13.53,,1815000000,5458000000,5458000000,,,,,,,,,19400,1979299000,None,1543000000,1543000000,774000000,None,None,3092000000,None,None,None,,,,,1.585,2.42,None,None,0.69,2022-09-30,19.46,8300000000,16942000000.0,452000000,-1603000000,-13000000,1992000000,1992000000,None,0,306000000,593000000,None,None,9268000000,None,902000000,-2688000000,None,None,None,0.0827,,None,-1300000000,818000000,5232000000,None,5424000000,None,,,,,4.77,5.99,3.416,,,,,,,,0.335,,3347000000,2025-10-30,quarterly,3.11,USD,pre-market,None,-33363000000,0.0516,0.73,0.204,23.7,1366000000,11265000000,371000000,None,87.76,89.43,350.7246,31112000000,9368000000,9020000000,23712000000,21744000000,14692000000,1995000000,6247000000,10.46,None,101.99,60.12
2025-12-28,UBER,7.77,49609998000.0,10.46,None,1.192,13.53,,1926000000,4923000000,4923000000,,,,,,,,,19760,1968882000,None,1543000000,1543000000,810000000,None,None,3074000000,None,None,None,,,,,1.585,2.42,None,None,0.69,2022-06-30,19.46,8359000000,16942000000.0,452000000,-1603000000,-13000000,2122000000,2122000000,None,0,306000000,1391000000,None,None,9271000000,None,5093000000,-2688000000,None,None,None,0.0827,,None,-1300000000,754000000,5001000000,None,659000000,None,,,,,4.77,5.99,3.416,,,,,,,,0.335,,3342000000,2025-10-30,quarterly,3.11,USD,pre-market,None,-32157000000,0.0516,0.73,0.204,23.7,1366000000,11459000000,477000000,None,87.76,89.43,350.7246,31014000000,8751000000,8945000000,23451000000,22263000000,14506000000,1995000000,6661000000,10.46,None,101.99,60.12
2025-12-28,UBER,7.77,49609998000.0,10.46,None,1.192,13.53,,1890000000,4727000000,4727000000,,,,,,,,,19600,1957731000,None,1543000000,1543000000,862000000,None,None,3091000000,None,None,None,,,,,1.585,2.42,None,None,0.69,2022-03-31,19.46,8435000000,16942000000.0,452000000,-1603000000,-13000000,2269000000,2269000000,None,0,306000000,1513000000,None,None,9273000000,None,624000000,-2688000000,None,None,None,0.0827,,None,-1300000000,847000000,4861000000,None,5069000000,None,,,,,4.77,5.99,3.416,,,,,,,,0.335,,1853000000,2025-10-30,quarterly,3.11,USD,pre-market,None,-29556000000,0.0516,0.73,0.204,23.7,1366000000,11424000000,470000000,None,87.76,89.43,350.7246,32812000000,8665000000,8652000000,22994000000,24147000000,14342000000,1995000000,8916000000,10.46,None,101.99,60.12
2025-12-28,UBER,7.77,49609998000.0,10.46,None,1.192,13.53,,1829000000,4926000000,4926000000,,,,,,,,,18500,2005591000,None,1543000000,1543000000,860000000,None,None,2992000000,None,None,None,,,,,1.585,2.42,None,None,0.69,2021-12-31,19.46,8420000000,16942000000.0,452000000,-1603000000,-13000000,2412000000,2412000000,None,0,306000000,631000000,None,None,9276000000,None,12606000000,-2688000000,None,None,None,0.0827,,None,-1300000000,901000000,4960000000,None,935000000,None,,,,,4.77,5.99,3.416,,,,,,,,0.335,,3241000000,2025-10-30,quarterly,3.11,USD,pre-market,None,-23626000000,0.0516,0.73,0.204,23.7,1366000000,11604000000,641000000,-132000000,87.76,89.43,350.7246,38774000000,8819000000,9024000000,23425000000,29955000000,14401000000,1995000000,14458000000,10.46,None,101.99,60.12
2025-12-28,UBER,7.77,49609998000.0,10.46,None,1.192,13.53,,1656000000,6896000000,6896000000,,,,,,,,,19190,1898954000,None,1543000000,1543000000,310000000,None,None,1927000000,None,None,None,,,,,1.585,2.42,None,None,0.69,2021-09-30,19.46,6447000000,16942000000.0,452000000,-1603000000,-13000000,1278000000,1278000000,None,0,306000000,414000000,None,None,9279000000,None,13210000000,-2688000000,None,None,None,0.0827,,None,-1300000000,861000000,4982000000,None,1129000000,None,,,,,4.77,5.99,3.416,,,,,,,,0.335,,2999000000,2025-10-30,quarterly,3.11,USD,pre-market,None,-24518000000,0.0516,0.73,0.204,23.7,1366000000,11205000000,242000000,1132000000,87.76,89.43,350.7246,36884000000,9684000000,8126000000,22599000000,27200000000,14473000000,1995000000,13931000000,10.46,None,101.99,60.12
2025-12-28,UBER,7.77,49609998000.0,10.46,None,1.192,13.53,,1690000000,4767000000,4767000000,,,,,,,,,18800,1955975000,None,1543000000,1543000000,429000000,None,None,1734000000,None,None,None,,,,,1.585,2.42,None,None,0.69,2021-06-30,19.46,6448000000,16942000000.0,452000000,-1603000000,-13000000,1378000000,1378000000,None,0,306000000,324000000,None,None,7798000000,None,14871000000,-2688000000,None,None,None,0.0827,,None,-1300000000,722000000,4115000000,None,1244000000,None,,,,,4.77,5.99,3.416,,,,,,,,0.335,,3014000000,2025-10-30,quarterly,3.11,USD,pre-market,None,-22094000000,0.0516,0.73,0.204,23.7,1366000000,9755000000,283000000,560000000,87.76,89.43,350.7246,36251000000,7783000000,7684000000,20507000000,28468000000,12823000000,1995000000,14175000000,10.46,None,101.99,60.12
2025-12-28,UBER,7.77,49609998000.0,10.46,None,1.192,13.53,,1702000000,5083000000,5083000000,,,,,,,,,18670,1858525000,None,1543000000,1543000000,232000000,None,None,1617000000,None,None,None,,,,,1.585,2.42,None,None,0.69,2021-03-31,19.46,6352000000,16942000000.0,452000000,-1603000000,-13000000,1455000000,1455000000,None,0,306000000,247000000,None,None,7801000000,None,1127000000,-2688000000,None,None,None,0.0827,,None,-1300000000,776000000,3951000000,None,5495000000,None,,,,,4.77,5.99,3.416,,,,,,,,0.335,,1757000000,2025-10-30,quarterly,3.11,USD,pre-market,None,-23238000000,0.0516,0.73,0.204,23.7,1366000000,9764000000,308000000,819000000,87.76,89.43,350.7246,34655000000,8295000000,7288000000,20584000000,26360000000,13296000000,1995000000,13598000000,10.46,None,101.99,60.12
2025-12-28,UBER,7.77,49609998000.0,10.46,None,1.192,13.53,,1719000000,5897000000,5897000000,,,,,,,,,18500,1793084000,None,1543000000,1543000000,235000000,None,348000000,1537000000,None,None,None,,,,,1.585,2.42,None,None,0.69,2020-12-31,19.46,6109000000,16942000000.0,452000000,-1603000000,-13000000,1564000000,1564000000,None,0,306000000,767000000,None,None,7560000000,None,1079000000,-2688000000,None,None,None,0.0827,,None,-1300000000,1268000000,3586000000,None,5073000000,None,,,,,4.77,5.99,3.416,,,,,,,,0.335,,1814000000,2025-10-30,quarterly,3.11,USD,pre-market,None,-23130000000,0.0516,0.73,0.204,23.7,1366000000,10374000000,1030000000,1180000000,87.76,89.43,350.7246,33252000000,9882000000,6865000000,19498000000,23370000000,12633000000,1995000000,12266000000,10.46,None,101.99,60.12
2025-12-28,UBER,7.77,49609998000.0,10.46,None,1.192,13.53,,1883000000,6372000000,6372000000,,,,,,,,,None,1755029000,None,1543000000,1543000000,240000000,None,527000000,1139000000,None,None,None,,,,,1.585,2.42,None,None,0.69,2020-09-30,19.46,2988000000,16942000000.0,452000000,-1603000000,-13000000,654000000,654000000,None,0,306000000,218000000,None,None,6667000000,None,10090000000,-2688000000,None,None,None,0.0827,,None,-1300000000,769000000,3322000000,None,610000000,None,,,,,4.77,5.99,3.416,,,,,,,,0.335,,3210000000,2025-10-30,quarterly,3.11,USD,pre-market,None,-22162000000,0.0516,0.73,0.204,23.7,1366000000,9922000000,1351000000,1132000000,87.76,89.43,350.7246,28894000000,9412000000,6921000000,18712000000,19482000000,11791000000,1995000000,8942000000,10.46,None,101.99,60.12
2025-12-28,UBER,7.77,49609998000.0,10.46,None,1.192,13.53,,1879000000,6877000000,6877000000,,,,,,,,,None,1738897000,None,1543000000,1543000000,253000000,None,None,1037000000,None,None,None,,,,,1.585,2.42,None,None,0.69,2020-06-30,19.46,2518000000,16942000000.0,452000000,-1603000000,-13000000,533000000,533000000,None,0,306000000,123000000,None,None,6691000000,None,9784000000,-2688000000,None,None,None,0.0827,,None,-1300000000,715000000,2970000000,None,615000000,None,,,,,4.77,5.99,3.416,,,,,,,,0.335,,3287000000,2025-10-30,quarterly,3.11,USD,pre-market,None,-21073000000,0.0516,0.73,0.204,23.7,1366000000,9415000000,822000000,1033000000,87.76,89.43,350.7246,28240000000,9662000000,5891000000,17719000000,18578000000,11828000000,1995000000,9550000000,10.46,None,101.99,60.12
2025-12-28,UBER,7.77,49609998000.0,10.46,None,1.192,13.53,,1891000000,8358000000,8358000000,,,,,,,,,None,1724367000,None,1543000000,1543000000,215000000,None,891000000,1169000000,None,None,None,,,,,1.585,2.42,None,None,0.69,2020-03-31,19.46,2566000000,16942000000.0,452000000,-1603000000,-13000000,560000000,560000000,None,0,306000000,193000000,None,None,5703000000,None,9986000000,-2688000000,None,None,None,0.0827,,None,-1300000000,756000000,2782000000,None,625000000,None,,,,,4.77,5.99,3.416,,,,,,,,0.335,,3440000000,2025-10-30,quarterly,3.11,USD,pre-market,None,-19298000000,0.0516,0.73,0.204,23.7,1366000000,9324000000,1726000000,831000000,87.76,89.43,350.7246,30090000000,11114000000,6631000000,17772000000,18976000000,11141000000,1995000000,11342000000,10.46,None,101.99,60.12
2025-12-28,UBER,7.77,49609998000.0,10.46,None,1.192,13.53,,1884000000,10972000000,10972000000,,,,,,,,,None,1710260000,None,1543000000,1543000000,272000000,None,27000000,1642000000,None,None,None,,,,,1.585,2.42,None,None,0.69,2019-12-31,19.46,167000000,16942000000.0,452000000,-1603000000,-13000000,71000000,71000000,None,0,306000000,99000000,None,None,5707000000,None,11891000000,-2688000000,None,None,None,0.0827,,None,-1300000000,871000000,3170000000,None,315000000,None,,,,,4.77,5.99,3.416,,,,,,,,0.335,,3325000000,2025-10-30,quarterly,3.11,USD,pre-market,None,-16362000000,0.0516,0.73,0.204,23.7,1366000000,7761000000,388000000,440000000,87.76,89.43,350.7246,31761000000,13925000000,5639000000,16578000000,17836000000,10939000000,1995000000,14190000000,10.46,None,101.99,60.12
2025-12-28,UBER,7.77,49609998000.0,10.46,None,1.192,13.53,,1786000000,12683000000,12683000000,,,,,,,,,None,1700213000,None,1543000000,1543000000,126000000,None,27000000,1735000000,None,None,None,,,,,1.585,2.42,None,None,0.69,2019-09-30,19.46,167000000,16942000000.0,452000000,-1603000000,-13000000,74000000,74000000,None,0,306000000,33000000,None,None,5711000000,None,11805000000,-2688000000,None,None,None,0.0827,,None,-1300000000,735000000,3313000000,None,319000000,None,,,,,4.77,5.99,3.416,,,,,,,,0.335,,3075000000,2025-10-30,quarterly,3.11,USD,pre-market,None,-15266000000,0.0516,0.73,0.204,23.7,1366000000,7576000000,327000000,10412000000,87.76,89.43,350.7246,32292000000,15153000000,5372000000,16241000000,17139000000,10869000000,1995000000,15062000000,10.46,None,101.99,60.12
2025-12-28,UBER,7.77,49609998000.0,10.46,None,1.192,13.53,,1587000000,11881000000,11881000000,,,,,,,,,None,1110704000,None,1543000000,1543000000,167000000,None,27000000,1874000000,None,None,None,,,,,1.585,2.42,None,None,0.69,2019-06-30,19.46,167000000,16942000000.0,452000000,-1603000000,-13000000,78000000,78000000,None,0,306000000,137000000,None,None,4526000000,None,11785000000,-2688000000,None,None,None,0.0827,,None,-1300000000,545000000,3300000000,None,355000000,None,,,,,4.77,5.99,3.416,,,,,,,,0.335,,2784000000,2025-10-30,quarterly,3.11,USD,pre-market,None,-14104000000,0.0516,0.73,0.204,23.7,1366000000,6193000000,313000000,10415000000,87.76,89.43,350.7246,30980000000,14300000000,5570000000,15072000000,16680000000,9502000000,1995000000,15922000000,10.46,None,101.99,60.12
2025-12-28,UBER,7.77,49609998000.0,10.46,None,1.192,13.53,,1518000000,5881000000,5881000000,,,,,,,,,-14224000000,1676959021,None,1543000000,1543000000,151000000,None,27000000,1557000000,None,None,None,,,,,1.585,2.42,None,None,0.69,2019-03-31,19.46,153000000,16942000000.0,452000000,-1603000000,-13000000,78000000,78000000,None,0,306000000,136000000,None,None,6939000000,None,11716000000,-2688000000,None,None,None,0.0827,,None,-1300000000,492000000,2970000000,None,575000000,None,,,,,4.77,5.99,3.416,,,,,,,,0.335,,2648000000,2025-10-30,quarterly,3.11,USD,pre-market,None,-8868000000,0.0516,0.73,0.204,23.7,1366000000,10388000000,293000000,None,87.76,89.43,350.7246,24390000000,7930000000,4714000000,18602000000,16460000000,13888000000,1995000000,5792000000,10.46,None,101.99,60.12
2025-12-28,UBER,7.77,49609998000.0,10.46,None,1.192,13.53,,None,6473000000,6473000000,,,,,,,,,None,1676959021,None,1543000000,1543000000,150000000,None,None,1335000000,None,None,None,,,,,1.585,2.42,None,None,0.69,2018-12-31,19.46,153000000,16942000000.0,452000000,-1603000000,-13000000,82000000,82000000,None,0,306000000,738000000,None,None,None,None,None,-2688000000,None,None,None,0.0827,,None,-1300000000,850000000,3846000000,None,None,None,,,,,4.77,5.99,3.416,,,,,,,,0.335,,None,2025-10-30,quarterly,3.11,USD,pre-market,None,-7865000000,0.0516,0.73,0.204,23.7,1366000000,9521000000,198000000,None,87.76,89.43,350.7246,23988000000,8658000000,4259000000,17196000000,15330000000,12937000000,1995000000,6792000000,10.46,None,101.99,60.12
2025-12-28,UBER,7.77,49609998000.0,10.46,None,1.192,13.53,,None,None,None,,,,,,,,,None,1700213000,None,1543000000,1543000000,None,None,None,None,None,None,None,,,,,1.585,2.42,None,None,0.69,2018-09-30,19.46,None,16942000000.0,452000000,-1603000000,-13000000,None,None,None,0,306000000,None,None,None,None,None,None,-2688000000,None,None,None,0.0827,,None,-1300000000,None,None,None,None,None,,,,,4.77,5.99,3.416,,,,,,,,0.335,,None,2025-10-30,quarterly,3.11,USD,pre-market,None,None,0.0516,0.73,0.204,23.7,1366000000,None,None,None,87.76,89.43,350.7246,None,None,None,None,None,None,1995000000,None,10.46,None,101.99,60.12
2025-12-28,UBER,7.77,49609998000.0,10.46,None,1.192,13.53,,None,None,None,,,,,,,,,None,1700213000,None,1543000000,1543000000,None,None,None,None,None,None,None,,,,,1.585,2.42,None,None,0.69,2018-06-30,19.46,None,16942000000.0,452000000,-1603000000,-13000000,None,None,None,0,306000000,None,None,None,None,None,None,-2688000000,None,None,None,0.0827,,None,-1300000000,None,None,None,None,None,,,,,4.77,5.99,3.416,,,,,,,,0.335,,None,2025-10-30,quarterly,3.11,USD,pre-market,None,None,0.0516,0.73,0.204,23.7,1366000000,None,None,None,87.76,89.43,350.7246,None,None,None,None,None,None,1995000000,None,10.46,None,101.99,60.12
2025-12-28,UBER,7.77,49609998000.0,10.46,None,1.192,13.53,,None,None,None,,,,,,,,,None,1700213000,None,1543000000,1543000000,None,None,None,None,None,None,None,,,,,1.585,2.42,None,None,0.69,2018-03-31,19.46,None,16942000000.0,452000000,-1603000000,-13000000,None,None,None,0,306000000,None,None,None,None,None,None,-2688000000,None,None,None,0.0827,,None,-1300000000,None,None,None,None,None,,,,,4.77,5.99,3.416,,,,,,,,0.335,,None,2025-10-30,quarterly,3.11,USD,pre-market,None,None,0.0516,0.73,0.204,23.7,1366000000,None,None,None,87.76,89.43,350.7246,None,4393000000,None,-3653000000,-4393000000,-3653000000,1995000000,3653000000,10.46,None,101.99,60.12
2025-12-28,UBER,7.77,49609998000.0,10.46,None,1.192,13.53,,None,4535000000,4535000000,,,,,,,,,None,1682521965,None,1543000000,1543000000,213000000,None,None,926000000,None,None,None,,,,,1.585,2.42,None,None,0.69,2017-12-31,19.46,39000000,16942000000.0,452000000,-1603000000,-13000000,54000000,54000000,None,0,306000000,None,None,None,None,None,None,-2688000000,None,None,None,0.0827,,None,-1300000000,1376000000,3115000000,None,None,None,,,,,4.77,5.99,3.416,,,,,,,,0.335,,None,2025-10-30,quarterly,3.11,None,pre-market,None,-8874000000,0.0516,0.73,0.204,23.7,1366000000,5092000000,237000000,None,87.76,89.43,350.7246,15426000000,6837000000,3847000000,11773000000,8589000000,7926000000,1995000000,3653000000,10.46,None,101.99,60.12
2025-12-28,UBER,7.77,49609998000.0,10.46,None,1.192,13.53,,None,None,None,,,,,,,,,None,1682521965,None,1543000000,1543000000,None,None,None,None,None,None,None,,,,,1.585,2.42,None,None,0.69,2017-09-30,19.46,None,16942000000.0,452000000,-1603000000,-13000000,None,None,None,0,306000000,None,None,None,None,None,None,-2688000000,None,None,None,0.0827,,None,-1300000000,None,None,None,None,None,,,,,4.77,5.99,3.416,,,,,,,,0.335,,None,2025-10-30,quarterly,3.11,None,pre-market,None,None,0.0516,0.73,0.204,23.7,1366000000,None,None,None,87.76,89.43,350.7246,None,None,None,None,None,None,1995000000,None,10.46,None,101.99,60.12
2025-12-28,UBER,7.77,49609998000.0,10.46,None,1.192,13.53,,None,None,None,,,,,,,,,None,1682521965,None,1543000000,1543000000,None,None,None,None,None,None,None,,,,,1.585,2.42,None,None,0.69,2017-06-30,19.46,None,16942000000.0,452000000,-1603000000,-13000000,None,None,None,0,306000000,None,None,None,None,None,None,-2688000000,None,None,None,0.0827,,None,-1300000000,None,None,None,None,None,,,,,4.77,5.99,3.416,,,,,,,,0.335,,None,2025-10-30,quarterly,3.11,None,pre-market,None,None,0.0516,0.73,0.204,23.7,1366000000,None,None,None,87.76,89.43,350.7246,None,None,None,None,None,None,1995000000,None,10.46,None,101.99,60.12
2025-12-28,UBER,7.77,49609998000.0,10.46,None,1.192,13.53,,None,None,None,,,,,,,,,None,1682521965,None,1543000000,1543000000,None,None,None,None,None,None,None,,,,,1.585,2.42,None,None,0.69,2017-03-31,19.46,None,16942000000.0,452000000,-1603000000,-13000000,None,None,None,0,306000000,None,None,None,None,None,None,-2688000000,None,None,None,0.0827,,None,-1300000000,None,None,None,None,None,,,,,4.77,5.99,3.416,,,,,,,,0.335,,None,2025-10-30,quarterly,3.11,None,pre-market,None,None,0.0516,0.73,0.204,23.7,1366000000,None,None,None,87.76,89.43,350.7246,None,None,None,None,None,None,1995000000,None,10.46,None,101.99,60.12
2025-12-28,UBER,7.77,49609998000.0,10.46,None,1.192,13.53,,1629000000,6438000000,6438000000,,,,,,,,,21000,2150508000,None,1543000000,1543000000,858000000,None,1150000000,3815000000,None,None,None,,,,,1.585,2.42,None,None,0.69,2024-12-31,19.46,8066000000,16942000000.0,452000000,-1603000000,-13000000,1125000000,1125000000,None,0,306000000,None,None,None,8347000000,None,8618000000,-2688000000,None,None,None,0.0827,,None,-1300000000,908000000,9157000000,None,440000000,None,,,,,4.77,5.99,3.416,,,,,,,,0.335,,3110000000,2025-10-30,annual,3.11,USD,pre-market,None,-20726000000,0.0516,0.73,0.204,23.7,1366000000,11436000000,1461000000,1084000000,87.76,89.43,350.7246,51244000000,12245000000,11476000000,28768000000,38999000000,17292000000,1995000000,21558000000,10.46,None,101.99,60.12
2025-12-28,UBER,7.77,49609998000.0,10.46,None,1.192,13.53,,1740000000,5485000000,5485000000,,,,,,,,,20700,2091782000,None,1543000000,1543000000,790000000,None,25000000,4121000000,None,None,None,,,,,1.585,2.42,None,None,0.69,2023-12-31,19.46,8151000000,16942000000.0,452000000,-1603000000,-13000000,1425000000,1425000000,None,0,306000000,None,None,None,9459000000,None,6328000000,-2688000000,None,None,None,0.0827,,None,-1300000000,964000000,7481000000,None,776000000,None,,,,,4.77,5.99,3.416,,,,,,,,0.335,,3314000000,2025-10-30,annual,3.11,USD,pre-market,None,-30594000000,0.0516,0.73,0.204,23.7,1366000000,11830000000,499000000,727000000,87.76,89.43,350.7246,38699000000,11297000000,9454000000,26017000000,27402000000,16563000000,1995000000,11249000000,10.46,None,101.99,60.12
2025-12-28,UBER,7.77,49609998000.0,10.46,None,1.192,13.53,,1874000000,4888000000,4888000000,,,,,,,,,19940,1974928000,None,1543000000,1543000000,728000000,None,None,3489000000,None,None,None,,,,,1.585,2.42,None,None,0.69,2022-12-31,19.46,8263000000,16942000000.0,452000000,-1603000000,-13000000,1874000000,1874000000,None,0,306000000,680000000,None,None,9265000000,None,5271000000,-2688000000,None,None,None,0.0827,,None,-1300000000,769000000,5581000000,None,5487000000,None,,,,,4.77,5.99,3.416,,,,,,,,0.335,,2082000000,2025-10-30,annual,3.11,USD,pre-market,None,-32767000000,0.0516,0.73,0.204,23.7,1366000000,11717000000,495000000,103000000,87.76,89.43,350.7246,32109000000,9249000000,8853000000,23605000000,22860000000,14752000000,1995000000,7340000000,10.46,None,101.99,60.12
2025-12-28,UBER,7.77,49609998000.0,10.46,None,1.192,13.53,,1829000000,4295000000,4295000000,,,,,,,,,18500,1949316000,None,1543000000,1543000000,860000000,None,None,2992000000,None,None,None,,,,,1.585,2.42,None,None,0.69,2021-12-31,19.46,8420000000,16942000000.0,452000000,-1603000000,-13000000,2412000000,2412000000,None,0,306000000,1643000000,None,None,9276000000,None,12474000000,-2688000000,None,None,None,0.0827,,None,-1300000000,1073000000,2707000000,None,570000000,None,,,,,4.77,5.99,3.416,,,,,,,,0.335,,3241000000,2025-10-30,annual,3.11,USD,pre-market,None,-23626000000,0.0516,0.73,0.204,23.7,1366000000,11105000000,185000000,1180000000,87.76,89.43,350.7246,38774000000,8819000000,9024000000,23425000000,29955000000,14401000000,1995000000,14458000000,10.46,None,101.99,60.12
2025-12-28,UBER,7.77,49609998000.0,10.46,None,1.192,13.53,,1719000000,5897000000,5897000000,,,,,,,,,18500,1752960000,None,1543000000,1543000000,235000000,None,348000000,1537000000,None,None,None,,,,,1.585,2.42,None,None,0.69,2020-12-31,19.46,6109000000,16942000000.0,452000000,-1603000000,-13000000,1564000000,1564000000,None,0,306000000,767000000,None,None,7560000000,None,1079000000,-2688000000,None,None,None,0.0827,,None,-1300000000,1268000000,3586000000,None,5073000000,None,,,,,4.77,5.99,3.416,,,,,,,,0.335,,1814000000,2025-10-30,annual,3.11,USD,pre-market,None,-23130000000,0.0516,0.73,0.204,23.7,1366000000,10374000000,1030000000,1180000000,87.76,89.43,350.7246,33252000000,9882000000,6865000000,19498000000,23370000000,12633000000,1995000000,12266000000,10.46,None,101.99,60.12
2025-12-28,UBER,7.77,49609998000.0,10.46,None,1.192,13.53,,1884000000,10972000000,10972000000,,,,,,,,,17170,1248353000,None,1543000000,1543000000,272000000,None,27000000,1642000000,None,None,None,,,,,1.585,2.42,None,None,0.69,2019-12-31,19.46,167000000,16942000000.0,452000000,-1603000000,-13000000,71000000,71000000,None,0,306000000,99000000,None,None,5707000000,None,11891000000,-2688000000,None,None,None,0.0827,,None,-1300000000,871000000,3170000000,None,315000000,None,,,,,4.77,5.99,3.416,,,,,,,,0.335,,3325000000,2025-10-30,annual,3.11,USD,pre-market,None,-16362000000,0.0516,0.73,0.204,23.7,1366000000,7761000000,388000000,440000000,87.76,89.43,350.7246,31761000000,13925000000,5639000000,16578000000,17836000000,10939000000,1995000000,14190000000,10.46,None,101.99,60.12
2025-12-28,UBER,7.77,49609998000.0,10.46,None,1.192,13.53,,None,6406000000,6406000000,,,,,,,,,0,1092241000,None,1543000000,1543000000,150000000,None,27000000,1335000000,None,None,None,,,,,1.585,2.42,None,None,0.69,2018-12-31,19.46,153000000,16942000000.0,452000000,-1603000000,-13000000,82000000,82000000,None,0,306000000,738000000,None,None,4535000000,None,11667000000,-2688000000,None,None,None,0.0827,,None,-1300000000,179000000,5163000000,None,1811000000,None,,,,,4.77,5.99,3.416,,,,,,,,0.335,,1641000000,2025-10-30,annual,3.11,USD,pre-market,None,-10334000000,0.0516,0.73,0.204,23.7,1366000000,7332000000,27000000,None,87.76,89.43,350.7246,23988000000,8658000000,5313000000,13655000000,15330000000,8342000000,1995000000,10333000000,10.46,None,101.99,60.12
2025-12-28,UBER,7.77,49609998000.0,10.46,None,1.192,13.53,,63000000,4393000000,4393000000,,,,,,,,,0,1092241000,None,1543000000,1543000000,213000000,None,87000000,926000000,None,None,None,,,,,1.585,2.42,None,None,0.69,2017-12-31,19.46,39000000,16942000000.0,452000000,-1603000000,-13000000,54000000,54000000,None,0,306000000,1497000000,None,None,3048000000,None,5969000000,-2688000000,None,None,None,0.0827,,None,-1300000000,21000000,3446000000,None,741000000,None,,,,,4.77,5.99,3.416,,,,,,,,0.335,,1192000000,2025-10-30,annual,3.11,USD,pre-market,None,-8874000000,0.0516,0.73,0.204,23.7,1366000000,3488000000,150000000,None,87.76,89.43,350.7246,15426000000,6837000000,3847000000,23983000000,8589000000,20136000000,1995000000,-8557000000,10.46,None,101.99,60.12
2025-12-28,UBER,7.77,49609998000.0,10.46,None,1.192,13.53,,None,6241000000,6241000000,,,,,,,,,None,1525531000,None,1543000000,1543000000,280000000,None,12000000,387000000,None,None,None,,,,,1.585,2.42,None,None,0.69,2016-12-31,19.46,39000000,16942000000.0,452000000,-1603000000,-13000000,51000000,51000000,None,0,306000000,None,None,None,3112000000,None,5969000000,-2688000000,None,None,None,0.0827,,None,-1300000000,331000000,2130000000,None,None,None,,,,,4.77,5.99,3.416,,,,,,,,0.335,,2077000000,2025-10-30,annual,3.11,USD,pre-market,None,-4806000000,0.0516,0.73,0.204,23.7,1366000000,3127000000,15000000,55000000,87.76,89.43,350.7246,15713000000,7014000000,2425000000,8987000000,8699000000,6562000000,1995000000,6726000000,10.46,None,101.99,60.12
2025-12-28,UBER,7.77,49609998000.0,10.46,None,1.192,13.53,98000000,None,6241000000,6241000000,-538000000,53000000,None,None,None,None,None,None,None,1525531000,None,1543000000,1543000000,280000000,None,12000000,387000000,None,None,None,-188000000,None,None,None,1.585,2.42,None,None,0.69,2025-09-30,19.46,39000000,16942000000.0,452000000,-1603000000,-13000000,51000000,51000000,None,0,306000000,None,None,None,3112000000,None,5969000000,6626000000,None,None,None,0.0827,2328000000,None,-1300000000,331000000,2130000000,None,None,None,None,None,None,None,4.77,5.99,3.416,None,None,None,None,None,-1463000000,None,0.335,None,2077000000,2025-10-30,quarterly,3.11,USD,pre-market,None,-4806000000,0.0516,0.73,0.204,23.7,1366000000,3127000000,15000000,55000000,87.76,89.43,350.7246,15713000000,7014000000,2425000000,8987000000,8699000000,6562000000,1995000000,6726000000,10.46,None,101.99,60.12
2025-12-28,UBER,7.77,49609998000.0,10.46,None,1.192,13.53,89000000,None,6241000000,6241000000,-195000000,-1461000000,None,None,None,None,None,None,None,1525531000,None,1543000000,1543000000,280000000,None,12000000,387000000,None,None,None,181000000,None,None,None,1.585,2.42,None,None,0.69,2025-06-30,19.46,39000000,16942000000.0,452000000,-1603000000,-13000000,51000000,51000000,None,0,306000000,None,None,None,3112000000,None,5969000000,1350000000,None,None,None,0.0827,2564000000,None,-1300000000,331000000,2130000000,None,None,None,None,None,None,None,4.77,5.99,3.416,None,None,None,None,None,-1363000000,None,0.335,None,2077000000,2025-10-30,quarterly,3.11,USD,pre-market,None,-4806000000,0.0516,0.73,0.204,23.7,1366000000,3127000000,15000000,55000000,87.76,89.43,350.7246,15713000000,7014000000,2425000000,8987000000,8699000000,6562000000,1995000000,6726000000,10.46,None,101.99,60.12
2025-12-28,UBER,7.77,49609998000.0,10.46,None,1.192,13.53,74000000,None,6241000000,6241000000,-1862000000,-542000000,None,None,None,None,None,None,None,1525531000,None,1543000000,1543000000,280000000,None,12000000,387000000,None,None,None,178000000,None,None,None,1.585,2.42,None,None,0.69,2025-03-31,19.46,39000000,16942000000.0,452000000,-1603000000,-13000000,51000000,51000000,None,0,306000000,None,None,None,3112000000,None,5969000000,1774000000,None,None,None,0.0827,2324000000,None,-1300000000,331000000,2130000000,None,None,None,None,None,None,None,4.77,5.99,3.416,None,None,None,None,None,-1785000000,None,0.335,None,2077000000,2025-10-30,quarterly,3.11,USD,pre-market,None,-4806000000,0.0516,0.73,0.204,23.7,1366000000,3127000000,15000000,55000000,87.76,89.43,350.7246,15713000000,7014000000,2425000000,8987000000,8699000000,6562000000,1995000000,6726000000,10.46,None,101.99,60.12
2025-12-28,UBER,7.77,49609998000.0,10.46,None,1.192,13.53,44000000,None,6241000000,6241000000,-3397000000,1433000000,None,None,None,None,None,None,None,1525531000,None,1543000000,1543000000,280000000,None,12000000,387000000,None,None,None,176000000,None,None,None,1.585,2.42,None,None,0.69,2024-12-31,19.46,39000000,16942000000.0,452000000,-1603000000,-13000000,51000000,51000000,None,0,306000000,None,None,None,3112000000,None,5969000000,6901000000,None,None,None,0.0827,1750000000,None,-1300000000,331000000,2130000000,None,None,None,None,None,None,None,4.77,5.99,3.416,None,None,None,None,None,-555000000,None,0.335,None,2077000000,2025-10-30,quarterly,3.11,USD,pre-market,None,-4806000000,0.0516,0.73,0.204,23.7,1366000000,3127000000,15000000,55000000,87.76,89.43,350.7246,15713000000,7014000000,2425000000,8987000000,8699000000,6562000000,1995000000,6726000000,10.46,None,101.99,60.12
2025-12-28,UBER,7.77,49609998000.0,10.46,None,1.192,13.53,42000000,None,6241000000,6241000000,1601000000,-2692000000,None,None,None,None,None,None,None,1525531000,None,1543000000,1543000000,280000000,None,12000000,387000000,None,None,None,186000000,None,None,None,1.585,2.42,None,None,0.69,2024-09-30,19.46,39000000,16942000000.0,452000000,-1603000000,-13000000,51000000,51000000,None,0,306000000,None,None,None,3112000000,None,5969000000,2599000000,None,None,None,0.0827,2151000000,None,-1300000000,331000000,2130000000,None,None,None,None,None,None,None,4.77,5.99,3.416,None,None,None,None,None,-372000000,None,0.335,None,2077000000,2025-10-30,quarterly,3.11,USD,pre-market,None,-4806000000,0.0516,0.73,0.204,23.7,1366000000,3127000000,15000000,55000000,87.76,89.43,350.7246,15713000000,7014000000,2425000000,8987000000,8699000000,6562000000,1995000000,6726000000,10.46,None,101.99,60.12
2025-12-28,UBER,7.77,49609998000.0,10.46,None,1.192,13.53,99000000,None,6241000000,6241000000,-191000000,-1676000000,None,None,None,None,None,None,None,1525531000,None,1543000000,1543000000,280000000,None,12000000,387000000,None,None,None,181000000,None,None,None,1.585,2.42,None,None,0.69,2024-06-30,19.46,39000000,16942000000.0,452000000,-1603000000,-13000000,51000000,51000000,None,0,306000000,None,None,None,3112000000,None,5969000000,1015000000,None,None,None,0.0827,1820000000,None,-1300000000,331000000,2130000000,None,None,None,None,None,None,None,4.77,5.99,3.416,None,None,None,None,None,-325000000,None,0.335,None,2077000000,2025-10-30,quarterly,3.11,USD,pre-market,None,-4806000000,0.0516,0.73,0.204,23.7,1366000000,3127000000,15000000,55000000,87.76,89.43,350.7246,15713000000,7014000000,2425000000,8987000000,8699000000,6562000000,1995000000,6726000000,10.46,None,101.99,60.12
2025-12-28,UBER,7.77,49609998000.0,10.46,None,1.192,13.53,57000000,None,6241000000,6241000000,-100000000,-242000000,None,None,None,None,None,None,None,1525531000,None,1543000000,1543000000,280000000,None,12000000,387000000,None,None,None,194000000,None,None,None,1.585,2.42,None,None,0.69,2024-03-31,19.46,39000000,16942000000.0,452000000,-1603000000,-13000000,51000000,51000000,None,0,306000000,None,None,None,3112000000,None,5969000000,-654000000,None,None,None,0.0827,1416000000,None,-1300000000,331000000,2130000000,None,None,None,None,None,None,None,4.77,5.99,3.416,None,None,None,None,None,0,None,0.335,None,2077000000,2025-10-30,quarterly,3.11,USD,pre-market,None,-4806000000,0.0516,0.73,0.204,23.7,1366000000,3127000000,15000000,55000000,87.76,89.43,350.7246,15713000000,7014000000,2425000000,8987000000,8699000000,6562000000,1995000000,6726000000,10.46,None,101.99,60.12
2025-12-28,UBER,7.77,49609998000.0,10.46,None,1.192,13.53,55000000,None,6241000000,6241000000,46000000,-819000000,None,None,413000000,None,None,None,None,1525531000,None,1543000000,1543000000,280000000,None,12000000,387000000,None,None,None,203000000,None,None,None,1.585,2.42,None,None,0.69,2023-12-31,19.46,39000000,16942000000.0,452000000,-1603000000,-13000000,51000000,51000000,None,0,306000000,None,None,None,3112000000,None,5969000000,1429000000,None,None,None,0.0827,823000000,None,-1300000000,331000000,2130000000,None,None,None,None,None,None,None,4.77,5.99,3.416,None,None,None,None,None,130000000,None,0.335,None,2077000000,2025-10-30,quarterly,3.11,USD,pre-market,None,-4806000000,0.0516,0.73,0.204,23.7,1366000000,3127000000,15000000,55000000,87.76,89.43,350.7246,15713000000,7014000000,2425000000,8987000000,8699000000,6562000000,1995000000,6726000000,10.46,None,101.99,60.12
2025-12-28,UBER,7.77,49609998000.0,10.46,None,1.192,13.53,61000000,None,6241000000,6241000000,-76000000,-2416000000,None,None,-208000000,None,None,None,None,1525531000,None,1543000000,1543000000,280000000,None,12000000,387000000,None,None,None,205000000,None,None,None,1.585,2.42,None,None,0.69,2023-09-30,19.46,39000000,16942000000.0,452000000,-1603000000,-13000000,51000000,51000000,None,0,306000000,None,None,None,3112000000,None,5969000000,219000000,None,None,None,0.0827,966000000,None,-1300000000,331000000,2130000000,None,None,None,None,None,None,None,4.77,5.99,3.416,None,None,None,None,None,85000000,None,0.335,None,2077000000,2025-10-30,quarterly,3.11,USD,pre-market,None,-4806000000,0.0516,0.73,0.204,23.7,1366000000,3127000000,15000000,55000000,87.76,89.43,350.7246,15713000000,7014000000,2425000000,8987000000,8699000000,6562000000,1995000000,6726000000,10.46,None,101.99,60.12
2025-12-28,UBER,7.77,49609998000.0,10.46,None,1.192,13.53,50000000,None,6241000000,6241000000,42000000,408000000,1640000000,None,-205000000,None,None,-13000000,None,1525531000,None,1543000000,1543000000,280000000,None,12000000,387000000,None,None,None,208000000,None,None,None,1.585,2.42,None,None,0.69,2023-06-30,19.46,39000000,16942000000.0,452000000,-1603000000,-13000000,51000000,51000000,None,0,306000000,None,None,None,3112000000,None,5969000000,394000000,None,None,None,0.0827,1190000000,None,-1300000000,331000000,2130000000,None,None,None,None,None,None,None,4.77,5.99,3.416,None,None,None,None,None,85000000,None,0.335,None,2077000000,2025-10-30,quarterly,3.11,USD,pre-market,None,-4806000000,0.0516,0.73,0.204,23.7,1366000000,3127000000,15000000,55000000,87.76,89.43,350.7246,15713000000,7014000000,2425000000,8987000000,8699000000,6562000000,1995000000,6726000000,10.46,None,101.99,60.12
2025-12-28,UBER,7.77,49609998000.0,10.46,None,1.192,13.53,57000000,None,6241000000,6241000000,-107000000,-399000000,100000000,None,None,None,None,168000000,None,1525531000,None,1543000000,1543000000,280000000,None,12000000,387000000,None,None,None,207000000,None,None,None,1.585,2.42,None,None,0.69,2023-03-31,19.46,39000000,16942000000.0,452000000,-1603000000,-13000000,51000000,51000000,None,0,306000000,None,None,None,3112000000,None,5969000000,-157000000,None,None,None,0.0827,606000000,None,-1300000000,331000000,2130000000,None,None,None,None,None,None,None,4.77,5.99,3.416,None,None,None,None,None,None,None,0.335,None,2077000000,2025-10-30,quarterly,3.11,USD,pre-market,None,-4806000000,0.0516,0.73,0.204,23.7,1366000000,3127000000,15000000,55000000,87.76,89.43,350.7246,15713000000,7014000000,2425000000,8987000000,8699000000,6562000000,1995000000,6726000000,10.46,None,101.99,60.12
2025-12-28,UBER,7.77,49609998000.0,10.46,None,1.192,13.53,59000000,None,6241000000,6241000000,-89000000,-1769000000,-2102000000,None,None,None,None,-323000000,None,1525531000,None,1543000000,1543000000,280000000,None,12000000,387000000,None,None,None,223000000,None,None,None,1.585,2.42,None,None,0.69,2022-12-31,19.46,39000000,16942000000.0,452000000,-1603000000,-13000000,51000000,51000000,None,0,306000000,None,None,None,3112000000,None,5969000000,600000000,None,None,None,0.0827,-244000000,None,-1300000000,331000000,2130000000,None,None,None,None,None,None,None,4.77,5.99,3.416,None,None,None,None,None,125000000,None,0.335,None,2077000000,2025-10-30,quarterly,3.11,USD,pre-market,None,-4806000000,0.0516,0.73,0.204,23.7,1366000000,3127000000,15000000,55000000,87.76,89.43,350.7246,15713000000,7014000000,2425000000,8987000000,8699000000,6562000000,1995000000,6726000000,10.46,None,101.99,60.12
2025-12-28,UBER,7.77,49609998000.0,10.46,None,1.192,13.53,74000000,None,6241000000,6241000000,212000000,321000000,965000000,None,None,None,None,-90000000,None,1525531000,None,1543000000,1543000000,280000000,None,12000000,387000000,None,None,None,227000000,None,None,None,1.585,2.42,None,None,0.69,2022-09-30,19.46,39000000,16942000000.0,452000000,-1603000000,-13000000,51000000,51000000,None,0,306000000,None,None,None,3112000000,None,5969000000,-1204000000,None,None,None,0.0827,432000000,None,-1300000000,331000000,2130000000,None,None,None,None,None,None,None,4.77,5.99,3.416,None,None,None,None,None,314000000,None,0.335,None,2077000000,2025-10-30,quarterly,3.11,USD,pre-market,None,-4806000000,0.0516,0.73,0.204,23.7,1366000000,3127000000,15000000,55000000,87.76,89.43,350.7246,15713000000,7014000000,2425000000,8987000000,8699000000,6562000000,1995000000,6726000000,10.46,None,101.99,60.12
2025-12-28,UBER,7.77,49609998000.0,10.46,None,1.192,13.53,57000000,None,6241000000,6241000000,5000000,-54000000,390000000,None,None,None,None,-103000000,None,1525531000,None,1543000000,1543000000,280000000,None,12000000,387000000,None,None,None,243000000,None,None,None,1.585,2.42,None,None,0.69,2022-06-30,19.46,39000000,16942000000.0,452000000,-1603000000,-13000000,51000000,51000000,None,0,306000000,None,None,None,3112000000,None,5969000000,-2616000000,None,None,None,0.0827,439000000,None,-1300000000,331000000,2130000000,None,None,None,None,None,None,None,4.77,5.99,3.416,None,None,None,None,None,59000000,None,0.335,None,2077000000,2025-10-30,quarterly,3.11,USD,pre-market,None,-4806000000,0.0516,0.73,0.204,23.7,1366000000,3127000000,15000000,55000000,87.76,89.43,350.7246,15713000000,7014000000,2425000000,8987000000,8699000000,6562000000,1995000000,6726000000,10.46,None,101.99,60.12
2025-12-28,UBER,7.77,49609998000.0,10.46,None,1.192,13.53,62000000,None,6241000000,6241000000,-113000000,-135000000,-233000000,None,None,None,None,-26000000,None,1525531000,None,1543000000,1543000000,280000000,None,12000000,387000000,None,None,None,254000000,None,None,None,1.585,2.42,None,None,0.69,2022-03-31,19.46,39000000,16942000000.0,452000000,-1603000000,-13000000,51000000,51000000,None,0,306000000,None,None,None,3112000000,None,5969000000,-5918000000,None,None,None,0.0827,15000000,None,-1300000000,331000000,2130000000,None,None,None,None,None,None,None,4.77,5.99,3.416,None,None,None,None,None,None,None,0.335,None,2077000000,2025-10-30,quarterly,3.11,USD,pre-market,None,-4806000000,0.0516,0.73,0.204,23.7,1366000000,3127000000,15000000,55000000,87.76,89.43,350.7246,15713000000,7014000000,2425000000,8987000000,8699000000,6562000000,1995000000,6726000000,10.46,None,101.99,60.12
2025-12-28,UBER,7.77,49609998000.0,10.46,None,1.192,13.53,80000000,None,6241000000,6241000000,414000000,-2268000000,-1961000000,None,159000000,None,None,-243000000,None,1525531000,None,1543000000,1543000000,280000000,None,12000000,387000000,None,None,None,246000000,None,None,None,1.585,2.42,None,None,0.69,2021-12-31,19.46,39000000,16942000000.0,452000000,-1603000000,-13000000,51000000,51000000,None,0,306000000,None,None,None,3112000000,None,5969000000,879000000,None,None,None,0.0827,-107000000,None,-1300000000,331000000,2130000000,None,None,None,None,None,None,None,4.77,5.99,3.416,None,None,None,None,None,483000000,None,0.335,None,2077000000,2025-10-30,quarterly,3.11,USD,pre-market,None,-4806000000,0.0516,0.73,0.204,23.7,1366000000,3127000000,15000000,55000000,87.76,89.43,350.7246,15713000000,7014000000,2425000000,8987000000,8699000000,6562000000,1995000000,6726000000,10.46,None,101.99,60.12
2025-12-28,UBER,7.77,49609998000.0,10.46,None,1.192,13.53,90000000,None,6241000000,6241000000,1556000000,1216000000,3386000000,None,-106000000,None,None,-205000000,None,1525531000,None,1543000000,1543000000,280000000,None,12000000,387000000,None,None,None,218000000,None,None,None,1.585,2.42,None,None,0.69,2021-09-30,19.46,39000000,16942000000.0,452000000,-1603000000,-13000000,51000000,51000000,None,0,306000000,None,None,None,3112000000,None,5969000000,-2439000000,None,None,None,0.0827,614000000,None,-1300000000,331000000,2130000000,None,None,None,None,None,None,None,4.77,5.99,3.416,None,None,None,None,None,125000000,None,0.335,None,2077000000,2025-10-30,quarterly,3.11,USD,pre-market,None,-4806000000,0.0516,0.73,0.204,23.7,1366000000,3127000000,15000000,55000000,87.76,89.43,350.7246,15713000000,7014000000,2425000000,8987000000,8699000000,6562000000,1995000000,6726000000,10.46,None,101.99,60.12
2025-12-28,UBER,7.77,49609998000.0,10.46,None,1.192,13.53,57000000,None,6241000000,6241000000,36000000,101000000,-204000000,None,283000000,None,None,-114000000,None,1525531000,None,1543000000,1543000000,280000000,None,12000000,387000000,None,None,None,226000000,None,None,None,1.585,2.42,None,None,0.69,2021-06-30,19.46,39000000,16942000000.0,452000000,-1603000000,-13000000,51000000,51000000,None,0,306000000,None,None,None,3112000000,None,5969000000,1112000000,None,None,None,0.0827,-341000000,None,-1300000000,331000000,2130000000,None,None,None,None,None,None,None,4.77,5.99,3.416,None,None,None,None,None,67000000,None,0.335,None,2077000000,2025-10-30,quarterly,3.11,USD,pre-market,None,-4806000000,0.0516,0.73,0.204,23.7,1366000000,3127000000,15000000,55000000,87.76,89.43,350.7246,15713000000,7014000000,2425000000,8987000000,8699000000,6562000000,1995000000,6726000000,10.46,None,101.99,60.12
2025-12-28,UBER,7.77,49609998000.0,10.46,None,1.192,13.53,71000000,None,6241000000,6241000000,-226000000,-250000000,-1087000000,None,477000000,None,None,-35000000,None,1525531000,None,1543000000,1543000000,280000000,None,12000000,387000000,None,None,None,212000000,None,None,None,1.585,2.42,None,None,0.69,2021-03-31,19.46,39000000,16942000000.0,452000000,-1603000000,-13000000,51000000,51000000,None,0,306000000,None,None,None,3112000000,None,5969000000,-122000000,None,None,None,0.0827,-611000000,None,-1300000000,331000000,2130000000,None,None,None,None,None,None,None,4.77,5.99,3.416,None,None,None,None,None,-82000000,None,0.335,None,2077000000,2025-10-30,quarterly,3.11,USD,pre-market,None,-4806000000,0.0516,0.73,0.204,23.7,1366000000,3127000000,15000000,55000000,87.76,89.43,350.7246,15713000000,7014000000,2425000000,8987000000,8699000000,6562000000,1995000000,6726000000,10.46,None,101.99,60.12
2025-12-28,UBER,7.77,49609998000.0,10.46,None,1.192,13.53,123000000,None,6241000000,6241000000,896000000,-192000000,None,None,-19000000,None,None,None,None,1525531000,None,1543000000,1543000000,280000000,None,12000000,387000000,None,None,None,180000000,None,None,None,1.585,2.42,None,None,0.69,2020-12-31,19.46,39000000,16942000000.0,452000000,-1603000000,-13000000,51000000,51000000,None,0,306000000,None,None,None,3112000000,None,5969000000,-962000000,None,None,None,0.0827,-805000000,None,-1300000000,331000000,2130000000,None,None,None,None,None,None,None,4.77,5.99,3.416,None,None,None,None,None,-82000000,None,0.335,None,2077000000,2025-10-30,quarterly,3.11,USD,pre-market,None,-4806000000,0.0516,0.73,0.204,23.7,1366000000,3127000000,15000000,55000000,87.76,89.43,350.7246,15713000000,7014000000,2425000000,8987000000,8699000000,6562000000,1995000000,6726000000,10.46,None,101.99,60.12
2025-12-28,UBER,7.77,49609998000.0,10.46,None,1.192,13.53,131000000,None,6241000000,6241000000,428000000,-365000000,None,None,507000000,None,None,None,None,1525531000,None,1543000000,1543000000,280000000,None,12000000,387000000,None,None,None,138000000,None,None,None,1.585,2.42,None,None,0.69,2020-09-30,19.46,39000000,16942000000.0,452000000,-1603000000,-13000000,51000000,51000000,None,0,306000000,None,None,None,3112000000,None,5969000000,-1108000000,None,None,None,0.0827,-406000000,None,-1300000000,331000000,2130000000,None,None,None,None,None,None,None,4.77,5.99,3.416,None,None,None,None,None,None,None,0.335,None,2077000000,2025-10-30,quarterly,3.11,USD,pre-market,None,-4806000000,0.0516,0.73,0.204,23.7,1366000000,3127000000,15000000,55000000,87.76,89.43,350.7246,15713000000,7014000000,2425000000,8987000000,8699000000,6562000000,1995000000,6726000000,10.46,None,101.99,60.12
2025-12-28,UBER,7.77,49609998000.0,10.46,None,1.192,13.53,164000000,None,6241000000,6241000000,118000000,-456000000,None,None,182000000,None,None,None,None,1525531000,None,1543000000,1543000000,280000000,None,12000000,387000000,None,None,None,129000000,None,None,None,1.585,2.42,None,None,0.69,2020-06-30,19.46,39000000,16942000000.0,452000000,-1603000000,-13000000,51000000,51000000,None,0,306000000,None,None,None,3112000000,None,5969000000,-1772000000,None,None,None,0.0827,-1071000000,None,-1300000000,331000000,2130000000,None,None,None,None,None,None,None,4.77,5.99,3.416,None,None,None,None,None,82000000,None,0.335,None,2077000000,2025-10-30,quarterly,3.11,USD,pre-market,None,-4806000000,0.0516,0.73,0.204,23.7,1366000000,3127000000,15000000,55000000,87.76,89.43,350.7246,15713000000,7014000000,2425000000,8987000000,8699000000,6562000000,1995000000,6726000000,10.46,None,101.99,60.12
2025-12-28,UBER,7.77,49609998000.0,10.46,None,1.192,13.53,198000000,None,6241000000,6241000000,-63000000,-1856000000,None,None,-283000000,None,None,None,None,1525531000,None,1543000000,1543000000,280000000,None,12000000,387000000,None,None,None,128000000,None,None,None,1.585,2.42,None,None,0.69,2020-03-31,19.46,39000000,16942000000.0,452000000,-1603000000,-13000000,51000000,51000000,None,0,306000000,None,None,None,3112000000,None,5969000000,-2946000000,None,None,None,0.0827,-463000000,None,-1300000000,331000000,2130000000,None,None,None,None,None,None,None,4.77,5.99,3.416,None,None,None,None,None,-11000000,None,0.335,None,2077000000,2025-10-30,quarterly,3.11,USD,pre-market,None,-4806000000,0.0516,0.73,0.204,23.7,1366000000,3127000000,15000000,55000000,87.76,89.43,350.7246,15713000000,7014000000,2425000000,8987000000,8699000000,6562000000,1995000000,6726000000,10.46,None,101.99,60.12
2025-12-28,UBER,7.77,49609998000.0,10.46,None,1.192,13.53,182000000,None,6241000000,6241000000,-83000000,-711000000,None,None,-41000000,None,None,None,None,1525531000,None,1543000000,1543000000,280000000,None,12000000,387000000,None,None,None,101000000,59000000,59000000,None,1.585,2.42,None,None,0.69,2019-12-31,19.46,39000000,16942000000.0,452000000,-1603000000,-13000000,51000000,51000000,None,0,306000000,None,None,None,3112000000,None,5969000000,-1091000000,None,None,None,0.0827,-1799000000,None,-1300000000,331000000,2130000000,None,None,None,None,None,None,None,4.77,5.99,3.416,None,None,None,None,None,-74000000,None,0.335,None,2077000000,2025-10-30,quarterly,3.11,USD,pre-market,None,-4806000000,0.0516,0.73,0.204,23.7,1366000000,3127000000,15000000,55000000,87.76,89.43,350.7246,15713000000,7014000000,2425000000,8987000000,8699000000,6562000000,1995000000,6726000000,10.46,None,101.99,60.12
2025-12-28,UBER,7.77,49609998000.0,10.46,None,1.192,13.53,129000000,None,6241000000,6241000000,1993000000,-129000000,None,None,-391000000,None,None,None,None,1525531000,None,1543000000,1543000000,280000000,None,12000000,387000000,None,None,None,102000000,None,None,None,1.585,2.42,None,None,0.69,2019-09-30,19.46,39000000,16942000000.0,452000000,-1603000000,-13000000,51000000,51000000,None,0,306000000,None,None,None,3112000000,None,5969000000,-1159000000,None,None,None,0.0827,-878000000,None,-1300000000,331000000,2130000000,None,None,None,None,None,None,None,4.77,5.99,3.416,None,None,None,None,None,-150000000,None,0.335,None,2077000000,2025-10-30,quarterly,3.11,USD,pre-market,None,-4806000000,0.0516,0.73,0.204,23.7,1366000000,3127000000,15000000,55000000,87.76,89.43,350.7246,15713000000,7014000000,2425000000,8987000000,8699000000,6562000000,1995000000,6726000000,10.46,None,101.99,60.12
2025-12-28,UBER,7.77,49609998000.0,10.46,None,1.192,13.53,148000000,None,6241000000,6241000000,7075000000,-154000000,None,None,693000000,None,None,None,None,1525531000,None,1543000000,1543000000,280000000,None,12000000,387000000,None,None,None,123000000,None,None,None,1.585,2.42,None,None,0.69,2019-06-30,19.46,39000000,16942000000.0,452000000,-1603000000,-13000000,51000000,51000000,None,0,306000000,None,None,None,3112000000,None,5969000000,-5246000000,None,None,None,0.0827,-922000000,None,-1300000000,331000000,2130000000,None,None,None,None,None,None,None,4.77,5.99,3.416,None,None,None,None,None,8480000000,None,0.335,None,2077000000,2025-10-30,quarterly,3.11,USD,pre-market,None,-4806000000,0.0516,0.73,0.204,23.7,1366000000,3127000000,15000000,55000000,87.76,89.43,350.7246,15713000000,7014000000,2425000000,8987000000,8699000000,6562000000,1995000000,6726000000,10.46,None,101.99,60.12
2025-12-28,UBER,7.77,49609998000.0,10.46,None,1.192,13.53,129000000,None,6241000000,6241000000,-46000000,204000000,None,None,None,None,None,None,None,1525531000,None,1543000000,1543000000,280000000,None,12000000,387000000,None,None,None,146000000,None,None,None,1.585,2.42,None,None,0.69,2019-03-31,19.46,39000000,16942000000.0,452000000,-1603000000,-13000000,51000000,51000000,None,0,306000000,None,None,None,3112000000,None,5969000000,-1016000000,None,None,None,0.0827,-722000000,None,-1300000000,331000000,2130000000,None,None,None,None,None,None,None,4.77,5.99,3.416,None,None,None,None,None,2000000,None,0.335,None,2077000000,2025-10-30,quarterly,3.11,USD,pre-market,None,-4806000000,0.0516,0.73,0.204,23.7,1366000000,3127000000,15000000,55000000,87.76,89.43,350.7246,15713000000,7014000000,2425000000,8987000000,8699000000,6562000000,1995000000,6726000000,10.46,None,101.99,60.12
2025-12-28,UBER,7.77,49609998000.0,10.46,None,1.192,13.53,196000000,None,6241000000,6241000000,2477000000,-156000000,None,None,-35000000,None,None,None,None,1525531000,None,1543000000,1543000000,280000000,None,12000000,387000000,None,None,None,109000000,None,None,None,1.585,2.42,None,None,0.69,2018-12-31,19.46,39000000,16942000000.0,452000000,-1603000000,-13000000,51000000,51000000,None,0,306000000,None,None,None,3112000000,None,5969000000,-889000000,None,None,None,0.0827,-681000000,None,-1300000000,331000000,2130000000,None,None,None,None,None,None,None,4.77,5.99,3.416,None,None,None,None,None,None,None,0.335,None,2077000000,2025-10-30,quarterly,3.11,USD,pre-market,None,-4806000000,0.0516,0.73,0.204,23.7,1366000000,3127000000,15000000,55000000,87.76,89.43,350.7246,15713000000,7014000000,2425000000,8987000000,8699000000,6562000000,1995000000,6726000000,10.46,None,101.99,60.12
2025-12-28,UBER,7.77,49609998000.0,10.46,None,1.192,13.53,153000000,None,6241000000,6241000000,-313000000,-73000000,None,None,258000000,None,None,None,None,1525531000,None,1543000000,1543000000,280000000,None,12000000,387000000,None,None,None,131000000,None,None,None,1.585,2.42,None,None,0.69,2018-09-30,19.46,39000000,16942000000.0,452000000,-1603000000,-13000000,51000000,51000000,None,0,306000000,None,None,None,3112000000,None,5969000000,-994000000,None,None,None,0.0827,-410000000,None,-1300000000,331000000,2130000000,None,None,None,None,None,None,None,4.77,5.99,3.416,None,None,None,None,None,-1000000,None,0.335,None,2077000000,2025-10-30,quarterly,3.11,USD,pre-market,None,-4806000000,0.0516,0.73,0.204,23.7,1366000000,3127000000,15000000,55000000,87.76,89.43,350.7246,15713000000,7014000000,2425000000,8987000000,8699000000,6562000000,1995000000,6726000000,10.46,None,101.99,60.12
2025-12-28,UBER,7.77,49609998000.0,10.46,None,1.192,13.53,119000000,None,6241000000,6241000000,1362000000,-91000000,None,None,143000000,None,None,None,None,1525531000,None,1543000000,1543000000,280000000,None,12000000,387000000,None,None,None,98000000,None,None,None,1.585,2.42,None,None,0.69,2018-06-30,19.46,39000000,16942000000.0,452000000,-1603000000,-13000000,51000000,51000000,None,0,306000000,None,None,None,3112000000,None,5969000000,-878000000,None,None,None,0.0827,-153000000,None,-1300000000,331000000,2130000000,None,None,None,None,None,None,None,4.77,5.99,3.416,None,None,None,None,None,-2000000,None,0.335,None,2077000000,2025-10-30,quarterly,3.11,USD,pre-market,None,-4806000000,0.0516,0.73,0.204,23.7,1366000000,3127000000,15000000,55000000,87.76,89.43,350.7246,15713000000,7014000000,2425000000,8987000000,8699000000,6562000000,1995000000,6726000000,10.46,None,101.99,60.12
2025-12-28,UBER,7.77,49609998000.0,10.46,None,1.192,13.53,90000000,None,6241000000,6241000000,1114000000,-375000000,None,None,-101000000,None,None,None,None,1525531000,None,1543000000,1543000000,280000000,None,12000000,387000000,None,None,None,88000000,None,None,None,1.585,2.42,None,None,0.69,2018-03-31,19.46,39000000,16942000000.0,452000000,-1603000000,-13000000,51000000,51000000,None,0,306000000,None,None,None,3112000000,None,5969000000,3748000000,None,None,None,0.0827,-297000000,None,-1300000000,331000000,2130000000,None,None,None,None,None,None,None,4.77,5.99,3.416,None,None,None,None,None,-7000000,None,0.335,None,2077000000,2025-10-30,quarterly,3.11,USD,pre-market,None,-4806000000,0.0516,0.73,0.204,23.7,1366000000,3127000000,15000000,55000000,87.76,89.43,350.7246,15713000000,7014000000,2425000000,8987000000,8699000000,6562000000,1995000000,6726000000,10.46,None,101.99,60.12
2025-12-28,UBER,7.77,49609998000.0,10.46,None,1.192,13.53,242000000,None,6241000000,6241000000,-1236000000,-4028000000,None,None,None,None,None,None,None,1525531000,None,1543000000,1543000000,280000000,None,12000000,387000000,None,None,None,737000000,None,None,None,1.585,2.42,None,None,0.69,2024-12-31,19.46,39000000,16942000000.0,452000000,-1603000000,-13000000,51000000,51000000,None,0,306000000,None,None,None,3112000000,None,5969000000,9845000000,None,None,None,0.0827,7137000000,None,-1300000000,331000000,2130000000,None,None,None,None,None,None,None,4.77,5.99,3.416,None,None,None,None,None,-1252000000,None,0.335,None,2077000000,2025-10-30,annual,3.11,USD,pre-market,None,-4806000000,0.0516,0.73,0.204,23.7,1366000000,3127000000,15000000,55000000,87.76,89.43,350.7246,15713000000,7014000000,2425000000,8987000000,8699000000,6562000000,1995000000,6726000000,10.46,None,101.99,60.12
2025-12-28,UBER,7.77,49609998000.0,10.46,None,1.192,13.53,223000000,None,6241000000,6241000000,-95000000,-3226000000,None,None,None,None,None,None,None,1525531000,None,1543000000,1543000000,280000000,None,12000000,387000000,None,None,None,823000000,130000000,130000000,None,1.585,2.42,None,None,0.69,2023-12-31,19.46,39000000,16942000000.0,452000000,-1603000000,-13000000,51000000,51000000,None,0,306000000,None,None,None,3112000000,None,5969000000,1887000000,None,None,None,0.0827,3585000000,None,-1300000000,331000000,2130000000,None,None,None,None,None,None,None,4.77,5.99,3.416,None,None,None,None,None,130000000,None,0.335,None,2077000000,2025-10-30,annual,3.11,USD,pre-market,None,-4806000000,0.0516,0.73,0.204,23.7,1366000000,3127000000,15000000,55000000,87.76,89.43,350.7246,15713000000,7014000000,2425000000,8987000000,8699000000,6562000000,1995000000,6726000000,10.46,None,101.99,60.12
2025-12-28,UBER,7.77,49609998000.0,10.46,None,1.192,13.53,252000000,None,6241000000,6241000000,15000000,-1637000000,-980000000,None,None,None,None,-542000000,None,1525531000,None,1543000000,1543000000,280000000,None,12000000,387000000,None,None,None,947000000,None,None,None,1.585,2.42,None,None,0.69,2022-12-31,19.46,39000000,16942000000.0,452000000,-1603000000,-13000000,51000000,51000000,None,0,306000000,None,None,None,3112000000,None,5969000000,-9138000000,None,None,None,0.0827,642000000,None,-1300000000,331000000,2130000000,None,None,None,None,None,None,None,4.77,5.99,3.416,None,None,None,None,None,92000000,None,0.335,None,2077000000,2025-10-30,annual,3.11,USD,pre-market,None,-4806000000,0.0516,0.73,0.204,23.7,1366000000,3127000000,15000000,55000000,87.76,89.43,350.7246,15713000000,7014000000,2425000000,8987000000,8699000000,6562000000,1995000000,6726000000,10.46,None,101.99,60.12
2025-12-28,UBER,7.77,49609998000.0,10.46,None,1.192,13.53,298000000,None,6241000000,6241000000,1780000000,-1201000000,134000000,None,813000000,None,None,-597000000,None,1525531000,None,1543000000,1543000000,280000000,None,12000000,387000000,None,None,None,833000000,None,None,None,1.585,2.42,None,None,0.69,2021-12-31,19.46,39000000,16942000000.0,452000000,-1603000000,-13000000,51000000,51000000,None,0,306000000,None,None,None,3112000000,None,5969000000,-496000000,None,None,None,0.0827,-445000000,None,-1300000000,331000000,2130000000,None,None,None,None,None,None,None,4.77,5.99,3.416,None,None,None,None,None,782000000,None,0.335,None,2077000000,2025-10-30,annual,3.11,USD,pre-market,None,-4806000000,0.0516,0.73,0.204,23.7,1366000000,3127000000,15000000,55000000,87.76,89.43,350.7246,15713000000,7014000000,2425000000,8987000000,8699000000,6562000000,1995000000,6726000000,10.46,None,101.99,60.12
2025-12-28,UBER,7.77,49609998000.0,10.46,None,1.192,13.53,616000000,None,6241000000,6241000000,1379000000,-2869000000,-4235000000,None,387000000,None,None,142000000,None,1525531000,None,1543000000,1543000000,280000000,None,12000000,387000000,None,None,None,575000000,None,None,None,1.585,2.42,None,None,0.69,2020-12-31,19.46,39000000,16942000000.0,452000000,-1603000000,-13000000,51000000,51000000,None,0,306000000,None,None,None,3112000000,None,5969000000,-6788000000,None,None,None,0.0827,-2745000000,None,-1300000000,331000000,2130000000,None,None,None,None,None,None,None,4.77,5.99,3.416,None,None,None,None,None,125000000,None,0.335,None,2077000000,2025-10-30,annual,3.11,USD,pre-market,None,-4806000000,0.0516,0.73,0.204,23.7,1366000000,3127000000,15000000,55000000,87.76,89.43,350.7246,15713000000,7014000000,2425000000,8987000000,8699000000,6562000000,1995000000,6726000000,10.46,None,101.99,60.12
2025-12-28,UBER,7.77,49609998000.0,10.46,None,1.192,13.53,588000000,None,6241000000,6241000000,8939000000,-790000000,None,None,530000000,None,None,None,None,1525531000,None,1543000000,1543000000,280000000,None,12000000,387000000,None,None,None,472000000,2257000000,2257000000,None,1.585,2.42,None,None,0.69,2019-12-31,19.46,39000000,16942000000.0,452000000,-1603000000,-13000000,51000000,51000000,None,0,306000000,None,None,None,3112000000,None,5969000000,-8512000000,None,None,None,0.0827,-4321000000,None,-1300000000,331000000,2130000000,None,None,None,None,None,None,None,4.77,5.99,3.416,None,None,None,None,None,-74000000,None,0.335,None,2077000000,2025-10-30,annual,3.11,USD,pre-market,None,-4806000000,0.0516,0.73,0.204,23.7,1366000000,3127000000,15000000,55000000,87.76,89.43,350.7246,15713000000,7014000000,2425000000,8987000000,8699000000,6562000000,1995000000,6726000000,10.46,None,101.99,60.12
2025-12-28,UBER,7.77,49609998000.0,10.46,None,1.192,13.53,558000000,None,6241000000,6241000000,4640000000,-695000000,None,None,265000000,None,None,None,None,1525531000,None,1543000000,1543000000,280000000,None,12000000,387000000,None,None,None,426000000,None,None,None,1.585,2.42,None,None,0.69,2018-12-31,19.46,39000000,16942000000.0,452000000,-1603000000,-13000000,51000000,51000000,None,0,306000000,None,None,None,3112000000,None,5969000000,987000000,None,None,None,0.0827,-1541000000,None,-1300000000,331000000,2130000000,None,None,None,None,None,None,None,4.77,5.99,3.416,None,None,None,None,None,-10000000,None,0.335,None,2077000000,2025-10-30,annual,3.11,USD,pre-market,None,-4806000000,0.0516,0.73,0.204,23.7,1366000000,3127000000,15000000,55000000,87.76,89.43,350.7246,15713000000,7014000000,2425000000,8987000000,8699000000,6562000000,1995000000,6726000000,10.46,None,101.99,60.12
2025-12-28,UBER,7.77,49609998000.0,10.46,None,1.192,13.53,829000000,None,6241000000,6241000000,1015000000,-487000000,None,None,1147000000,None,None,None,None,1525531000,None,1543000000,1543000000,280000000,None,12000000,387000000,None,None,None,510000000,None,None,None,1.585,2.42,None,None,0.69,2017-12-31,19.46,39000000,16942000000.0,452000000,-1603000000,-13000000,51000000,51000000,None,0,306000000,None,None,None,3112000000,None,5969000000,-4033000000,None,None,None,0.0827,-1418000000,None,-1300000000,331000000,2130000000,None,None,None,None,None,None,None,4.77,5.99,3.416,None,None,None,None,None,-131000000,None,0.335,None,2077000000,2025-10-30,annual,3.11,USD,pre-market,None,-4806000000,0.0516,0.73,0.204,23.7,1366000000,3127000000,15000000,55000000,87.76,89.43,350.7246,15713000000,7014000000,2425000000,8987000000,8699000000,6562000000,1995000000,6726000000,10.46,None,101.99,60.12
2025-12-28,UBER,7.77,49609998000.0,10.46,None,1.192,13.53,1635000000,None,6241000000,6241000000,6194000000,-1858000000,None,None,671000000,None,None,None,None,1525531000,None,1543000000,1543000000,280000000,None,12000000,387000000,None,None,None,347000000,None,None,None,1.585,2.42,None,None,0.69,2016-12-31,19.46,39000000,16942000000.0,452000000,-1603000000,-13000000,51000000,51000000,None,0,306000000,None,None,None,3112000000,None,5969000000,-370000000,None,None,None,0.0827,-2913000000,None,-1300000000,331000000,2130000000,None,None,None,None,None,None,None,4.77,5.99,3.416,None,None,None,None,None,-90000000,None,0.335,None,2077000000,2025-10-30,annual,3.11,USD,pre-market,None,-4806000000,0.0516,0.73,0.204,23.7,1366000000,3127000000,15000000,55000000,87.76,89.43,350.7246,15713000000,7014000000,2425000000,8987000000,8699000000,6562000000,1995000000,6726000000,10.46,None,101.99,60.12
