date,symbol,eps,revenue_ttm,pe_ratio,accumulateddepreciationamortizationppe,beta,book_value,capitalexpenditures,capitalleaseobligations,cashandcashequivalentsatcarryingvalue,cashandshortterminvestments,cashflowfromfinancing,cashflowfrominvestment,changeincashandcashequivalents,changeinexchangerate,changeininventory,changeinoperatingassets,changeinoperatingliabilities,changeinreceivables,commonstock,commonstocksharesoutstanding,comprehensiveincomenetoftax,costofgoodsandservicessold,costofrevenue,currentaccountspayable,currentdebt,currentlongtermdebt,currentnetreceivables,deferredrevenue,depreciation,depreciationandamortization,depreciationdepletionandamortization,dividend_per_share,dividend_yield,dividendpayout,dividendpayoutcommonstock,dividendpayoutpreferredstock,earnings_growth_yoy,earnings_surprise,ebit,ebitda,estimated_eps,fiscaldateending,forward_pe,goodwill,gross_profit_ttm,grossprofit,incomebeforetax,incometaxexpense,intangibleassets,intangibleassetsexcludinggoodwill,interestanddebtexpense,interestexpense,interestincome,inventory,investmentincomenet,investments,longtermdebt,longtermdebtnoncurrent,longterminvestments,netincome,netincomefromcontinuingoperations,netinterestincome,noninterestincome,operating_margin_ttm,operatingcashflow,operatingexpenses,operatingincome,othercurrentassets,othercurrentliabilities,othernoncurrentassets,othernoncurrentliabilities,othernonoperatingincome,paymentsforoperatingactivities,paymentsforrepurchaseofcommonstock,paymentsforrepurchaseofequity,paymentsforrepurchaseofpreferredstock,peg_ratio,price_to_book,price_to_sales_ttm,proceedsfromissuanceofcommonstock,proceedsfromissuanceoflongtermdebtandcapitalsecuritiesnet,proceedsfromissuanceofpreferredstock,proceedsfromoperatingactivities,proceedsfromrepaymentsofshorttermdebt,proceedsfromrepurchaseofequity,proceedsfromsaleoftreasurystock,profit_margin,profitloss,propertyplantequipment,report_date,report_type,reported_eps,reportedcurrency,reporttime,researchanddevelopment,retainedearnings,return_on_assets_ttm,return_on_equity_ttm,revenue_growth_yoy,revenue_per_share_ttm,sellinggeneralandadministrative,shortlongtermdebttotal,shorttermdebt,shortterminvestments,sma_200,sma_50,surprise_pct,totalassets,totalcurrentassets,totalcurrentliabilities,totalliabilities,totalnoncurrentassets,totalnoncurrentliabilities,totalrevenue,totalshareholderequity,trailing_pe,treasurystock,week_52_high,week_52_low
1996-03-31,UMBF,,,,,,,,,,,,,,,,,,,,,,,,,,,,,,,,,,,,,,0.11,,,0.26,,,,,,,,,,,,,,,,,,,,,,,,,,,,,,,,,,,,,,,,,,,,,,,,,1996-04-26,,0.37,,pre-market,,,,,,,,,,,,,42.3077,,,,,,,,,,,,
1996-06-30,UMBF,,,,,,,,,,,,,,,,,,,,,,,,,,,,,,,,,,,,,,0.02,,,0.28,,,,,,,,,,,,,,,,,,,,,,,,,,,,,,,,,,,,,,,,,,,,,,,,,1996-07-17,,0.3,,pre-market,,,,,,,,,,,,,7.1429,,,,,,,,,,,,
1996-09-30,UMBF,,,,,,,,,,,,,,,,,,,,,,,,,,,,,,,,,,,,,,-0.01,,,0.3,,,,,,,,,,,,,,,,,,,,,,,,,,,,,,,,,,,,,,,,,,,,,,,,,1996-10-15,,0.29,,pre-market,,,,,,,,,,,,,-3.3333,,,,,,,,,,,,
1996-12-31,UMBF,,,,,,,,,,,,,,,,,,,,,,,,,,,,,,,,,,,,,,-0.07,,,0.3,,,,,,,,,,,,,,,,,,,,,,,,,,,,,,,,,,,,,,,,,,,,,,,,,1997-01-14,,0.23,,pre-market,,,,,,,,,,,,,-23.3333,,,,,,,,,,,,
1997-03-31,UMBF,,,,,,,,,,,,,,,,,,,,,,,,,,,,,,,,,,,,,,0.02,,,0.3,,,,,,,,,,,,,,,,,,,,,,,,,,,,,,,,,,,,,,,,,,,,,,,,,1997-04-23,,0.32,,pre-market,,,,,,,,,,,,,6.6667,,,,,,,,,,,,
1997-06-30,UMBF,,,,,,,,,,,,,,,,,,,,,,,,,,,,,,,,,,,,,,0.0,,,0.31,,,,,,,,,,,,,,,,,,,,,,,,,,,,,,,,,,,,,,,,,,,,,,,,,1997-07-15,,0.31,,pre-market,,,,,,,,,,,,,0.0,,,,,,,,,,,,
1997-09-30,UMBF,,,,,,,,,,,,,,,,,,,,,,,,,,,,,,,,,,,,,,0.0,,,0.32,,,,,,,,,,,,,,,,,,,,,,,,,,,,,,,,,,,,,,,,,,,,,,,,,1997-10-14,,0.32,,pre-market,,,,,,,,,,,,,0.0,,,,,,,,,,,,
1997-12-31,UMBF,,,,,,,,,,,,,,,,,,,,,,,,,,,,,,,,,,,,,,0.02,,,0.33,,,,,,,,,,,,,,,,,,,,,,,,,,,,,,,,,,,,,,,,,,,,,,,,,1998-01-22,,0.35,,pre-market,,,,,,,,,,,,,6.0606,,,,,,,,,,,,
1998-03-31,UMBF,,,,,,,,,,,,,,,,,,,,,,,,,,,,,,,,,,,,,,-0.01,,,0.33,,,,,,,,,,,,,,,,,,,,,,,,,,,,,,,,,,,,,,,,,,,,,,,,,1998-04-16,,0.32,,pre-market,,,,,,,,,,,,,-3.0303,,,,,,,,,,,,
1998-06-30,UMBF,,,,,,,,,,,,,,,,,,,,,,,,,,,,,,,,,,,,,,-0.02,,,0.33,,,,,,,,,,,,,,,,,,,,,,,,,,,,,,,,,,,,,,,,,,,,,,,,,1998-07-16,,0.31,,pre-market,,,,,,,,,,,,,-6.0606,,,,,,,,,,,,
1998-09-30,UMBF,,,,,,,,,,,,,,,,,,,,,,,,,,,,,,,,,,,,,,-0.02,,,0.32,,,,,,,,,,,,,,,,,,,,,,,,,,,,,,,,,,,,,,,,,,,,,,,,,1998-11-19,,0.3,,pre-market,,,,,,,,,,,,,-6.25,,,,,,,,,,,,
1998-12-31,UMBF,,,,,,,,,,,,,,,,,,,,,,,,,,,,,,,,,,,,,,0.05,,,0.32,,,,,,,,,,,,,,,,,,,,,,,,,,,,,,,,,,,,,,,,,,,,,,,,,1999-01-21,,0.37,,pre-market,,,,,,,,,,,,,15.625,,,,,,,,,,,,
1999-03-31,UMBF,,,,,,,,,,,,,,,,,,,,,,,,,,,,,,,,,,,,,,0.02,,,0.33,,,,,,,,,,,,,,,,,,,,,,,,,,,,,,,,,,,,,,,,,,,,,,,,,1999-04-22,,0.35,,pre-market,,,,,,,,,,,,,6.0606,,,,,,,,,,,,
1999-06-30,UMBF,,,,,,,,,,,,,,,,,,,,,,,,,,,,,,,,,,,,,,0.01,,,0.34,,,,,,,,,,,,,,,,,,,,,,,,,,,,,,,,,,,,,,,,,,,,,,,,,1999-07-15,,0.35,,pre-market,,,,,,,,,,,,,2.9412,,,,,,,,,,,,
1999-09-30,UMBF,,,,,,,,,,,,,,,,,,,,,,,,,,,,,,,,,,,,,,0.0,,,0.34,,,,,,,,,,,,,,,,,,,,,,,,,,,,,,,,,,,,,,,,,,,,,,,,,1999-10-21,,0.34,,pre-market,,,,,,,,,,,,,0.0,,,,,,,,,,,,
1999-12-31,UMBF,,,,,,,,,,,,,,,,,,,,,,,,,,,,,,,,,,,,,,0.01,,,0.34,,,,,,,,,,,,,,,,,,,,,,,,,,,,,,,,,,,,,,,,,,,,,,,,,2000-01-20,,0.35,,pre-market,,,,,,,,,,,,,2.9412,,,,,,,,,,,,
2000-03-31,UMBF,,,,,,,,,,,,,,,,,,,,,,,,,,,,,,,,,,,,,,0.02,,,0.35,,,,,,,,,,,,,,,,,,,,,,,,,,,,,,,,,,,,,,,,,,,,,,,,,2000-04-20,,0.37,,pre-market,,,,,,,,,,,,,5.7143,,,,,,,,,,,,
2000-06-30,UMBF,,,,,,,,,,,,,,,,,,,,,,,,,,,,,,,,,,,,,,0.0,,,0.37,,,,,,,,,,,,,,,,,,,,,,,,,,,,,,,,,,,,,,,,,,,,,,,,,2000-07-20,,0.37,,pre-market,,,,,,,,,,,,,0.0,,,,,,,,,,,,
2000-09-30,UMBF,,,,,,,,,,,,,,,,,,,,,,,,,,,,,,,,,,,,,,-0.01,,,0.38,,,,,,,,,,,,,,,,,,,,,,,,,,,,,,,,,,,,,,,,,,,,,,,,,2000-10-12,,0.37,,pre-market,,,,,,,,,,,,,-2.6316,,,,,,,,,,,,
2000-12-31,UMBF,,,,,,,,,,,,,,,,,,,,,,,,,,,,,,,,,,,,,,-0.03,,,0.38,,,,,,,,,,,,,,,,,,,,,,,,,,,,,,,,,,,,,,,,,,,,,,,,,2001-01-18,,0.35,,pre-market,,,,,,,,,,,,,-7.8947,,,,,,,,,,,,
2001-03-31,UMBF,,,,,,,,,,,,,,,,,,,,,,,,,,,,,,,,,,,,,,0.05,,,0.35,,,,,,,,,,,,,,,,,,,,,,,,,,,,,,,,,,,,,,,,,,,,,,,,,2001-04-19,,0.4,,pre-market,,,,,,,,,,,,,14.2857,,,,,,,,,,,,
2001-06-30,UMBF,,,,,,,,,,,,,,,,,,,,,,,,,,,,,,,,,,,,,,0.0,,,0.38,,,,,,,,,,,,,,,,,,,,,,,,,,,,,,,,,,,,,,,,,,,,,,,,,2001-07-19,,0.38,,pre-market,,,,,,,,,,,,,0.0,,,,,,,,,,,,
2001-09-30,UMBF,,,,,,,,,,,,,,,,,,,,,,,,,,,,,,,,,,,,,,-0.01,,,0.39,,,,,,,,,,,,,,,,,,,,,,,,,,,,,,,,,,,,,,,,,,,,,,,,,2001-10-18,,0.38,,pre-market,,,,,,,,,,,,,-2.5641,,,,,,,,,,,,
2001-12-31,UMBF,,,,,,,,,,,,,,,,,,,,,,,,,,,,,,,,,,,,,,-0.05,,,0.37,,,,,,,,,,,,,,,,,,,,,,,,,,,,,,,,,,,,,,,,,,,,,,,,,2002-01-17,,0.32,,pre-market,,,,,,,,,,,,,-13.5135,,,,,,,,,,,,
2002-03-31,UMBF,,,,,,,,,,,,,,,,,,,,,,,,,,,,,,,,,,,,,,0.04,,,0.41,,,,,,,,,,,,,,,,,,,,,,,,,,,,,,,,,,,,,,,,,,,,,,,,,2002-04-18,,0.45,,pre-market,,,,,,,,,,,,,9.7561,,,,,,,,,,,,
2002-06-30,UMBF,,,,,,,,,,,,,,,,,,,,,,,,,,,,,,,,,,,,,,-0.09,,,0.41,,,,,,,,,,,,,,,,,,,,,,,,,,,,,,,,,,,,,,,,,,,,,,,,,2002-07-18,,0.32,,pre-market,,,,,,,,,,,,,-21.9512,,,,,,,,,,,,
2002-09-30,UMBF,,,,,,,,,,,,,,,,,,,,,,,,,,,,,,,,,,,,,,-0.08,,,0.34,,,,,,,,,,,,,,,,,,,,,,,,,,,,,,,,,,,,,,,,,,,,,,,,,2002-10-17,,0.26,,pre-market,,,,,,,,,,,,,-23.5294,,,,,,,,,,,,
2002-12-31,UMBF,,,,,,,,,,,,,,,,,,,,,,,,,,,,,,,,,,,,,,0.0,,,0.28,,,,,,,,,,,,,,,,,,,,,,,,,,,,,,,,,,,,,,,,,,,,,,,,,2003-01-16,,0.28,,pre-market,,,,,,,,,,,,,0.0,,,,,,,,,,,,
2003-03-31,UMBF,,,,,,,,,,,,,,,,,,,,,,,,,,,,,,,,,,,,,,0.06,,,0.27,,,,,,,,,,,,,,,,,,,,,,,,,,,,,,,,,,,,,,,,,,,,,,,,,2003-04-17,,0.33,,pre-market,,,,,,,,,,,,,22.2222,,,,,,,,,,,,
2003-06-30,UMBF,,,,,,,,,,,,,,,,,,,,,,,,,,,,,,,,,,,,,,0.01,,,0.3,,,,,,,,,,,,,,,,,,,,,,,,,,,,,,,,,,,,,,,,,,,,,,,,,2003-07-17,,0.31,,pre-market,,,,,,,,,,,,,3.3333,,,,,,,,,,,,
2003-09-30,UMBF,,,,,,,,,,,,,,,,,,,,,,,,,,,,,,,,,,,,,,0.0,,,0.31,,,,,,,,,,,,,,,,,,,,,,,,,,,,,,,,,,,,,,,,,,,,,,,,,2003-10-16,,0.31,,pre-market,,,,,,,,,,,,,0.0,,,,,,,,,,,,
2003-12-31,UMBF,,,,,,,,,,,,,,,,,,,,,,,,,,,,,,,,,,,,,,-0.04,,,0.32,,,,,,,,,,,,,,,,,,,,,,,,,,,,,,,,,,,,,,,,,,,,,,,,,2004-01-29,,0.28,,pre-market,,,,,,,,,,,,,-12.5,,,,,,,,,,,,
2004-03-31,UMBF,,,,,,,,,,,,,,,,,,,,,,,,,,,,,,,,,,,,,,-0.07,,,0.32,,,,,,,,,,,,,,,,,,,,,,,,,,,,,,,,,,,,,,,,,,,,,,,,,2004-04-29,,0.25,,pre-market,,,,,,,,,,,,,-21.875,,,,,,,,,,,,
2004-06-30,UMBF,,,,,,,,,,,,,,,,,,,,,,,,,,,,,,,,,,,,,,-0.07,,,0.27,,,,,,,,,,,,,,,,,,,,,,,,,,,,,,,,,,,,,,,,,,,,,,,,,2004-07-29,,0.2,,pre-market,,,,,,,,,,,,,-25.9259,,,,,,,,,,,,
2004-09-30,UMBF,,,,,,,,,,,,,,,,,,,,,,,,,,,,,,,,,,,,,,0.04,,,0.24,,,,,,,,,,,,,,,,,,,,,,,,,,,,,,,,,,,,,,,,,,,,,,,,,2004-10-28,,0.28,,pre-market,,,,,,,,,,,,,16.6667,,,,,,,,,,,,
2004-12-31,UMBF,,,,,,,,,,,,,,,,,,,,,,,,,,,,,,,,,,,,,,0.0,,,0.27,,,,,,,,,,,,,,,,,,,,,,,,,,,,,,,,,,,,,,,,,,,,,,,,,2005-01-25,,0.27,,pre-market,,,,,,,,,,,,,0.0,,,,,,,,,,,,
2005-03-31,UMBF,,,,,,,,,,,,,,,,,,,,,,,,,,,,,,,,,,,,,,-0.02,,,0.29,,,,,,,,,,,,,,,,,,,,,,,,,,,,,,,,,,,,,,,,,,,,,,,,,2005-04-26,,0.27,,pre-market,,,,,,,,,,,,,-6.8966,,,,,,,,,,,,
2005-06-30,UMBF,,,,,,,,,,,,,,,,,,,,,,,,,,,,,,,,,,,,,,0.05,,,0.27,,,,,,,,,,,,,,,,,,,,,,,,,,,,,,,,,,,,,,,,,,,,,,,,,2005-07-26,,0.32,,pre-market,,,,,,,,,,,,,18.5185,,,,,,,,,,,,
2005-09-30,UMBF,,,,,,,,,,,,,,,,,,,,,,,,,,,,,,,,,,,,,,0.06,,,0.32,,,,,,,,,,,,,,,,,,,,,,,,,,,,,,,,,,,,,,,,,,,,,,,,,2005-10-25,,0.38,,pre-market,,,,,,,,,,,,,18.75,,,,,,,,,,,,
2005-12-31,UMBF,,,,,,,,,,,,,,,,,,,,,,,,,,,,,,,,,,,,,,0.02,,,0.33,,,,,,,,,,,,,,,,,,,,,,,,,,,,,,,,,,,,,,,,,,,,,,,,,2006-01-24,,0.35,,pre-market,,,,,,,,,,,,,6.0606,,,,,,,,,,,,
2006-03-31,UMBF,,,,,,,,,,,,,,,,,,,,,,,,,,,,,,,,,,,,,,-0.03,,,0.34,,,,,,,,,,,,,,,,,,,,,,,,,,,,,,,,,,,,,,,,,,,,,,,,,2006-04-25,,0.31,,pre-market,,,,,,,,,,,,,-8.8235,,,,,,,,,,,,
2006-06-30,UMBF,,,,,,,,,,,,,,,,,,,,,,,,,,,,,,,,,,,,,,-0.01,,,0.36,,,,,,,,,,,,,,,,,,,,,,,,,,,,,,,,,,,,,,,,,,,,,,,,,2006-07-25,,0.35,,pre-market,,,,,,,,,,,,,-2.7778,,,,,,,,,,,,
2006-09-30,UMBF,,,,,,,,,,,,,,,,,,,,,,,,,,,,,,,,,,,,,,-0.02,,,0.39,,,,,,,,,,,,,,,,,,,,,,,,,,,,,,,,,,,,,,,,,,,,,,,,,2006-10-24,,0.37,,pre-market,,,,,,,,,,,,,-5.1282,,,,,,,,,,,,
2006-12-31,UMBF,,,,,,,,,,,,,,,,,,,,,,,,,,,,,,,,,,,,,,0.0,,,0.37,,,,,,,,,,,,,,,,,,,,,,,,,,,,,,,,,,,,,,,,,,,,,,,,,2007-01-23,,0.37,,pre-market,,,,,,,,,,,,,0.0,,,,,,,,,,,,
2007-03-31,UMBF,,,,,,,,,,,,,,,,,,,,,,,,,,,,,,,,,,,,,,0.03,,,0.38,,,,,,,,,,,,,,,,,,,,,,,,,,,,,,,,,,,,,,,,,,,,,,,,,2007-04-24,,0.41,,pre-market,,,,,,,,,,,,,7.8947,,,,,,,,,,,,
2007-06-30,UMBF,,,,,,,,,,,,,,,,,,,,,,,,,,,,,,,,,,,,,,0.06,,,0.42,,,,,,,,,,,,,,,,,,,,,,,,,,,,,,,,,,,,,,,,,,,,,,,,,2007-07-24,,0.48,,pre-market,,,,,,,,,,,,,14.2857,,,,,,,,,,,,
2007-09-30,UMBF,,,,,,,,,,,,,,,,,,,,,,,,,,,,,,,,,,,,,,0.04,,,0.47,,,,,,,,,,,,,,,,,,,,,,,,,,,,,,,,,,,,,,,,,,,,,,,,,2007-10-23,,0.51,,pre-market,,,,,,,,,,,,,8.5106,,,,,,,,,,,,
2007-12-31,UMBF,,,,,,,,,,,,,,,,,,,,,,,,,,,,,,,,,,,,,,-0.08,,,0.45,,,,,,,,,,,,,,,,,,,,,,,,,,,,,,,,,,,,,,,,,,,,,,,,,2008-01-22,,0.37,,pre-market,,,,,,,,,,,,,-17.7778,,,,,,,,,,,,
2008-03-31,UMBF,,,,,,,,,,,,,,,,,,,,,,,,,,,,,,,,,,,,,,0.31,,,0.47,,,,,,,,,,,,,,,,,,,,,,,,,,,,,,,,,,,,,,,,,,,,,,,,,2008-04-22,,0.78,,pre-market,,,,,,,,,,,,,65.9574,,,,,,,,,,,,
2008-06-30,UMBF,,,,,,,,,,,,,,,,,,,,,,,,,,,,,,,,,,,,,,0.04,,,0.54,,,,,,,,,,,,,,,,,,,,,,,,,,,,,,,,,,,,,,,,,,,,,,,,,2008-07-22,,0.58,,pre-market,,,,,,,,,,,,,7.4074,,,,,,,,,,,,
2008-09-30,UMBF,,,,,,,,,,,,,,,,,,,,,,,,,,,,,,,,,,,,,,-0.04,,,0.57,,,,,,,,,,,,,,,,,,,,,,,,,,,,,,,,,,,,,,,,,,,,,,,,,2008-10-21,,0.53,,pre-market,,,,,,,,,,,,,-7.0175,,,,,,,,,,,,
2008-12-31,UMBF,,,,,,,,,,,,,,,,,,,,,,,,,,,,,,,,,,,,,,-0.02,,,0.51,,,,,,,,,,,,,,,,,,,,,,,,,,,,,,,,,,,,,,,,,,,,,,,,,2009-01-27,,0.49,,pre-market,,,,,,,,,,,,,-3.9216,,,,,,,,,,,,
2009-03-31,UMBF,,,,,,,,,,,,,,,,,,,,,,,,,,,,,,,,,,,,,,0.04,,,0.51,,,,,,,,,,,,,,,,,,,,,,,,,,,,,,,,,,,,,,,,,,,,,,,,,2009-04-21,,0.55,,pre-market,,,,,,,,,,,,,7.8431,,,,,,,,,,,,
2009-06-30,UMBF,,,,,,,,,,,,,,,,,,,,,,,,,,,,,,,,,,,,,,0.01,,,0.46,,,,,,,,,,,,,,,,,,,,,,,,,,,,,,,,,,,,,,,,,,,,,,,,,2009-07-21,,0.47,,pre-market,,,,,,,,,,,,,2.1739,,,,,,,,,,,,
2009-09-30,UMBF,,,,,,,,,,,,,,,,,,,,,,,,,,,,,,,,,,,,,,0.1,,,0.49,,,,,,,,,,,,,,,,,,,,,,,,,,,,,,,,,,,,,,,,,,,,,,,,,2009-10-27,,0.59,,pre-market,,,,,,,,,,,,,20.4082,,,,,,,,,,,,
2009-12-31,UMBF,,,,,,,,,,,,,,,,,,,,,,,,,,,,,,,,,,,,,,0.02,,,0.57,,,,,,,,,,,,,,,,,,,,,,,,,,,,,,,,,,,,,,,,,,,,,,,,,2010-01-26,,0.59,,pre-market,,,,,,,,,,,,,3.5088,,,,,,,,,,,,
2010-03-31,UMBF,,,,,,,,,,,,,,,,,,,,,,,,,,,,,,,,,,,,,,0.12,,,0.53,,,,,,,,,,,,,,,,,,,,,,,,,,,,,,,,,,,,,,,,,,,,,,,,,2010-04-27,,0.65,,pre-market,,,,,,,,,,,,,22.6415,,,,,,,,,,,,
2010-06-30,UMBF,,,,,,,,,,,,,,,,,,,,,,,,,,,,,,,,,,,,,,0.11,,,0.46,,,,,,,,,,,,,,,,,,,,,,,,,,,,,,,,,,,,,,,,,,,,,,,,,2010-07-28,,0.57,,pre-market,,,,,,,,,,,,,23.913,,,,,,,,,,,,
2010-09-30,UMBF,,,,,,,,,,,,,,,,,,,,,,,,,,,,,,,,,,,,,,0.06,,,0.51,,,,,,,,,,,,,,,,,,,,,,,,,,,,,,,,,,,,,,,,,,,,,,,,,2010-10-27,,0.57,,pre-market,,,,,,,,,,,,,11.7647,,,,,,,,,,,,
2010-12-31,UMBF,,,,,,,,,,,,,,,,,,,,,,,,,,,,,,,,,,,,,,-0.07,,,0.54,,,,,,,,,,,,,,,,,,,,,,,,,,,,,,,,,,,,,,,,,,,,,,,,,2011-01-26,,0.47,,pre-market,,,,,,,,,,,,,-12.963,,,,,,,,,,,,
2011-03-31,UMBF,,,,,,,,,,,,,,,,,,,,,,,,,,,,,,,,,,,,,,0.07,,,0.58,,,,,,,,,,,,,,,,,,,,,,,,,,,,,,,,,,,,,,,,,,,,,,,,,2011-04-26,,0.65,,pre-market,,,,,,,,,,,,,12.069,,,,,,,,,,,,
2011-06-30,UMBF,,,,,,,,,,,,,,,,,,,,,,,,,,,,,,,,,,,,,,0.03,,,0.65,,,,,,,,,,,,,,,,,,,,,,,,,,,,,,,,,,,,,,,,,,,,,,,,,2011-07-26,,0.68,,pre-market,,,,,,,,,,,,,4.6154,,,,,,,,,,,,
2011-09-30,UMBF,,,,,,,,,,,,,,,,,,,,,,,,,,,,,,,,,,,,,,-0.07,,,0.65,,,,,,,,,,,,,,,,,,,,,,,,,,,,,,,,,,,,,,,,,,,,,,,,,2011-10-25,,0.58,,pre-market,,,,,,,,,,,,,-10.7692,,,,,,,,,,,,
2011-12-31,UMBF,,,,,,,,,,,,,,,,,,,,,,,,,,,,,,,,,,,,,,-0.03,,,0.61,,,,,,,,,,,,,,,,,,,,,,,,,,,,,,,,,,,,,,,,,,,,,,,,,2012-01-24,,0.58,,pre-market,,,,,,,,,,,,,-4.918,,,,,,,,,,,,
2012-03-31,UMBF,,,,,,,,,,,,,,,,,,,,,,,,,,,,,,,,,,,,,,0.54,,,0.61,,,,,,,,,,,,,,,,,,,,,,,,,,,,,,,,,,,,,,,,,,,,,,,,,2012-04-24,,1.15,,pre-market,,,,,,,,,,,,,88.5246,,,,,,,,,,,,
2012-06-30,UMBF,,,,,,,,,,,,,,,,,,,,,,,,,,,,,,,,,,,,,,0.03,,,0.69,,,,,,,,,,,,,,,,,,,,,,,,,,,,,,,,,,,,,,,,,,,,,,,,,2012-07-24,,0.72,,pre-market,,,,,,,,,,,,,4.3478,,,,,,,,,,,,
2012-09-30,UMBF,,,,,,,,,,,,,,,,,,,,,,,,,,,,,,,,,,,,,,-0.04,,,0.68,,,,,,,,,,,,,,,,,,,,,,,,,,,,,,,,,,,,,,,,,,,,,,,,,2012-10-23,,0.64,,pre-market,,,,,,,,,,,,,-5.8824,,,,,,,,,,,,
2012-12-31,UMBF,,,,,,,,,,,,,,,,,,,,,,,,,,,,,,,,,,,,,,-0.15,,,0.67,,,,,,,,,,,,,,,,,,,,,,,,,,,,,,,,,,,,,,,,,,,,,,,,,2013-01-22,,0.52,,pre-market,,,,,,,,,,,,,-22.3881,,,,,,,,,,,,
2013-03-31,UMBF,,,,,,,,,,,,,,,,,,,,,,,,,,,,,,,,,,,,,,0.23,,,0.64,,,,,,,,,,,,,,,,,,,,,,,,,,,,,,,,,,,,,,,,,,,,,,,,,2013-04-23,,0.87,,pre-market,,,,,,,,,,,,,35.9375,,,,,,,,,,,,
2013-06-30,UMBF,,,,,,,,,,,,,,,,,,,,,,,,,,,,,,,,,,,,,,0.0,,,0.74,,,,,,,,,,,,,,,,,,,,,,,,,,,,,,,,,,,,,,,,,,,,,,,,,2013-07-23,,0.74,,pre-market,,,,,,,,,,,,,0.0,,,,,,,,,,,,
2013-09-30,UMBF,,,,,,,,,,,,,,,,,,,,,,,,,,,,,,,,,,,,,,0.09,,,0.74,,,,,,,,,,,,,,,,,,,,,,,,,,,,,,,,,,,,,,,,,,,,,,,,,2013-10-22,,0.83,,pre-market,,,,,,,,,,,,,12.1622,,,,,,,,,,,,
2013-12-31,UMBF,,,,,,,,,,,,,,,,,,,,,,,,,,,,,,,,,,,,,,0.03,,,0.74,,,,,,,,,,,,,,,,,,,,,,,,,,,,,,,,,,,,,,,,,,,,,,,,,2014-01-28,,0.77,,pre-market,,,,,,,,,,,,,4.0541,,,,,,,,,,,,
2014-03-31,UMBF,,,,,,,,,,,,,,,,,,,,,,,,,,,,,,,,,,,,,,0.02,,,0.71,,,,,,,,,,,,,,,,,,,,,,,,,,,,,,,,,,,,,,,,,,,,,,,,,2014-04-22,,0.73,,pre-market,,,,,,,,,,,,,2.8169,,,,,,,,,,,,
2014-06-30,UMBF,,,,,,,,,,,,,,,,,,,,,,,,,,,,,,,,,,,,,,0.03,,,0.76,,,,,,,,,,,,,,,,,,,,,,,,,,,,,,,,,,,,,,,,,,,,,,,,,2014-07-22,,0.79,,pre-market,,,,,,,,,,,,,3.9474,,,,,,,,,,,,
2014-09-30,UMBF,,,,,,,,,,,,,,,,,,,,,,,,,,,,,,,,,,,,,,0.02,,,0.76,,,,,,,,,,,,,,,,,,,,,,,,,,,,,,,,,,,,,,,,,,,,,,,,,2014-10-28,,0.78,,post-market,,,,,,,,,,,,,2.6316,,,,,,,,,,,,
2014-12-31,UMBF,,,,,,,,,,,,,,,,,,,,,,,,,,,,,,,,,,,,,,-0.17,,,0.76,,,,,,,,,,,,,,,,,,,,,,,,,,,,,,,,,,,,,,,,,,,,,,,,,2015-01-27,,0.59,,post-market,,,,,,,,,,,,,-22.3684,,,,,,,,,,,,
2015-03-31,UMBF,,,,,,,,,,,,,,,,,,,,,,,,,,,,,,,,,,,,,,0.04,,,0.7,,,,,,,,,,,,,,,,,,,,,,,,,,,,,,,,,,,,,,,,,,,,,,,,,2015-04-28,,0.74,,pre-market,,,,,,,,,,,,,5.7143,,,,,,,,,,,,
2015-06-30,UMBF,,,,,,,,,,,,,,,,,,,,,,,,,,,,,,,,,,,,,,0.0,,,0.65,,,,,,,,,,,,,,,,,,,,,,,,,,,,,,,,,,,,,,,,,,,,,,,,,2015-07-28,,0.65,,post-market,,,,,,,,,,,,,0.0,,,,,,,,,,,,
2015-09-30,UMBF,,,,,,,,,,,,,,,,,,,,,,,,,,,,,,,,,,,,,,-0.19,,,0.65,,,,,,,,,,,,,,,,,,,,,,,,,,,,,,,,,,,,,,,,,,,,,,,,,2015-10-27,,0.46,,post-market,,,,,,,,,,,,,-29.2308,,,,,,,,,,,,
2015-12-31,UMBF,,,,,,,,,,,,,,,,,,,,,,,,,,,,,,,,,,,,,,-0.01,,,0.61,,,,,,,,,,,,,,,,,,,,,,,,,,,,,,,,,,,,,,,,,,,,,,,,,2016-01-26,,0.6,,post-market,,,,,,,,,,,,,-1.6393,,,,,,,,,,,,
2016-03-31,UMBF,,,,,,,,,,,,,,,,,,,,,,,,,,,,,,,,,,,,,,0.07,,,0.67,,,,,,,,,,,,,,,,,,,,,,,,,,,,,,,,,,,,,,,,,,,,,,,,,2016-04-26,,0.74,,pre-market,,,,,,,,,,,,,10.4478,,,,,,,,,,,,
2016-06-30,UMBF,,,,,,,,,,,,,,,,,,,,,,,,,,,,,,,,,,,,,,0.02,,,0.74,,,,,,,,,,,,,,,,,,,,,,,,,,,,,,,,,,,,,,,,,,,,,,,,,2016-07-26,,0.76,,post-market,,,,,,,,,,,,,2.7027,,,,,,,,,,,,
2016-09-30,UMBF,,,,,,,,,,,,,,,,,,,,,,,,,,,,,,,,,,,,,,0.07,,,0.78,,,,,,,,,,,,,,,,,,,,,,,,,,,,,,,,,,,,,,,,,,,,,,,,,2016-10-25,,0.85,,post-market,,,,,,,,,,,,,8.9744,,,,,,,,,,,,
2016-12-31,UMBF,,,,,,,,,,,,,,,,,,,,,,,,,,,,,,,,,,,,,,0.06,,,0.85,,,,,,,,,,,,,,,,,,,,,,,,,,,,,,,,,,,,,,,,,,,,,,,,,2017-01-24,,0.91,,post-market,,,,,,,,,,,,,7.0588,,,,,,,,,,,,
2017-03-31,UMBF,,,,,,,,,,,,,,,,,,,,,,,,,,,,,,,,,,,,,,0.04,,,0.85,,,,,,,,,,,,,,,,,,,,,,,,,,,,,,,,,,,,,,,,,,,,,,,,,2017-04-25,,0.89,,pre-market,,,,,,,,,,,,,4.7059,,,,,,,,,,,,
2017-06-30,UMBF,,,,,,,,,,,,,,,,,,,,,,,,,,,,,,,,,,,,,,-0.03,,,0.93,,,,,,,,,,,,,,,,,,,,,,,,,,,,,,,,,,,,,,,,,,,,,,,,,2017-07-25,,0.9,,post-market,,,,,,,,,,,,,-3.2258,,,,,,,,,,,,
2017-09-30,UMBF,,,,,,,,,,,,,,,,,,,,,,,,,,,,,,,,,,,,,,0.05,,,0.92,,,,,,,,,,,,,,,,,,,,,,,,,,,,,,,,,,,,,,,,,,,,,,,,,2017-10-24,,0.97,,post-market,,,,,,,,,,,,,5.4348,,,,,,,,,,,,
2017-12-31,UMBF,,,,,,,,,,,,,,,,,,,,,,,,,,,,,,,,,,,,,,0.07,,,0.94,,,,,,,,,,,,,,,,,,,,,,,,,,,,,,,,,,,,,,,,,,,,,,,,,2018-01-23,,1.01,,post-market,,,,,,,,,,,,,7.4468,,,,,,,,,,,,
2018-03-31,UMBF,,,,,,,,,,,,,,,,,,,,,,,,,,,,,,,,,,,,,,0.09,,,1.05,,,,,,,,,,,,,,,,,,,,,,,,,,,,,,,,,,,,,,,,,,,,,,,,,2018-04-24,,1.14,,pre-market,,,,,,,,,,,,,8.5714,,,,,,,,,,,,
2018-06-30,UMBF,,,,,,,,,,,,,,,,,,,,,,,,,,,,,,,,,,,,,,-0.03,,,1.14,,,,,,,,,,,,,,,,,,,,,,,,,,,,,,,,,,,,,,,,,,,,,,,,,2018-07-24,,1.11,,post-market,,,,,,,,,,,,,-2.6316,,,,,,,,,,,,
2018-09-30,UMBF,,,,,,,,,,,,,,,,,,,,,,,,,,,,,,,,,,,,,,0.03,,,1.13,,,,,,,,,,,,,,,,,,,,,,,,,,,,,,,,,,,,,,,,,,,,,,,,,2018-10-23,,1.16,,post-market,,,,,,,,,,,,,2.6549,,,,,,,,,,,,
2018-12-31,UMBF,,,,,,,,,,,,,,,,,,,,,,,,,,,,,,,,,,,,,,-0.59,,,1.11,,,,,,,,,,,,,,,,,,,,,,,,,,,,,,,,,,,,,,,,,,,,,,,,,2019-01-29,,0.52,,post-market,,,,,,,,,,,,,-53.1532,,,,,,,,,,,,
2019-03-31,UMBF,,,,,,,,,,,,,,,,,,,,,,,,,,,,,,,,,,,,,,0.08,,,1.1,,,,,,,,,,,,,,,,,,,,,,,,,,,,,,,,,,,,,,,,,,,,,,,,,2019-04-23,,1.18,,pre-market,,,,,,,,,,,,,7.2727,,,,,,,,,,,,
2019-06-30,UMBF,,,,,,,,,,,,,,,,,,,,,,,,,,,,,,,,,,,,,,0.0,,,1.16,,,,,,,,,,,,,,,,,,,,,,,,,,,,,,,,,,,,,,,,,,,,,,,,,2019-07-30,,1.16,,post-market,,,,,,,,,,,,,0.0,,,,,,,,,,,,
2019-09-30,UMBF,,,,,,,,,,,,,,,,,,,,,,,,,,,,,,,,,,,,,,0.1,,,1.17,,,,,,,,,,,,,,,,,,,,,,,,,,,,,,,,,,,,,,,,,,,,,,,,,2019-10-29,,1.27,,post-market,,,,,,,,,,,,,8.547,,,,,,,,,,,,
2019-12-31,UMBF,,,,,,,,,,,,,,,,,,,,,,,,,,,,,,,,,,,,,,0.18,,,1.17,,,,,,,,,,,,,,,,,,,,,,,,,,,,,,,,,,,,,,,,,,,,,,,,,2020-01-28,,1.35,,post-market,,,,,,,,,,,,,15.3846,,,,,,,,,,,,
2020-03-31,UMBF,,,,,,,,,,,,,,,,,,,,,,,,,,,,,,,,,,,,,,-0.94,,,0.87,,,,,,,,,,,,,,,,,,,,,,,,,,,,,,,,,,,,,,,,,,,,,,,,,2020-04-28,,-0.07,,post-market,,,,,,,,,,,,,-108.046,,,,,,,,,,,,
2020-06-30,UMBF,,,,,,,,,,,,,,,,,,,,,,,,,,,,,,,,,,,,,,0.89,,,0.37,,,,,,,,,,,,,,,,,,,,,,,,,,,,,,,,,,,,,,,,,,,,,,,,,2020-07-28,,1.26,,post-market,,,,,,,,,,,,,240.5405,,,,,,,,,,,,
2020-09-30,UMBF,,,,,,,,,,,,,,,,,,,,,,,,,,,,,,,,,,,,,,0.5,,,1.02,,,,,,,,,,,,,,,,,,,,,,,,,,,,,,,,,,,,,,,,,,,,,,,,,2020-10-27,,1.52,,post-market,,,,,,,,,,,,,49.0196,,,,,,,,,,,,
2020-12-31,UMBF,,,,,,,,,,,,,,,,,,,,,,,,,,,,,,,,,,,,,,-0.91,,,2.3,,,,,,,,,,,,,,,,,,,,,,,,,,,,,,,,,,,,,,,,,,,,,,,,,2021-01-26,,1.39,,post-market,,,,,,,,,,,,,-39.5652,,,,,,,,,,,,
2021-03-31,UMBF,,,,,,,,,,,,,,,,,,,,,,,,,,,,,,,,,,,,,,0.47,,,1.44,,,,,,,,,,,,,,,,,,,,,,,,,,,,,,,,,,,,,,,,,,,,,,,,,2021-04-27,,1.91,,pre-market,,,,,,,,,,,,,32.6389,,,,,,,,,,,,
2021-06-30,UMBF,,,,,,,,,,,,,,,,,,,,,,,,,,,,,,,,,,,,,,0.01,,,1.78,,,,,,,,,,,,,,,,,,,,,,,,,,,,,,,,,,,,,,,,,,,,,,,,,2021-07-27,,1.79,,post-market,,,,,,,,,,,,,0.5618,,,,,,,,,,,,
2021-09-30,UMBF,,,,,,,,,,,,,,,,,,,,,,,,,,,,,,,,,,,,,,0.14,,,1.8,,,,,,,,,,,,,,,,,,,,,,,,,,,,,,,,,,,,,,,,,,,,,,,,,2021-10-26,,1.94,,post-market,,,,,,,,,,,,,7.7778,,,,,,,,,,,,
2021-12-31,UMBF,,,,,,,,,,,,,,,,,,,,,,,,,,,,,,,,,,,,,,-0.24,,,1.85,,,,,,,,,,,,,,,,,,,,,,,,,,,,,,,,,,,,,,,,,,,,,,,,,2022-01-25,,1.61,,post-market,,,,,,,,,,,,,-12.973,,,,,,,,,,,,
2022-03-31,UMBF,,,,,,,,,,,,,,,,,,,,,,,,,,,,,,,,,,,,,,0.5,,,1.67,,,,,,,,,,,,,,,,,,,,,,,,,,,,,,,,,,,,,,,,,,,,,,,,,2022-04-26,,2.17,,post-market,,,,,,,,,,,,,29.9401,,,,,,,,,,,,
2022-06-30,UMBF,,,,,,,,,,,,,,,,,,,,,,,,,,,,,,,,,,,,,,0.93,,,1.9,,,,,,,,,,,,,,,,,,,,,,,,,,,,,,,,,,,,,,,,,,,,,,,,,2022-07-26,,2.83,,post-market,,,,,,,,,,,,,48.9474,,,,,,,,,,,,
2022-09-30,UMBF,,,,,,,,,,,,,,,,,,,,,,,,,,,,,,,,,,,,,,-0.34,,,2.15,,,,,,,,,,,,,,,,,,,,,,,,,,,,,,,,,,,,,,,,,,,,,,,,,2022-10-25,,1.81,,post-market,,,,,,,,,,,,,-15.814,,,,,,,,,,,,
2022-12-31,UMBF,,,,,,,,,,,,,,,,,,,,,,,,,,,,,,,,,,,,,,0.07,,,1.99,,,,,,,,,,,,,,,,,,,,,,,,,,,,,,,,,,,,,,,,,,,,,,,,,2023-01-24,,2.06,,post-market,,,,,,,,,,,,,3.5176,,,,,,,,,,,,
2023-03-31,UMBF,,,,,,,,,,,,,,,,,,,,,,,,,,,,,,,,,,,,,,0.04,,,1.86,,,,,,,,,,,,,,,,,,,,,,,,,,,,,,,,,,,,,,,,,,,,,,,,,2023-04-25,,1.9,,post-market,,,,,,,,,,,,,2.1505,,,,,,,,,,,,
2023-06-30,UMBF,,,,,,,,,,,,,,,,,,,,,,,,,,,,,,,,,,,,,,-0.08,,,1.93,,,,,,,,,,,,,,,,,,,,,,,,,,,,,,,,,,,,,,,,,,,,,,,,,2023-07-25,,1.85,,post-market,,,,,,,,,,,,,-4.1451,,,,,,,,,,,,
2023-09-30,UMBF,,,,,,,,,,,,,,,,,,,,,,,,,,,,,,,,,,,,,,0.21,,,1.77,,,,,,,,,,,,,,,,,,,,,,,,,,,,,,,,,,,,,,,,,,,,,,,,,2023-10-24,,1.98,,post-market,,,,,,,,,,,,,11.8644,,,,,,,,,,,,
2023-12-31,UMBF,,,,,,,,,,,,,,,,,,,,,,,,,,,,,,,,,,,,,,-0.31,,,1.76,,,,,,,,,,,,,,,,,,,,,,,,,,,,,,,,,,,,,,,,,,,,,,,,,2024-01-30,,1.45,,post-market,,,,,,,,,,,,,-17.6136,,,,,,,,,,,,
2024-03-31,UMBF,,,,,,,,,,,,,,,,,,,,,,,,,,,,,,,,,,,,,,0.49,,,1.76,,,,,,,,,,,,,,,,,,,,,,,,,,,,,,,,,,,,,,,,,,,,,,,,,2024-04-29,,2.25,,pre-market,,,,,,,,,,,,,27.8409,,,,,,,,,,,,
2024-06-30,UMBF,,,,,,,,,,,,,,,,,,,,,,,,,,,,,,,,,,,,,,0.06,,,2.01,,,,,,,,,,,,,,,,,,,,,,,,,,,,,,,,,,,,,,,,,,,,,,,,,2024-07-30,,2.07,,post-market,,,,,,,,,,,,,2.9851,,,,,,,,,,,,
2024-09-30,UMBF,,,,,,,,,,,,,,,,,,,,,,,,,,,,,,,,,,,,,,0.05,,,2.2,,,,,,,,,,,,,,,,,,,,,,,,,,,,,,,,,,,,,,,,,,,,,,,,,2024-10-29,,2.25,,post-market,,,,,,,,,,,,,2.2727,,,,,,,,,,,,
2024-12-31,UMBF,,,,,,,,,,,,,,,,,,,,,,,,,,,,,,,,,,,,,,0.23,,,2.26,,,,,,,,,,,,,,,,,,,,,,,,,,,,,,,,,,,,,,,,,,,,,,,,,2025-01-28,,2.49,,post-market,,,,,,,,,,,,,10.177,,,,,,,,,,,,
2025-03-31,UMBF,,,,,,,,,,,,,,,,,,,,,,,,,,,,,,,,,,,,,,0.39,,,2.19,,,,,,,,,,,,,,,,,,,,,,,,,,,,,,,,,,,,,,,,,,,,,,,,,2025-04-29,,2.58,,post-market,,,,,,,,,,,,,17.8082,,,,,,,,,,,,
2025-06-30,UMBF,,,,,,,,,,,,,,,,,,,,,,,,,,,,,,,,,,,,,,0.59,,,2.37,,,,,,,,,,,,,,,,,,,,,,,,,,,,,,,,,,,,,,,,,,,,,,,,,2025-07-29,,2.96,,post-market,,,,,,,,,,,,,24.8945,,,,,,,,,,,,
2025-09-30,UMBF,,,,,,,,,,,,,,,,,,,,,,,,,,,,,,,,,,,,,,0.22,,,2.48,,,,,,,,,,,,,,,,,,,,,,,,,,,,,,,,,,,,,,,,,,,,,,,,,2025-10-28,,2.7,,post-market,,,,,,,,,,,,,8.871,,,,,,,,,,,,
2025-12-28,UMBF,8.97,2217071000.0,13.26,,0.787,94.14,,,,,,,,,,,,,,,,,,,,,,,,,,1.6,0.0135,,,,0.058,0.22,,,2.48,,10.08,,2217071000.0,,,,,,,,,,,,,,,,,,,0.414,,,,,,,,,,,,,1.73,1.263,4.073,,,,,,,,0.274,,,2025-10-28,,2.7,,post-market,,,0.0102,0.111,0.696,33.36,,,,,108.85,112.05,8.871,,,,,,,,,13.26,,125.25,81.12
2025-12-28,UMBF,8.97,2217071000.0,13.26,,0.787,94.14,,,,,,,,,,,,,,,None,830844000,830844000,,,,,,None,67361000,,1.6,0.0135,,,,0.058,0.22,236555000,303916000,2.48,2025-09-30,10.08,,2217071000.0,660410000,236555000,48239000,,,None,403855000,878897000,,None,,,,,188316000,188316000,475042000,None,0.414,,423855000,236555000,,,,,None,,,,,1.73,1.263,4.073,,,,,,,,0.274,,,2025-10-28,quarterly,2.7,USD,post-market,None,,0.0102,0.111,0.696,33.36,434949000,,,,108.85,112.05,8.871,,,,,,,1491254000,,13.26,,125.25,81.12
2025-12-28,UMBF,8.97,2217071000.0,13.26,,0.787,94.14,,,,,,,,,,,,,,,None,404513000,404513000,,,,,,None,37995000,,1.6,0.0135,,,,0.058,0.22,275041000,313036000,2.48,2025-06-30,10.08,,2217071000.0,612208000,275041000,57647000,,,None,383513000,850537000,,None,,,,,217394000,217394000,467024000,None,0.414,,337167000,275041000,,,,,None,,,,,1.73,1.263,4.073,,,,,,,,0.274,,,2025-10-28,quarterly,2.7,USD,post-market,None,,0.0102,0.111,0.696,33.36,213551000,,,,108.85,112.05,8.871,,,,,,,1016721000,,13.26,,125.25,81.12
2025-12-28,UMBF,8.97,2217071000.0,13.26,,0.787,94.14,,,,,,,,,,,,,,,None,426331000,426331000,,,,,,None,29366000,,1.6,0.0135,,,,0.058,0.22,93050000,122416000,2.48,2025-03-31,10.08,,2217071000.0,424192000,93050000,11717000,,,None,340331000,737970000,,None,,,,,81333000,81333000,397639000,None,0.414,,331142000,93050000,,,,,None,,,,,1.73,1.263,4.073,,,,,,,,0.274,,,2025-10-28,quarterly,2.7,USD,post-market,None,,0.0102,0.111,0.696,33.36,221398000,,,,108.85,112.05,8.871,,,,,,,850523000,,13.26,,125.25,81.12
2025-12-28,UMBF,8.97,2217071000.0,13.26,,0.787,94.14,,,,,,,,,,,,,,,None,304994000,304994000,,,,,,None,12714000,,1.6,0.0135,,,,0.058,0.22,144824000,157538000,2.48,2024-12-31,10.08,,2217071000.0,375222000,144824000,24827000,,,None,285994000,554968000,,None,,,,,119997000,119997000,268974000,None,0.414,,230398000,144824000,,,,,None,,,,,1.73,1.263,4.073,,,,,,,,0.274,,,2025-10-28,quarterly,2.7,USD,post-market,None,,0.0102,0.111,0.696,33.36,161062000,,,,108.85,112.05,8.871,,,,,,,680216000,,13.26,,125.25,81.12
2025-12-28,UMBF,8.97,2217071000.0,13.26,,0.787,94.14,,,,,,,,,,,,,,,None,328318000,328318000,,,,,,None,12947000,,1.6,0.0135,,,,0.058,0.22,135665000,148612000,2.48,2024-09-30,10.08,,2217071000.0,345940000,135665000,26022000,,,None,310318000,557694000,,None,,,,,109643000,109643000,247376000,None,0.414,,210275000,135665000,,,,,None,,,,,1.73,1.263,4.073,,,,,,,,0.274,,,2025-10-28,quarterly,2.7,USD,post-market,None,,0.0102,0.111,0.696,33.36,146984000,,,,108.85,112.05,8.871,,,,,,,674258000,,13.26,,125.25,81.12
2025-12-28,UMBF,8.97,2217071000.0,13.26,,0.787,94.14,,,,,,,,,,,,,,,None,307224000,307224000,,,,,,None,13293000,,1.6,0.0135,,,,0.058,0.22,126910000,140203000,2.48,2024-06-30,10.08,,2217071000.0,334458000,126910000,25565000,,,None,293174000,538282000,,None,,,,,101345000,101345000,245108000,None,0.414,,207548000,126910000,,,,,None,,,,,1.73,1.263,4.073,,,,,,,,0.274,,,2025-10-28,quarterly,2.7,USD,post-market,None,,0.0102,0.111,0.696,33.36,142861000,,,,108.85,112.05,8.871,,,,,,,641682000,,13.26,,125.25,81.12
2025-12-28,UMBF,8.97,2217071000.0,13.26,,0.787,94.14,,,,,,,,,,,,,,,None,290631000,290631000,,,,,,None,13817000,,1.6,0.0135,,,,0.058,0.22,133874000,147691000,2.48,2024-03-31,10.08,,2217071000.0,350175000,133874000,23616000,,,None,280631000,520065000,,None,,,,,110258000,110258000,239434000,None,0.414,,216301000,133874000,,,,,None,,,,,1.73,1.263,4.073,,,,,,,,0.274,,,2025-10-28,quarterly,2.7,USD,post-market,None,,0.0102,0.111,0.696,33.36,143006000,,,,108.85,112.05,8.871,,,,,,,640806000,,13.26,,125.25,81.12
2025-12-28,UMBF,8.97,2217071000.0,13.26,,0.787,94.14,,,,,,,,,,,,,,,None,266080000,266080000,,,,,,None,14147000,,1.6,0.0135,,,,0.058,0.22,80802000,94949000,2.48,2023-12-31,10.08,,2217071000.0,334828000,80802000,9879000,,,None,266080000,496602000,,None,,,,,70923000,70923000,230522000,None,0.414,,254026000,80802000,,,,,None,,,,,1.73,1.263,4.073,,,,,,,,0.274,,,2025-10-28,quarterly,2.7,USD,post-market,None,,0.0102,0.111,0.696,33.36,134231000,,,,108.85,112.05,8.871,,,,,,,600908000,,13.26,,125.25,81.12
2025-12-28,UMBF,8.97,2217071000.0,13.26,,0.787,94.14,,,,,,,,,,,,,,,None,254666000,254666000,,,,,,None,14513000,,1.6,0.0135,,,,0.058,0.22,119457000,133970000,2.48,2023-09-30,10.08,,2217071000.0,315759000,119186000,22632000,,,None,249689000,471976000,,None,,,,,96554000,96554000,222287000,None,0.414,,196573000,119186000,,,,,None,,,,,1.73,1.263,4.073,,,,,,,,0.274,,,2025-10-28,quarterly,2.7,USD,post-market,None,,0.0102,0.111,0.696,33.36,133380000,,,,108.85,112.05,8.871,,,,,,,570425000,,13.26,,125.25,81.12
2025-12-28,UMBF,8.97,2217071000.0,13.26,,0.787,94.14,,,,,,,,,,,,,,,None,248769000,248769000,,,,,,None,14675000,,1.6,0.0135,,,,0.058,0.22,110020000,124695000,2.48,2023-06-30,10.08,,2217071000.0,315814000,110020000,19910000,,,None,235769000,461380000,,None,,,,,90110000,90110000,225611000,None,0.414,,205794000,110020000,,,,,None,,,,,1.73,1.263,4.073,,,,,,,,0.274,,,2025-10-28,quarterly,2.7,USD,post-market,None,,0.0102,0.111,0.696,33.36,143312000,,,,108.85,112.05,8.871,,,,,,,564583000,,13.26,,125.25,81.12
2025-12-28,UMBF,8.97,2217071000.0,13.26,,0.787,94.14,,,,,,,,,,,,,,,None,190301000,190301000,,,,,,None,15388000,,1.6,0.0135,,,,0.058,0.22,111594000,126982000,2.48,2023-03-31,10.08,,2217071000.0,318273000,111594000,19157000,,,None,167051000,408747000,,None,,,,,92437000,92437000,241696000,None,0.414,,206679000,111594000,,,,,None,,,,,1.73,1.263,4.073,,,,,,,,0.274,,,2025-10-28,quarterly,2.7,USD,post-market,None,,0.0102,0.111,0.696,33.36,142498000,,,,108.85,112.05,8.871,,,,,,,508574000,,13.26,,125.25,81.12
2025-12-28,UMBF,8.97,2217071000.0,13.26,,0.787,94.14,,,,,,,,,,,,,,,None,130646000,130646000,,,,,,None,14271000,,1.6,0.0135,,,,0.058,0.22,123845000,138116000,2.48,2022-12-31,10.08,,2217071000.0,330749000,123845000,23672000,,,None,121646000,366812000,,None,,,,,100173000,100173000,245166000,None,0.414,,206904000,123845000,,,,,None,,,,,1.73,1.263,4.073,,,,,,,,0.274,,,2025-10-28,quarterly,2.7,USD,post-market,None,,0.0102,0.111,0.696,33.36,143869000,,,,108.85,112.05,8.871,,,,,,,461395000,,13.26,,125.25,81.12
2025-12-28,UMBF,8.97,2217071000.0,13.26,,0.787,94.14,,,,,,,,,,,,,,,None,88854000,88854000,,,,,,None,13557000,,1.6,0.0135,,,,0.058,0.22,108812000,122369000,2.48,2022-09-30,10.08,,2217071000.0,312756000,108812000,20822000,,,None,66854000,300339000,,None,,,,,87990000,87990000,233485000,None,0.414,,203944000,108812000,,,,,None,,,,,1.73,1.263,4.073,,,,,,,,0.274,,,2025-10-28,quarterly,2.7,USD,post-market,None,,0.0102,0.111,0.696,33.36,136467000,,,,108.85,112.05,8.871,,,,,,,401610000,,13.26,,125.25,81.12
2025-12-28,UMBF,8.97,2217071000.0,13.26,,0.787,94.14,,,,,,,,,,,,,,,None,37179000,37179000,,,,,,None,13042000,,1.6,0.0135,,,,0.058,0.22,173599000,186641000,2.48,2022-06-30,10.08,,2217071000.0,362508000,173599000,36043000,,,None,23779000,248570000,,None,,,,,137556000,137556000,224791000,None,0.414,,188909000,173599000,,,,,None,,,,,1.73,1.263,4.073,,,,,,,,0.274,,,2025-10-28,quarterly,2.7,USD,post-market,None,,0.0102,0.111,0.696,33.36,128346000,,,,108.85,112.05,8.871,,,,,,,399687000,,13.26,,125.25,81.12
2025-12-28,UMBF,8.97,2217071000.0,13.26,,0.787,94.14,,,,,,,,,,,,,,,None,4944000,4944000,,,,,,None,13152000,,1.6,0.0135,,,,0.058,0.22,125755000,138907000,2.48,2022-03-31,10.08,,2217071000.0,315523000,125755000,19792000,,,None,11444000,221799000,,None,,,,,105963000,105963000,210355000,None,0.414,,189768000,125755000,,,,,None,,,,,1.73,1.263,4.073,,,,,,,,0.274,,,2025-10-28,quarterly,2.7,USD,post-market,None,,0.0102,0.111,0.696,33.36,130634000,,,,108.85,112.05,8.871,,,,,,,320467000,,13.26,,125.25,81.12
2025-12-28,UMBF,8.97,2217071000.0,13.26,,0.787,94.14,,,,,,,,,,,,,,,None,19513000,19513000,,,,,,None,14011000,,1.6,0.0135,,,,0.058,0.22,98369000,112380000,2.48,2021-12-31,10.08,,2217071000.0,296904000,98369000,19873000,,,None,11013000,221583000,,None,,,,,78496000,78496000,210570000,None,0.414,,198535000,98369000,,,,,None,,,,,1.73,1.263,4.073,,,,,,,,0.274,,,2025-10-28,quarterly,2.7,USD,post-market,None,,0.0102,0.111,0.696,33.36,139399000,,,,108.85,112.05,8.871,,,,,,,316417000,,13.26,,125.25,81.12
2025-12-28,UMBF,8.97,2217071000.0,13.26,,0.787,94.14,,,,,,,,,,,,,,,None,6561000,6561000,,,,,,None,14022000,,1.6,0.0135,,,,0.058,0.22,113803000,127825000,2.48,2021-09-30,10.08,,2217071000.0,301315000,113803000,19336000,,,None,11561000,221326000,,None,,,,,94467000,94467000,209765000,None,0.414,,187512000,113803000,,,,,None,,,,,1.73,1.263,4.073,,,,,,,,0.274,,,2025-10-28,quarterly,2.7,USD,post-market,None,,0.0102,0.111,0.696,33.36,131551000,,,,108.85,112.05,8.871,,,,,,,307876000,,13.26,,125.25,81.12
2025-12-28,UMBF,8.97,2217071000.0,13.26,,0.787,94.14,,,,,,,,,,,,,,,None,35563000,35563000,,,,,,None,13672000,,1.6,0.0135,,,,0.058,0.22,107322000,120994000,2.48,2021-06-30,10.08,,2217071000.0,287630000,107322000,19910000,,,None,11563000,212634000,,None,,,,,87412000,87412000,201071000,None,0.414,,180308000,107322000,,,,,None,,,,,1.73,1.263,4.073,,,,,,,,0.274,,,2025-10-28,quarterly,2.7,USD,post-market,None,,0.0102,0.111,0.696,33.36,126653000,,,,108.85,112.05,8.871,,,,,,,323193000,,13.26,,125.25,81.12
2025-12-28,UMBF,8.97,2217071000.0,13.26,,0.787,94.14,,,,,,,,,,,,,,,None,4364000,4364000,,,,,,None,14042000,,1.6,0.0135,,,,0.058,0.22,109566000,123608000,2.48,2021-03-31,10.08,,2217071000.0,290139000,109566000,16923000,,,None,11864000,205979000,,None,,,,,92643000,92643000,194115000,None,0.414,,180573000,109566000,,,,,None,,,,,1.73,1.263,4.073,,,,,,,,0.274,,,2025-10-28,quarterly,2.7,USD,post-market,None,,0.0102,0.111,0.696,33.36,133719000,,,,108.85,112.05,8.871,,,,,,,294503000,,13.26,,125.25,81.12
2025-12-28,UMBF,8.97,2217071000.0,13.26,,0.787,94.14,,,,,,,,,,,,,,,None,17617000,17617000,,,,,,None,16355000,,1.6,0.0135,,,,0.058,0.22,191107000,207462000,2.48,2020-12-31,10.08,,2217071000.0,398846000,191107000,34787000,,,None,12617000,207292000,,None,,,,,156320000,156320000,194675000,None,0.414,,207739000,191107000,,,,,None,,,,,1.73,1.263,4.073,,,,,,,,0.274,,,2025-10-28,quarterly,2.7,USD,post-market,None,,0.0102,0.111,0.696,33.36,135790000,,,,108.85,112.05,8.871,,,,,,,416463000,,13.26,,125.25,81.12
2025-12-28,UMBF,8.97,2217071000.0,13.26,,0.787,94.14,,,,,,,,,,,,,,,None,28633000,28633000,,,,,,None,15394000,,1.6,0.0135,,,,0.058,0.22,83385000,98779000,2.48,2020-09-30,10.08,,2217071000.0,263734000,83385000,10293000,,,None,12633000,197017000,,None,,,,,73092000,73092000,184384000,None,0.414,,180349000,83385000,,,,,None,,,,,1.73,1.263,4.073,,,,,,,,0.274,,,2025-10-28,quarterly,2.7,USD,post-market,None,,0.0102,0.111,0.696,33.36,129945000,,,,108.85,112.05,8.871,,,,,,,292367000,,13.26,,125.25,81.12
2025-12-28,UMBF,8.97,2217071000.0,13.26,,0.787,94.14,,,,,,,,,,,,,,,None,36040000,36040000,,,,,,None,15463000,,1.6,0.0135,,,,0.058,0.22,68652000,84115000,2.48,2020-06-30,10.08,,2217071000.0,259033000,68652000,8123000,,,None,14540000,192769000,,None,,,,,60529000,60529000,178229000,None,0.414,,190381000,68652000,,,,,None,,,,,1.73,1.263,4.073,,,,,,,,0.274,,,2025-10-28,quarterly,2.7,USD,post-market,None,,0.0102,0.111,0.696,33.36,137934000,,,,108.85,112.05,8.871,,,,,,,295073000,,13.26,,125.25,81.12
2025-12-28,UMBF,8.97,2217071000.0,13.26,,0.787,94.14,,,,,,,,,,,,,,,None,125470000,125470000,,,,,,None,15591000,,1.6,0.0135,,,,0.058,0.22,-4254000,11337000,2.48,2020-03-31,10.08,,2217071000.0,166115000,-4254000,-815000,,,None,37470000,211411000,,None,,,,,-3439000,-3439000,173941000,None,0.414,,170369000,-4254000,,,,,None,,,,,1.73,1.263,4.073,,,,,,,,0.274,,,2025-10-28,quarterly,2.7,USD,post-market,None,,0.0102,0.111,0.696,33.36,117611000,,,,108.85,112.05,8.871,,,,,,,291585000,,13.26,,125.25,81.12
2025-12-28,UMBF,8.97,2217071000.0,13.26,,0.787,94.14,,,,,,,,,,,,,,,None,45457000,45457000,,,,,,None,14918000,,1.6,0.0135,,,,0.058,0.22,77220000,92138000,2.48,2019-12-31,10.08,,2217071000.0,263306000,77268000,10753000,,,None,43457000,215820000,,None,,,,,66515000,66515000,172363000,None,0.414,,186038000,77268000,,,,,None,,,,,1.73,1.263,4.073,,,,,,,,0.274,,,2025-10-28,quarterly,2.7,USD,post-market,None,,0.0102,0.111,0.696,33.36,130026000,,,,108.85,112.05,8.871,,,,,,,308763000,,13.26,,125.25,81.12
2025-12-28,UMBF,8.97,2217071000.0,13.26,,0.787,94.14,,,,,,,,,,,,,,,None,58343000,58343000,,,,,,None,14072000,,1.6,0.0135,,,,0.058,0.22,72998000,87070000,2.48,2019-09-30,10.08,,2217071000.0,246133000,72998000,10616000,,,None,50843000,219103000,,None,,,,,62382000,62382000,168260000,None,0.414,,173135000,72998000,,,,,None,,,,,1.73,1.263,4.073,,,,,,,,0.274,,,2025-10-28,quarterly,2.7,USD,post-market,None,,0.0102,0.111,0.696,33.36,117163000,,,,108.85,112.05,8.871,,,,,,,304476000,,13.26,,125.25,81.12
2025-12-28,UMBF,8.97,2217071000.0,13.26,,0.787,94.14,,,,,,,,,,,,,,,None,61248000,61248000,,,,,,None,13702000,,1.6,0.0135,,,,0.058,0.22,67425000,81127000,2.48,2019-06-30,10.08,,2217071000.0,243015000,67425000,10466000,,,None,50248000,216662000,,None,,,,,56959000,56959000,166414000,None,0.414,,175590000,67425000,,,,,None,,,,,1.73,1.263,4.073,,,,,,,,0.274,,,2025-10-28,quarterly,2.7,USD,post-market,None,,0.0102,0.111,0.696,33.36,121649000,,,,108.85,112.05,8.871,,,,,,,304263000,,13.26,,125.25,81.12
2025-12-28,UMBF,8.97,2217071000.0,13.26,,0.787,94.14,,,,,,,,,,,,,,,None,59789000,59789000,,,,,,None,13614000,,1.6,0.0135,,,,0.058,0.22,68274000,81888000,2.48,2019-03-31,10.08,,2217071000.0,242423000,68274000,10530000,,,None,47439000,211307000,,None,,,,,57744000,57744000,163868000,None,0.414,,174149000,68274000,,,,,None,,,,,1.73,1.263,4.073,,,,,,,,0.274,,,2025-10-28,quarterly,2.7,USD,post-market,None,,0.0102,0.111,0.696,33.36,122795000,,,,108.85,112.05,8.871,,,,,,,302212000,,13.26,,125.25,81.12
2025-12-28,UMBF,8.97,2217071000.0,13.26,,0.787,94.14,,,,,,,,,,,,,,,None,88911000,88911000,,,,,,None,13335000,,1.6,0.0135,,,,0.058,0.22,24486000,37821000,2.48,2018-12-31,10.08,,2217071000.0,192543000,24486000,-968000,,,None,40911000,None,,None,,,,,25454000,25454000,None,None,0.414,,168057000,24486000,,,,,None,,,,,1.73,1.263,4.073,,,,,,,,0.274,,,2025-10-28,quarterly,2.7,USD,post-market,0,,0.0102,0.111,0.696,33.36,110342000,,,,108.85,112.05,8.871,,,,,,,281454000,,13.26,,125.25,81.12
2025-12-28,UMBF,8.97,2217071000.0,13.26,,0.787,94.14,,,,,,,,,,,,,,,None,40357000,40357000,,,,,,None,13237000,,1.6,0.0135,,,,0.058,0.22,65240000,78477000,2.48,2018-09-30,10.08,,2217071000.0,228887000,65240000,7391000,,,None,34607000,None,,None,,,,,57849000,57849000,None,None,0.414,,163647000,65240000,,,,,None,,,,,1.73,1.263,4.073,,,,,,,,0.274,,,2025-10-28,quarterly,2.7,USD,post-market,0,,0.0102,0.111,0.696,33.36,110821000,,,,108.85,112.05,8.871,,,,,,,269244000,,13.26,,125.25,81.12
2025-12-28,UMBF,8.97,2217071000.0,13.26,,0.787,94.14,,,,,,,,,,,,,,,None,33254000,33254000,,,,,,None,13173000,,1.6,0.0135,,,,0.058,0.22,66297000,79470000,2.48,2018-06-30,10.08,,2217071000.0,227813000,66297000,10873000,,,None,26254000,None,,None,,,,,55424000,55424000,None,None,0.414,,161516000,66297000,,,,,None,,,,,1.73,1.263,4.073,,,,,,,,0.274,,,2025-10-28,quarterly,2.7,USD,post-market,0,,0.0102,0.111,0.696,33.36,112093000,,,,108.85,112.05,8.871,,,,,,,261067000,,13.26,,125.25,81.12
2025-12-28,UMBF,8.97,2217071000.0,13.26,,0.787,94.14,,,,,,,,,,,,,,,None,29743000,29743000,,,,,,None,13371000,,1.6,0.0135,,,,0.058,0.22,67571000,80942000,2.48,2018-03-31,10.08,,2217071000.0,227660000,67571000,10038000,,,None,19743000,None,,None,,,,,56786000,57533000,None,None,0.414,,160089000,67571000,,,,,None,,,,,1.73,1.263,4.073,,,,,,,,0.274,,,2025-10-28,quarterly,2.7,USD,post-market,0,,0.0102,0.111,0.696,33.36,114633000,,,,108.85,112.05,8.871,,,,,,,257403000,,13.26,,125.25,81.12
2025-12-28,UMBF,8.97,2217071000.0,13.26,,0.787,94.14,,,,,,,,,,,,,,,None,22770000,22770000,,,,,,None,13337000,,1.6,0.0135,,,,0.058,0.22,63820000,77157000,2.48,2017-12-31,10.08,,2217071000.0,230736000,63820000,16463000,,,None,16770000,None,,None,,,,,111961000,45152000,None,None,0.414,,166916000,63820000,,,,,None,,,,,1.73,1.263,4.073,,,,,,,,0.274,,,2025-10-28,quarterly,2.7,USD,post-market,0,,0.0102,0.111,0.696,33.36,115692000,,,,108.85,112.05,8.871,,,,,,,253506000,,13.26,,125.25,81.12
2025-12-28,UMBF,8.97,2217071000.0,13.26,,0.787,94.14,,,,,,,,,,,,,,,None,28537000,28537000,,,,,,None,13003000,,1.6,0.0135,,,,0.058,0.22,61843000,74846000,2.48,2017-09-30,10.08,,2217071000.0,217383000,61843000,12971000,,,None,17037000,None,,None,,,,,48142000,48872000,None,None,0.414,,155540000,61843000,,,,,None,,,,,1.73,1.263,4.073,,,,,,,,0.274,,,2025-10-28,quarterly,2.7,USD,post-market,0,,0.0102,0.111,0.696,33.36,107623000,,,,108.85,112.05,8.871,,,,,,,245920000,,13.26,,125.25,81.12
2025-12-28,UMBF,8.97,2217071000.0,13.26,,0.787,94.14,,,,,,,,,,,,,,,None,28317000,28317000,,,,,,None,14160000,,1.6,0.0135,,,,0.058,0.22,56261000,70421000,2.48,2017-06-30,10.08,,2217071000.0,217424000,56261000,11490000,,,None,13817000,None,,None,,,,,42821000,44771000,None,None,0.414,,161163000,56261000,,,,,None,,,,,1.73,1.263,4.073,,,,,,,,0.274,,,2025-10-28,quarterly,2.7,USD,post-market,0,,0.0102,0.111,0.696,33.36,111636000,,,,108.85,112.05,8.871,,,,,,,245741000,,13.26,,125.25,81.12
2025-12-28,UMBF,8.97,2217071000.0,13.26,,0.787,94.14,,,,,,,,,,,,,,,None,19375000,19375000,,,,,,None,14375000,,1.6,0.0135,,,,0.058,0.22,54422000,68797000,2.48,2017-03-31,10.08,,2217071000.0,214130000,54422000,12446000,,,None,10375000,None,,None,,,,,44181000,44181000,None,None,0.414,,159708000,54422000,,,,,None,,,,,1.73,1.263,4.073,,,,,,,,0.274,,,2025-10-28,quarterly,2.7,USD,post-market,0,,0.0102,0.111,0.696,33.36,111579000,,,,108.85,112.05,8.871,,,,,,,233505000,,13.26,,125.25,81.12
2025-12-28,UMBF,8.97,2217071000.0,13.26,,0.787,94.14,,,,,,,,,,,,,,,None,15054000,15054000,,,,,,None,13642000,,1.6,0.0135,,,,0.058,0.22,53927000,67569000,2.48,2016-12-31,10.08,,2217071000.0,224683000,53962000,11028000,,,None,7554000,None,,None,,,,,42934000,43313000,None,None,0.414,,170721000,53962000,,,,,None,,,,,1.73,1.263,4.073,,,,,,,,0.274,,,2025-10-28,quarterly,2.7,USD,post-market,0,,0.0102,0.111,0.696,33.36,116013000,,,,108.85,112.05,8.871,,,,,,,239737000,,13.26,,125.25,81.12
2025-12-28,UMBF,8.97,2217071000.0,13.26,,0.787,94.14,,,,,,,,,,,,,,,None,20273000,20273000,,,,,,None,13544000,,1.6,0.0135,,,,0.058,0.22,50096000,63640000,2.48,2016-09-30,10.08,,2217071000.0,201208000,50096000,10674000,,,None,7273000,None,,None,,,,,41946000,41946000,None,None,0.414,,151112000,50096000,,,,,None,,,,,1.73,1.263,4.073,,,,,,,,0.274,,,2025-10-28,quarterly,2.7,USD,post-market,0,,0.0102,0.111,0.696,33.36,107245000,,,,108.85,112.05,8.871,,,,,,,221481000,,13.26,,125.25,81.12
2025-12-28,UMBF,8.97,2217071000.0,13.26,,0.787,94.14,,,,,,,,,,,,,,,None,13687000,13687000,,,,,,None,13700000,,1.6,0.0135,,,,0.058,0.22,48565000,62265000,2.48,2016-06-30,10.08,,2217071000.0,202646000,48565000,12102000,,,None,6687000,None,,None,,,,,37518000,37297000,None,None,0.414,,154081000,48565000,,,,,None,,,,,1.73,1.263,4.073,,,,,,,,0.274,,,2025-10-28,quarterly,2.7,USD,post-market,0,,0.0102,0.111,0.696,33.36,105591000,,,,108.85,112.05,8.871,,,,,,,216333000,,13.26,,125.25,81.12
2025-12-28,UMBF,8.97,2217071000.0,13.26,,0.787,94.14,,,,,,,,,,,,,,,None,11194000,11194000,,,,,,None,13705000,,1.6,0.0135,,,,0.058,0.22,48798000,62503000,2.48,2016-03-31,10.08,,2217071000.0,211965000,48798000,12395000,,,None,6194000,None,,None,,,,,36403000,36245000,None,None,0.414,,163167000,48798000,,,,,None,,,,,1.73,1.263,4.073,,,,,,,,0.274,,,2025-10-28,quarterly,2.7,USD,post-market,0,,0.0102,0.111,0.696,33.36,115228000,,,,108.85,112.05,8.871,,,,,,,223159000,,13.26,,125.25,81.12
2025-12-28,UMBF,8.97,2217071000.0,13.26,,0.787,94.14,,,,,,,,,,,,,,,None,10161000,10161000,,,,,,None,14253000,,1.6,0.0135,,,,0.058,0.22,39973000,54226000,2.48,2015-12-31,10.08,,2217071000.0,203656000,39973000,10330000,,,None,5161000,None,,None,,,,,29643000,29643000,None,None,0.414,,163683000,39973000,,,,,None,,,,,1.73,1.263,4.073,,,,,,,,0.274,,,2025-10-28,quarterly,2.7,USD,post-market,0,,0.0102,0.111,0.696,33.36,111217000,,,,108.85,112.05,8.871,,,,,,,213817000,,13.26,,125.25,81.12
2025-12-28,UMBF,8.97,2217071000.0,13.26,,0.787,94.14,,,,,,,,,,,,,,,None,7834000,7834000,,,,,,None,14471000,,1.6,0.0135,,,,0.058,0.22,31214000,45685000,2.48,2015-09-30,10.08,,2217071000.0,198432000,31214000,8763000,,,None,5334000,None,,None,,,,,22451000,22451000,None,None,0.414,,167218000,31214000,,,,,None,,,,,1.73,1.263,4.073,,,,,,,,0.274,,,2025-10-28,quarterly,2.7,USD,post-market,0,,0.0102,0.111,0.696,33.36,113280000,,,,108.85,112.05,8.871,,,,,,,206266000,,13.26,,125.25,81.12
2025-12-28,UMBF,8.97,2217071000.0,13.26,,0.787,94.14,,,,,,,,,,,,,,,None,9524000,9524000,,,,,,None,12235000,,1.6,0.0135,,,,0.058,0.22,39946000,52181000,2.48,2015-06-30,10.08,,2217071000.0,194303000,39946000,9732000,,,None,4524000,None,,None,,,,,30214000,30214000,None,None,0.414,,154357000,39946000,,,,,None,,,,,1.73,1.263,4.073,,,,,,,,0.274,,,2025-10-28,quarterly,2.7,USD,post-market,0,,0.0102,0.111,0.696,33.36,107061000,,,,108.85,112.05,8.871,,,,,,,203827000,,13.26,,125.25,81.12
2025-12-28,UMBF,8.97,2217071000.0,13.26,,0.787,94.14,,,,,,,,,,,,,,,None,6595000,6595000,,,,,,None,11792000,,1.6,0.0135,,,,0.058,0.22,48152000,59944000,2.48,2015-03-31,10.08,,2217071000.0,195014000,48152000,14387000,,,None,3595000,None,,None,,,,,33765000,33765000,None,None,0.414,,146862000,48152000,,,,,None,,,,,1.73,1.263,4.073,,,,,,,,0.274,,,2025-10-28,quarterly,2.7,USD,post-market,0,,0.0102,0.111,0.696,33.36,105618000,,,,108.85,112.05,8.871,,,,,,,201609000,,13.26,,125.25,81.12
2025-12-28,UMBF,8.97,2217071000.0,13.26,,0.787,94.14,,,,,,,,,,,,,,,None,6304000,6304000,,,,,,None,11940000,,1.6,0.0135,,,,0.058,0.22,36449000,48389000,2.48,2014-12-31,10.08,,2217071000.0,182854000,36449000,9509000,,,None,3304000,None,,None,,,,,26940000,26940000,None,None,0.414,,146405000,36449000,,,,,None,,,,,1.73,1.263,4.073,,,,,,,,0.274,,,2025-10-28,quarterly,2.7,USD,post-market,0,,0.0102,0.111,0.696,33.36,98161000,,,,108.85,112.05,8.871,,,,,,,189158000,,13.26,,125.25,81.12
2025-12-28,UMBF,8.97,2217071000.0,13.26,,0.787,94.14,,,,,,,,,,,,,,,None,7791000,7791000,,,,,,None,11761000,,1.6,0.0135,,,,0.058,0.22,48350000,60111000,2.48,2014-09-30,10.08,,2217071000.0,191319000,48040000,12720000,,,None,3291000,None,,None,,,,,35630000,35630000,None,None,0.414,,142969000,66122000,,,,,None,,,,,1.73,1.263,4.073,,,,,,,,0.274,,,2025-10-28,quarterly,2.7,USD,post-market,0,,0.0102,0.111,0.696,33.36,97435000,,,,108.85,112.05,8.871,,,,,,,199110000,,13.26,,125.25,81.12
2025-12-28,UMBF,8.97,2217071000.0,13.26,,0.787,94.14,,,,,,,,,,,,,,,None,8619000,8619000,,,,,,None,11310000,,1.6,0.0135,,,,0.058,0.22,48970000,60280000,2.48,2014-06-30,10.08,,2217071000.0,195357000,48660000,14298000,,,None,3619000,None,,None,,,,,34672000,34672000,None,None,0.414,,146387000,71704000,,,,,None,,,,,1.73,1.263,4.073,,,,,,,,0.274,,,2025-10-28,quarterly,2.7,USD,post-market,0,,0.0102,0.111,0.696,33.36,97795000,,,,108.85,112.05,8.871,,,,,,,203976000,,13.26,,125.25,81.12
2025-12-28,UMBF,8.97,2217071000.0,13.26,,0.787,94.14,,,,,,,,,,,,,,,None,8102000,8102000,,,,,,None,11344000,,1.6,0.0135,,,,0.058,0.22,31668000,43012000,2.48,2014-03-31,10.08,,2217071000.0,186570000,31668000,8255000,,,None,3602000,None,,None,,,,,23413000,23413000,None,None,0.414,,154902000,31668000,,,,,None,,,,,1.73,1.263,4.073,,,,,,,,0.274,,,2025-10-28,quarterly,2.7,USD,post-market,0,,0.0102,0.111,0.696,33.36,96034000,,,,108.85,112.05,8.871,,,,,,,194672000,,13.26,,125.25,81.12
2025-12-28,UMBF,8.97,2217071000.0,13.26,,0.787,94.14,,,,,,,,,,,,,,,None,7217000,7217000,,,,,,None,11223000,,1.6,0.0135,,,,0.058,0.22,47095000,58318000,2.48,2013-12-31,10.08,,2217071000.0,198020000,47095000,12432000,,,None,3217000,None,,None,,,,,34663000,34663000,None,None,0.414,,150925000,47095000,,,,,None,,,,,1.73,1.263,4.073,,,,,,,,0.274,,,2025-10-28,quarterly,2.7,USD,post-market,0,,0.0102,0.111,0.696,33.36,96530000,,,,108.85,112.05,8.871,,,,,,,205237000,,13.26,,125.25,81.12
2025-12-28,UMBF,8.97,2217071000.0,13.26,,0.787,94.14,,,,,,,,,,,,,,,None,10051000,10051000,,,,,,None,10994000,,1.6,0.0135,,,,0.058,0.22,47607000,58601000,2.48,2013-09-30,10.08,,2217071000.0,181638000,47607000,13175000,,,None,3551000,None,,None,,,,,34432000,34432000,None,None,0.414,,134031000,47607000,,,,,None,,,,,1.73,1.263,4.073,,,,,,,,0.274,,,2025-10-28,quarterly,2.7,USD,post-market,0,,0.0102,0.111,0.696,33.36,91164000,,,,108.85,112.05,8.871,,,,,,,191689000,,13.26,,125.25,81.12
2025-12-28,UMBF,8.97,2217071000.0,13.26,,0.787,94.14,,,,,,,,,,,,,,,None,8885000,8885000,,,,,,None,11035000,,1.6,0.0135,,,,0.058,0.22,40601000,51636000,2.48,2013-06-30,10.08,,2217071000.0,171910000,40601000,10672000,,,None,3885000,None,,None,,,,,29929000,29929000,None,None,0.414,,131309000,40601000,,,,,None,,,,,1.73,1.263,4.073,,,,,,,,0.274,,,2025-10-28,quarterly,2.7,USD,post-market,0,,0.0102,0.111,0.696,33.36,91412000,,,,108.85,112.05,8.871,,,,,,,180795000,,13.26,,125.25,81.12
2025-12-28,UMBF,8.97,2217071000.0,13.26,,0.787,94.14,,,,,,,,,,,,,,,None,6419000,6419000,,,,,,None,10969000,,1.6,0.0135,,,,0.058,0.22,48121000,59090000,2.48,2013-03-31,10.08,,2217071000.0,179862000,48121000,13180000,,,None,4419000,None,,None,,,,,34941000,34941000,None,None,0.414,,131741000,48121000,,,,,None,,,,,1.73,1.263,4.073,,,,,,,,0.274,,,2025-10-28,quarterly,2.7,USD,post-market,0,,0.0102,0.111,0.696,33.36,90100000,,,,108.85,112.05,8.871,,,,,,,186281000,,13.26,,125.25,81.12
2025-12-28,UMBF,8.97,2217071000.0,13.26,,0.787,94.14,,,,,,,,,,,,,,,None,8394000,8394000,,,,,,None,10271000,,1.6,0.0135,,,,0.058,0.22,27544000,37815000,2.48,2012-12-31,10.08,,2217071000.0,116158000,27544000,6484000,,,None,4394000,None,,None,,,,,21060000,-16178000,None,None,0.414,,88614000,27544000,,,,,None,,,,,1.73,1.263,4.073,,,,,,,,0.274,,,2025-10-28,quarterly,2.7,USD,post-market,0,,0.0102,0.111,0.696,33.36,77692000,,,,108.85,112.05,8.871,,,,,,,124552000,,13.26,,125.25,81.12
2025-12-28,UMBF,8.97,2217071000.0,13.26,,0.787,94.14,,,,,,,,,,,,,,,None,9114000,9114000,,,,,,None,10071000,,1.6,0.0135,,,,0.058,0.22,36281000,46352000,2.48,2012-09-30,10.08,,2217071000.0,164522000,36281000,10156000,,,None,4614000,None,,None,,,,,26125000,26125000,None,None,0.414,,128241000,36281000,,,,,None,,,,,1.73,1.263,4.073,,,,,,,,0.274,,,2025-10-28,quarterly,2.7,USD,post-market,0,,0.0102,0.111,0.696,33.36,86171000,,,,108.85,112.05,8.871,,,,,,,173636000,,13.26,,125.25,81.12
2025-12-28,UMBF,8.97,2217071000.0,13.26,,0.787,94.14,,,,,,,,,,,,,,,None,9477000,9477000,,,,,,None,10295000,,1.6,0.0135,,,,0.058,0.22,41413000,51708000,2.48,2012-06-30,10.08,,2217071000.0,168876000,41413000,12248000,,,None,4977000,None,,None,,,,,29165000,29165000,None,None,0.414,,127463000,41413000,,,,,None,,,,,1.73,1.263,4.073,,,,,,,,0.274,,,2025-10-28,quarterly,2.7,USD,post-market,0,,0.0102,0.111,0.696,33.36,85533000,,,,108.85,112.05,8.871,,,,,,,178353000,,13.26,,125.25,81.12
2025-12-28,UMBF,8.97,2217071000.0,13.26,,0.787,94.14,,,,,,,,,,,,,,,None,10144000,10144000,,,,,,None,10210000,,1.6,0.0135,,,,0.058,0.22,64986000,75196000,2.48,2012-03-31,10.08,,2217071000.0,189832000,64986000,18619000,,,None,5644000,None,,None,,,,,46367000,83605000,None,None,0.414,,124846000,64986000,,,,,323000,,,,,1.73,1.263,4.073,,,,,,,,0.274,,,2025-10-28,quarterly,2.7,USD,post-market,0,,0.0102,0.111,0.696,33.36,87376000,,,,108.85,112.05,8.871,,,,,,,199976000,,13.26,,125.25,81.12
2025-12-28,UMBF,8.97,2217071000.0,13.26,,0.787,94.14,,,,,,,,,,,,,,,None,10972000,10972000,,,,,,None,10211000,,1.6,0.0135,,,,0.058,0.22,30081000,40292000,2.48,2011-12-31,10.08,,2217071000.0,172302000,30081000,6815000,,,None,5972000,None,,None,,,,,23266000,103040000,None,None,0.414,,142221000,30081000,,,,,1305000,,,,,1.73,1.263,4.073,,,,,,,,0.274,,,2025-10-28,quarterly,2.7,USD,post-market,0,,0.0102,0.111,0.696,33.36,59213000,,,,108.85,112.05,8.871,,,,,,,183274000,,13.26,,125.25,81.12
2025-12-28,UMBF,8.97,2217071000.0,13.26,,0.787,94.14,,,,,,,,,,,,,,,None,11050000,11050000,,,,,,None,10319000,,1.6,0.0135,,,,0.058,0.22,36103000,46422000,2.48,2011-09-30,10.08,,2217071000.0,175531000,36103000,10088000,,,None,6550000,None,,None,,,,,26015000,26015000,None,None,0.414,,139428000,36103000,,,,,None,,,,,1.73,1.263,4.073,,,,,,,,0.274,,,2025-10-28,quarterly,2.7,USD,post-market,0,,0.0102,0.111,0.696,33.36,86549000,,,,108.85,112.05,8.871,,,,,,,186581000,,13.26,,125.25,81.12
2025-12-28,UMBF,8.97,2217071000.0,13.26,,0.787,94.14,,,,,,,,,,,,,,,None,12233000,12233000,,,,,,None,11196000,,1.6,0.0135,,,,0.058,0.22,36593000,47789000,2.48,2011-06-30,10.08,,2217071000.0,182174000,36593000,10272000,,,None,6633000,None,,None,,,,,26321000,26321000,None,None,0.414,,145581000,36593000,,,,,None,,,,,1.73,1.263,4.073,,,,,,,,0.274,,,2025-10-28,quarterly,2.7,USD,post-market,0,,0.0102,0.111,0.696,33.36,98431000,,,,108.85,112.05,8.871,,,,,,,194407000,,13.26,,125.25,81.12
2025-12-28,UMBF,8.97,2217071000.0,13.26,,0.787,94.14,,,,,,,,,,,,,,,None,14625000,14625000,,,,,,None,11205000,,1.6,0.0135,,,,0.058,0.22,43582000,54787000,2.48,2011-03-31,10.08,,2217071000.0,179098000,43582000,12712000,,,None,7525000,None,,None,,,,,30870000,30870000,None,None,0.414,,135516000,43582000,,,,,None,,,,,1.73,1.263,4.073,,,,,,,,0.274,,,2025-10-28,quarterly,2.7,USD,post-market,0,,0.0102,0.111,0.696,33.36,98221000,,,,108.85,112.05,8.871,,,,,,,193723000,,13.26,,125.25,81.12
2025-12-28,UMBF,8.97,2217071000.0,13.26,,0.787,94.14,,,,,,,,,,,,,,,None,15395000,15395000,,,,,,None,10530000,,1.6,0.0135,,,,0.058,0.22,27658000,38188000,2.48,2010-12-31,10.08,,2217071000.0,166167000,27658000,8626000,,,None,7995000,None,,None,,,,,19032000,19031000,None,None,0.414,,138509000,27658000,,,,,None,,,,,1.73,1.263,4.073,,,,,,,,0.274,,,2025-10-28,quarterly,2.7,USD,post-market,0,,0.0102,0.111,0.696,33.36,46680000,,,,108.85,112.05,8.871,,,,,,,181562000,,13.26,,125.25,81.12
2025-12-28,UMBF,8.97,2217071000.0,13.26,,0.787,94.14,,,,,,,,,,,,,,,None,16208000,16208000,,,,,,None,10167000,,1.6,0.0135,,,,0.058,0.22,30132000,40299000,2.48,2010-09-30,10.08,,2217071000.0,160767000,30132000,7359000,,,None,8508000,None,,None,,,,,22773000,22773000,None,None,0.414,,130635000,30132000,,,,,None,,,,,1.73,1.263,4.073,,,,,,,,0.274,,,2025-10-28,quarterly,2.7,USD,post-market,0,,0.0102,0.111,0.696,33.36,81377000,,,,108.85,112.05,8.871,,,,,,,176975000,,13.26,,125.25,81.12
2025-12-28,UMBF,8.97,2217071000.0,13.26,,0.787,94.14,,,,,,,,,,,,,,,None,17165000,17165000,,,,,,None,9509000,,1.6,0.0135,,,,0.058,0.22,32546000,42055000,2.48,2010-06-30,10.08,,2217071000.0,158668000,32546000,9533000,,,None,9065000,None,,None,,,,,23013000,23013000,None,None,0.414,,126122000,32546000,,,,,None,,,,,1.73,1.263,4.073,,,,,,,,0.274,,,2025-10-28,quarterly,2.7,USD,post-market,0,,0.0102,0.111,0.696,33.36,87322000,,,,108.85,112.05,8.871,,,,,,,175833000,,13.26,,125.25,81.12
2025-12-28,UMBF,8.97,2217071000.0,13.26,,0.787,94.14,,,,,,,,,,,,,,,None,18637000,18637000,,,,,,None,9170000,,1.6,0.0135,,,,0.058,0.22,36516000,45686000,2.48,2010-03-31,10.08,,2217071000.0,153894000,36516000,10331000,,,None,10327000,None,,None,,,,,26185000,26185000,None,None,0.414,,117378000,36516000,,,,,None,,,,,1.73,1.263,4.073,,,,,,,,0.274,,,2025-10-28,quarterly,2.7,USD,post-market,0,,0.0102,0.111,0.696,33.36,84417000,,,,108.85,112.05,8.871,,,,,,,172531000,,13.26,,125.25,81.12
2025-12-28,UMBF,8.97,2217071000.0,13.26,,0.787,94.14,,,,,,,,,,,,,,,None,23295000,23295000,,,,,,None,10164000,,1.6,0.0135,,,,0.058,0.22,29828000,39992000,2.48,2009-12-31,10.08,,2217071000.0,149634000,29828000,5970000,,,None,11795000,None,,None,,,,,23858000,0,None,None,0.414,,119806000,29828000,,,,,None,,,,,1.73,1.263,4.073,,,,,,,,0.274,,,2025-10-28,quarterly,2.7,USD,post-market,0,,0.0102,0.111,0.696,33.36,35779000,,,,108.85,112.05,8.871,,,,,,,172929000,,13.26,,125.25,81.12
2025-12-28,UMBF,8.97,2217071000.0,13.26,,0.787,94.14,,,,,,,,,,,,,,,None,21330000,21330000,,,,,,None,9226000,,1.6,0.0135,,,,0.058,0.22,32857000,42083000,2.48,2009-09-30,10.08,,2217071000.0,148114000,32857000,8859000,,,None,13030000,None,,None,,,,,23998000,0,None,None,0.414,,115257000,32857000,,,,,None,,,,,1.73,1.263,4.073,,,,,,,,0.274,,,2025-10-28,quarterly,2.7,USD,post-market,0,,0.0102,0.111,0.696,33.36,74394000,,,,108.85,112.05,8.871,,,,,,,169444000,,13.26,,125.25,81.12
2025-12-28,UMBF,8.97,2217071000.0,13.26,,0.787,94.14,,,,,,,,,,,,,,,None,19833000,19833000,,,,,,None,9156000,,1.6,0.0135,,,,0.058,0.22,26317000,35473000,2.48,2009-06-30,10.08,,2217071000.0,145197000,26317000,7290000,,,None,13533000,None,,None,,,,,19027000,0,None,None,0.414,,118880000,26317000,,,,,None,,,,,1.73,1.263,4.073,,,,,,,,0.274,,,2025-10-28,quarterly,2.7,USD,post-market,0,,0.0102,0.111,0.696,33.36,78645000,,,,108.85,112.05,8.871,,,,,,,165030000,,13.26,,125.25,81.12
2025-12-28,UMBF,8.97,2217071000.0,13.26,,0.787,94.14,,,,,,,,,,,,,,,None,20873000,20873000,,,,,,None,9561000,,1.6,0.0135,,,,0.058,0.22,31474000,41035000,2.48,2009-03-31,10.08,,2217071000.0,138118000,31474000,8873000,,,None,14873000,None,,None,,,,,22601000,0,None,None,0.414,,106644000,31474000,,,,,None,,,,,1.73,1.263,4.073,,,,,,,,0.274,,,2025-10-28,quarterly,2.7,USD,post-market,0,,0.0102,0.111,0.696,33.36,73652000,,,,108.85,112.05,8.871,,,,,,,158991000,,13.26,,125.25,81.12
2025-12-28,UMBF,8.97,2217071000.0,13.26,,0.787,94.14,,,,,,,,,,,,,,,None,26277000,26277000,,,,,,None,7808000,,1.6,0.0135,,,,0.058,0.22,27845000,35653000,2.48,2008-12-31,10.08,,2217071000.0,142550000,27845000,7618000,,,None,20777000,None,,None,,,,,20227000,0,None,None,0.414,,114705000,27845000,,,,,None,,,,,1.73,1.263,4.073,,,,,,,,0.274,,,2025-10-28,quarterly,2.7,USD,post-market,0,,0.0102,0.111,0.696,33.36,84831000,,,,108.85,112.05,8.871,,,,,,,168827000,,13.26,,125.25,81.12
2025-12-28,UMBF,8.97,2217071000.0,13.26,,0.787,94.14,,,,,,,,,,,,,,,None,31576000,31576000,,,,,,None,8190000,,1.6,0.0135,,,,0.058,0.22,31066000,39256000,2.48,2008-09-30,10.08,,2217071000.0,140919000,31066000,9297000,,,None,27076000,None,,None,,,,,21769000,0,None,None,0.414,,109853000,31066000,,,,,None,,,,,1.73,1.263,4.073,,,,,,,,0.274,,,2025-10-28,quarterly,2.7,USD,post-market,0,,0.0102,0.111,0.696,33.36,57187000,,,,108.85,112.05,8.871,,,,,,,172495000,,13.26,,125.25,81.12
2025-12-28,UMBF,8.97,2217071000.0,13.26,,0.787,94.14,,,,,,,,,,,,,,,None,31179000,31179000,,,,,,None,13191000,,1.6,0.0135,,,,0.058,0.22,33784000,46975000,2.48,2008-06-30,10.08,,2217071000.0,140149000,33784000,10060000,,,None,26329000,None,,None,,,,,23724000,0,None,None,0.414,,106365000,33784000,,,,,None,,,,,1.73,1.263,4.073,,,,,,,,0.274,,,2025-10-28,quarterly,2.7,USD,post-market,0,,0.0102,0.111,0.696,33.36,55100000,,,,108.85,112.05,8.871,,,,,,,171328000,,13.26,,125.25,81.12
2025-12-28,UMBF,8.97,2217071000.0,13.26,,0.787,94.14,,,,,,,,,,,,,,,None,41740000,41740000,,,,,,None,8540000,,1.6,0.0135,,,,0.058,0.22,47137000,55677000,2.48,2008-03-31,10.08,,2217071000.0,146363000,47137000,14781000,,,None,38740000,None,,None,,,,,32356000,0,None,None,0.414,,99226000,47137000,,,,,None,,,,,1.73,1.263,4.073,,,,,,,,0.274,,,2025-10-28,quarterly,2.7,USD,post-market,0,,0.0102,0.111,0.696,33.36,55041000,,,,108.85,112.05,8.871,,,,,,,188103000,,13.26,,125.25,81.12
2025-12-28,UMBF,8.97,2217071000.0,13.26,,0.787,94.14,,,,,,,,,,,,,,,None,45845000,45845000,,,,,,None,7662000,,1.6,0.0135,,,,0.058,0.22,20717000,28379000,2.48,2007-12-31,10.08,,2217071000.0,130735000,20717000,5418000,,,None,42845000,None,,None,,,,,15299000,0,None,None,0.414,,110018000,20717000,,,,,None,,,,,1.73,1.263,4.073,,,,,,,,0.274,,,2025-10-28,quarterly,2.7,USD,post-market,0,,0.0102,0.111,0.696,33.36,54345000,,,,108.85,112.05,8.871,,,,,,,176580000,,13.26,,125.25,81.12
2025-12-28,UMBF,8.97,2217071000.0,13.26,,0.787,94.14,,,,,,,,,,,,,,,None,48426000,48426000,,,,,,None,8648000,,1.6,0.0135,,,,0.058,0.22,30672000,39320000,2.48,2007-09-30,10.08,,2217071000.0,132071000,30672000,9145000,,,None,45593000,None,,None,,,,,21527000,0,None,None,0.414,,101399000,30672000,,,,,None,,,,,1.73,1.263,4.073,,,,,,,,0.274,,,2025-10-28,quarterly,2.7,USD,post-market,0,,0.0102,0.111,0.696,33.36,51439000,,,,108.85,112.05,8.871,,,,,,,180497000,,13.26,,125.25,81.12
2025-12-28,UMBF,8.97,2217071000.0,13.26,,0.787,94.14,,,,,,,,,,,,,,,None,47582000,47582000,,,,,,None,8746000,,1.6,0.0135,,,,0.058,0.22,28843000,37589000,2.48,2007-06-30,10.08,,2217071000.0,127181000,28843000,8780000,,,None,45582000,None,,None,,,,,20063000,0,None,None,0.414,,98338000,28843000,,,,,None,,,,,1.73,1.263,4.073,,,,,,,,0.274,,,2025-10-28,quarterly,2.7,USD,post-market,0,,0.0102,0.111,0.696,33.36,49908000,,,,108.85,112.05,8.871,,,,,,,174763000,,13.26,,125.25,81.12
2025-12-28,UMBF,8.97,2217071000.0,13.26,,0.787,94.14,,,,,,,,,,,,,,,None,49209000,49209000,,,,,,None,7167000,,1.6,0.0135,,,,0.058,0.22,24743000,31910000,2.48,2007-03-31,10.08,,2217071000.0,122903000,24743000,7419000,,,None,47709000,None,,None,,,,,17324000,0,None,None,0.414,,98160000,24743000,,,,,None,,,,,1.73,1.263,4.073,,,,,,,,0.274,,,2025-10-28,quarterly,2.7,USD,post-market,0,,0.0102,0.111,0.696,33.36,51191000,,,,108.85,112.05,8.871,,,,,,,172112000,,13.26,,125.25,81.12
2025-12-28,UMBF,8.97,2217071000.0,13.26,,0.787,94.14,,,,,,,,,,,,,,,None,44005000,44005000,,,,,,None,8014000,,1.6,0.0135,,,,0.058,0.22,21926000,29940000,2.48,2006-12-31,10.08,,2217071000.0,120654000,21926000,6124000,,,None,43005000,None,,None,,,,,15802000,0,None,None,0.414,,98728000,21926000,,,,,None,,,,,1.73,1.263,4.073,,,,,,,,0.274,,,2025-10-28,quarterly,2.7,USD,post-market,0,,0.0102,0.111,0.696,33.36,50052000,,,,108.85,112.05,8.871,,,,,,,164659000,,13.26,,125.25,81.12
2025-12-28,UMBF,8.97,2217071000.0,13.26,,0.787,94.14,,,,,,,,,,,,,,,None,41301000,41301000,,,,,,None,9336000,,1.6,0.0135,,,,0.058,0.22,21466000,30802000,2.48,2006-09-30,10.08,,2217071000.0,117731000,21466000,5601000,,,None,39801000,None,,None,,,,,15865000,0,None,None,0.414,,96265000,21466000,,,,,None,,,,,1.73,1.263,4.073,,,,,,,,0.274,,,2025-10-28,quarterly,2.7,USD,post-market,0,,0.0102,0.111,0.696,33.36,48894000,,,,108.85,112.05,8.871,,,,,,,159032000,,13.26,,125.25,81.12
2025-12-28,UMBF,8.97,2217071000.0,13.26,,0.787,94.14,,,,,,,,,,,,,,,None,37901000,37901000,,,,,,None,10030000,,1.6,0.0135,,,,0.058,0.22,20752000,30782000,2.48,2006-06-30,10.08,,2217071000.0,116143000,20752000,5893000,,,None,34826000,None,,None,,,,,14859000,0,None,None,0.414,,95391000,20752000,,,,,None,,,,,1.73,1.263,4.073,,,,,,,,0.274,,,2025-10-28,quarterly,2.7,USD,post-market,0,,0.0102,0.111,0.696,33.36,47796000,,,,108.85,112.05,8.871,,,,,,,154044000,,13.26,,125.25,81.12
2025-12-28,UMBF,8.97,2217071000.0,13.26,,0.787,94.14,,,,,,,,,,,,,,,None,37386000,37386000,,,,,,None,6341000,,1.6,0.0135,,,,0.058,0.22,17874000,24215000,2.48,2006-03-31,10.08,,2217071000.0,108907000,17874000,4633000,,,None,34227000,None,,None,,,,,13241000,0,None,None,0.414,,91033000,17874000,,,,,None,,,,,1.73,1.263,4.073,,,,,,,,0.274,,,2025-10-28,quarterly,2.7,USD,post-market,0,,0.0102,0.111,0.696,33.36,47238000,,,,108.85,112.05,8.871,,,,,,,146293000,,13.26,,125.25,81.12
2025-12-28,UMBF,8.97,2217071000.0,13.26,,0.787,94.14,,,,,,,,,,,,,,,None,29961000,29961000,,,,,,None,9429000,,1.6,0.0135,,,,0.058,0.22,19332000,28761000,2.48,2005-12-31,10.08,,2217071000.0,106239000,19332000,4377000,,,None,27140000,None,,None,,,,,14955000,0,None,None,0.414,,86907000,19332000,,,,,None,,,,,1.73,1.263,4.073,,,,,,,,0.274,,,2025-10-28,quarterly,2.7,USD,post-market,0,,0.0102,0.111,0.696,33.36,41965000,,,,108.85,112.05,8.871,,,,,,,136200000,,13.26,,125.25,81.12
2025-12-28,UMBF,8.97,2217071000.0,13.26,,0.787,94.14,,,,,,,,,,,,,,,None,24146000,24146000,,,,,,None,12394000,,1.6,0.0135,,,,0.058,0.22,22071000,34465000,2.48,2005-09-30,10.08,,2217071000.0,112007000,22071000,5900000,,,None,22692000,None,,None,,,,,16171000,0,None,None,0.414,,89936000,22071000,,,,,None,,,,,1.73,1.263,4.073,,,,,,,,0.274,,,2025-10-28,quarterly,2.7,USD,post-market,0,,0.0102,0.111,0.696,33.36,47821000,,,,108.85,112.05,8.871,,,,,,,136153000,,13.26,,125.25,81.12
2025-12-28,UMBF,8.97,2217071000.0,13.26,,0.787,94.14,,,,,,,,,,,,,,,None,1231167000,1231167000,,,,,,None,52771000,,1.6,0.0135,,,,0.058,0.22,541273000,594044000,2.48,2024-12-31,10.08,,2217071000.0,1405795000,541273000,100030000,,,None,1170117000,2171009000,,None,,,,,441243000,441243000,1000892000,None,0.414,,864522000,541273000,,,,,None,,,,,1.73,1.263,4.073,,,,,,,,0.274,,,2025-10-28,annual,2.7,USD,post-market,None,,0.0102,0.111,0.696,33.36,593913000,,,,108.85,112.05,8.871,,,,,,,2636962000,,13.26,,125.25,81.12
2025-12-28,UMBF,8.97,2217071000.0,13.26,,0.787,94.14,,,,,,,,,,,,,,,None,959816000,959816000,,,,,,None,58723000,,1.6,0.0135,,,,0.058,0.22,421602000,480325000,2.48,2023-12-31,10.08,,2217071000.0,1284674000,421602000,71578000,,,None,918589000,1838705000,,None,,,,,350024000,350024000,920116000,None,0.414,,863072000,421602000,,,,,None,,,,,1.73,1.263,4.073,,,,,,,,0.274,,,2025-10-28,annual,2.7,USD,post-market,None,,0.0102,0.111,0.696,33.36,553421000,,,,108.85,112.05,8.871,,,,,,,2244490000,,13.26,,125.25,81.12
2025-12-28,UMBF,8.97,2217071000.0,13.26,,0.787,94.14,,,,,,,,,,,,,,,None,261623000,261623000,,,,,,None,54022000,,1.6,0.0135,,,,0.058,0.22,532011000,586033000,2.48,2022-12-31,10.08,,2217071000.0,1321536000,532011000,100329000,,,None,223723000,1137520000,,None,,,,,431682000,431682000,913797000,None,0.414,,789525000,532011000,,,,,None,,,,,1.73,1.263,4.073,,,,,,,,0.274,,,2025-10-28,annual,2.7,USD,post-market,None,,0.0102,0.111,0.696,33.36,524431000,,,,108.85,112.05,8.871,,,,,,,1583159000,,13.26,,125.25,81.12
2025-12-28,UMBF,8.97,2217071000.0,13.26,,0.787,94.14,,,,,,,,,,,,,,,None,66001000,66001000,,,,,,None,55747000,,1.6,0.0135,,,,0.058,0.22,429060000,484807000,2.48,2021-12-31,10.08,,2217071000.0,1175988000,429060000,76042000,,,None,46001000,861522000,,None,,,,,353018000,353018000,815521000,None,0.414,,746928000,429060000,,,,,None,,,,,1.73,1.263,4.073,,,,,,,,0.274,,,2025-10-28,annual,2.7,USD,post-market,None,,0.0102,0.111,0.696,33.36,504442000,,,,108.85,112.05,8.871,,,,,,,1241989000,,13.26,,125.25,81.12
2025-12-28,UMBF,8.97,2217071000.0,13.26,,0.787,94.14,,,,,,,,,,,,,,,None,207760000,207760000,,,,,,None,62803000,,1.6,0.0135,,,,0.058,0.22,338890000,401693000,2.48,2020-12-31,10.08,,2217071000.0,1087728000,338890000,52388000,,,None,77260000,808489000,,None,,,,,286502000,286502000,731229000,None,0.414,,748838000,338890000,,,,,None,,,,,1.73,1.263,4.073,,,,,,,,0.274,,,2025-10-28,annual,2.7,USD,post-market,None,,0.0102,0.111,0.696,33.36,521280000,,,,108.85,112.05,8.871,,,,,,,1295488000,,13.26,,125.25,81.12
2025-12-28,UMBF,8.97,2217071000.0,13.26,,0.787,94.14,,,,,,,,,,,,,,,None,224837000,224837000,,,,,,None,56306000,,1.6,0.0135,,,,0.058,0.22,285965000,342271000,2.48,2019-12-31,10.08,,2217071000.0,994877000,285965000,42365000,,,None,191987000,862892000,,None,,,,,243600000,243600000,670905000,None,0.414,,708912000,285965000,,,,,None,,,,,1.73,1.263,4.073,,,,,,,,0.274,,,2025-10-28,annual,2.7,USD,post-market,None,,0.0102,0.111,0.696,33.36,491633000,,,,108.85,112.05,8.871,,,,,,,1219714000,,13.26,,125.25,81.12
2025-12-28,UMBF,8.97,2217071000.0,13.26,,0.787,94.14,,,,,,,,,,,,,,,None,192265000,192265000,,,,,,None,53164000,,1.6,0.0135,,,,0.058,0.22,223546000,276710000,2.48,2018-12-31,10.08,,2217071000.0,876903000,223594000,27334000,,,None,121515000,731961000,,None,,,,,195513000,196260000,610446000,None,0.414,,653309000,223594000,,,,,None,,,,,1.73,1.263,4.073,,,,,,,,0.274,,,2025-10-28,annual,2.7,USD,post-market,0,,0.0102,0.111,0.696,33.36,447889000,,,,108.85,112.05,8.871,,,,,,,1069168000,,13.26,,125.25,81.12
2025-12-28,UMBF,8.97,2217071000.0,13.26,,0.787,94.14,,,,,,,,,,,,,,,None,98999000,98999000,,,,,,None,54875000,,1.6,0.0135,,,,0.058,0.22,236346000,291221000,2.48,2017-12-31,10.08,,2217071000.0,879673000,236346000,53370000,,,None,57999000,616912000,,None,,,,,247105000,182976000,558913000,None,0.414,,643327000,236346000,,,,,None,,,,,1.73,1.263,4.073,,,,,,,,0.274,,,2025-10-28,annual,2.7,USD,post-market,0,,0.0102,0.111,0.696,33.36,446530000,,,,108.85,112.05,8.871,,,,,,,978672000,,13.26,,125.25,81.12
2025-12-28,UMBF,8.97,2217071000.0,13.26,,0.787,94.14,,,,,,,,,,,,,,,None,60208000,60208000,,,,,,None,54556000,,1.6,0.0135,,,,0.058,0.22,198589000,253145000,2.48,2016-12-31,10.08,,2217071000.0,808572000,198589000,44955000,,,None,27708000,523031000,,None,,,,,158801000,158801000,495323000,None,0.414,,609983000,198589000,,,,,None,,,,,1.73,1.263,4.073,,,,,,,,0.274,,,2025-10-28,annual,2.7,USD,post-market,0,,0.0102,0.111,0.696,33.36,422772000,,,,108.85,112.05,8.871,,,,,,,868780000,,13.26,,125.25,81.12
2025-12-28,UMBF,8.97,2217071000.0,13.26,,0.787,94.14,,,,,,,,,,,,,,,None,34114000,34114000,,,,,,None,52751000,,1.6,0.0135,,,,0.058,0.22,128288000,181039000,2.48,2015-12-31,10.08,,2217071000.0,710789000,128288000,31730000,,,None,18614000,430681000,,None,,,,,116073000,116073000,412067000,None,0.414,,582501000,128288000,,,,,None,,,,,1.73,1.263,4.073,,,,,,,,0.274,,,2025-10-28,annual,2.7,USD,post-market,0,,0.0102,0.111,0.696,33.36,397719000,,,,108.85,112.05,8.871,,,,,,,744903000,,13.26,,125.25,81.12
2025-12-28,UMBF,8.97,2217071000.0,13.26,,0.787,94.14,,,,,,,,,,,,,,,None,30816000,30816000,,,,,,None,46355000,,1.6,0.0135,,,,0.058,0.22,166063000,178314000,2.48,2014-12-31,10.08,,2217071000.0,756100000,166063000,45408000,,,None,13816000,None,,None,,,,,120655000,120655000,None,None,0.414,,590037000,258353000,,,,,None,,,,,1.73,1.263,4.073,,,,,,,,0.274,,,2025-10-28,annual,2.7,USD,post-market,0,,0.0102,0.111,0.696,33.36,389425000,,,,108.85,112.05,8.871,,,,,,,786916000,,13.26,,125.25,81.12
2025-12-28,UMBF,8.97,2217071000.0,13.26,,0.787,94.14,,,,,,,,,,,,,,,None,32572000,32572000,,,,,,None,44221000,,1.6,0.0135,,,,0.058,0.22,184398000,228619000,2.48,2013-12-31,10.08,,2217071000.0,731430000,183424000,50433000,,,None,15072000,None,,None,,,,,133965000,133965000,None,None,0.414,,547032000,259829000,,,,,None,,,,,1.73,1.263,4.073,,,,,,,,0.274,,,2025-10-28,annual,2.7,USD,post-market,0,,0.0102,0.111,0.696,33.36,369207000,,,,108.85,112.05,8.871,,,,,,,807602000,,13.26,,125.25,81.12
2025-12-28,UMBF,8.97,2217071000.0,13.26,,0.787,94.14,,,,,,,,,,,,,,,None,37129000,37129000,,,,,,None,40875000,,1.6,0.0135,,,,0.058,0.22,170196000,211071000,2.48,2012-12-31,10.08,,2217071000.0,691333000,170224000,47507000,,,None,19629000,None,,None,,,,,122717000,122717000,None,None,0.414,,521109000,170224000,,,,,None,,,,,1.73,1.263,4.073,,,,,,,,0.274,,,2025-10-28,annual,2.7,USD,post-market,0,,0.0102,0.111,0.696,33.36,350344000,,,,108.85,112.05,8.871,,,,,,,728462000,,13.26,,125.25,81.12
2025-12-28,UMBF,8.97,2217071000.0,13.26,,0.787,94.14,,,,,,,,,,,,,,,None,48880000,48880000,,,,,,None,42931000,,1.6,0.0135,,,,0.058,0.22,146359000,189290000,2.48,2011-12-31,10.08,,2217071000.0,643520000,146359000,39887000,,,None,26680000,None,,None,,,,,106472000,186246000,None,None,0.414,,497161000,146359000,,,,,1305000,,,,,1.73,1.263,4.073,,,,,,,,0.274,,,2025-10-28,annual,2.7,USD,post-market,0,,0.0102,0.111,0.696,33.36,327317000,,,,108.85,112.05,8.871,,,,,,,692400000,,13.26,,125.25,81.12
2025-12-28,UMBF,8.97,2217071000.0,13.26,,0.787,94.14,,,,,,,,,,,,,,,None,67404000,67404000,,,,,,None,39376000,,1.6,0.0135,,,,0.058,0.22,126851000,166227000,2.48,2010-12-31,10.08,,2217071000.0,577257000,126851000,35849000,,,None,35894000,None,,None,,,,,91002000,91002000,None,None,0.414,,450406000,126851000,,,,,None,,,,,1.73,1.263,4.073,,,,,,,,0.274,,,2025-10-28,annual,2.7,USD,post-market,0,,0.0102,0.111,0.696,33.36,299502000,,,,108.85,112.05,8.871,,,,,,,644661000,,13.26,,125.25,81.12
2025-12-28,UMBF,8.97,2217071000.0,13.26,,0.787,94.14,,,,,,,,,,,,,,,None,85332000,85332000,,,,,,None,38107000,,1.6,0.0135,,,,0.058,0.22,121788000,120476000,2.48,2009-12-31,10.08,,2217071000.0,581061000,120476000,30992000,,,None,53232000,None,,None,,,,,89484000,None,None,None,0.414,,460585000,120476000,,,,,None,,,,,1.73,1.263,4.073,,,,,,,,0.274,,,2025-10-28,annual,2.7,USD,post-market,None,,0.0102,0.111,0.696,33.36,261056000,,,,108.85,112.05,8.871,,,,,,,666393000,,13.26,,125.25,81.12
2025-12-28,UMBF,8.97,2217071000.0,13.26,,0.787,94.14,,,,,,,,,,,,,,,None,130772000,130772000,,,,,,None,37729000,,1.6,0.0135,,,,0.058,0.22,141481000,125843000,2.48,2008-12-31,10.08,,2217071000.0,569984000,139831000,41756000,,,None,112922000,None,,None,,,,,98075000,None,None,None,0.414,,430153000,139831000,,,,,None,,,,,1.73,1.263,4.073,,,,,,,,0.274,,,2025-10-28,annual,2.7,USD,post-market,None,,0.0102,0.111,0.696,33.36,252159000,,,,108.85,112.05,8.871,,,,,,,700756000,,13.26,,125.25,81.12
2025-12-28,UMBF,8.97,2217071000.0,13.26,,0.787,94.14,,,,,,,,,,,,,,,None,191062000,191062000,,,,,,None,37385000,,1.6,0.0135,,,,0.058,0.22,104975000,142360000,2.48,2007-12-31,10.08,,2217071000.0,512139000,104975000,30762000,,,None,181729000,None,,None,,,,,74213000,None,None,None,0.414,,407164000,104975000,,,,,None,,,,,1.73,1.263,4.073,,,,,,,,0.274,,,2025-10-28,annual,2.7,USD,post-market,None,,0.0102,0.111,0.696,33.36,230318000,,,,108.85,112.05,8.871,,,,,,,703201000,,13.26,,125.25,81.12
2025-12-28,UMBF,8.97,2217071000.0,13.26,,0.787,94.14,,,,,,,,,,,,,,,None,160593000,160593000,,,,,,None,33721000,,1.6,0.0135,,,,0.058,0.22,82018000,115739000,2.48,2006-12-31,10.08,,2217071000.0,463435000,82018000,22251000,,,None,151859000,None,,None,,,,,59767000,None,None,None,0.414,,381417000,81225000,,,,,None,,,,,1.73,1.263,4.073,,,,,,,,0.274,,,2025-10-28,annual,2.7,USD,post-market,None,,0.0102,0.111,0.696,33.36,193980000,,,,108.85,112.05,8.871,,,,,,,624028000,,13.26,,125.25,81.12
2025-12-28,UMBF,8.97,2217071000.0,13.26,,0.787,94.14,,,,,,,,,,,,,,,None,89396000,89396000,,,,,,None,45856000,,1.6,0.0135,,,,0.058,0.22,76319000,122175000,2.48,2005-12-31,10.08,,2217071000.0,434388000,76319000,20001000,,,None,83621000,None,,None,,,,,56318000,None,None,None,0.414,,358069000,76319000,,,,,None,,,,,1.73,1.263,4.073,,,,,,,,0.274,,,2025-10-28,annual,2.7,USD,post-market,None,,0.0102,0.111,0.696,33.36,190197000,,,,108.85,112.05,8.871,,,,,,,523784000,,13.26,,125.25,81.12
2025-12-28,UMBF,8.97,2217071000.0,13.26,None,0.787,94.14,,None,8965397000,8965397000,,,,,,,,,78666000,75326000,None,89396000,89396000,None,None,None,439064000,None,None,45856000,,1.6,0.0135,,,,0.058,0.22,76319000,122175000,2.48,2025-09-30,10.08,1835298000,2217071000.0,434388000,76319000,20001000,511450000,511450000,None,83621000,None,None,None,None,252402000,None,19648647000,56318000,None,None,None,0.414,,358069000,76319000,None,60589280000,None,None,None,,,,,1.73,1.263,4.073,,,,,,,,0.274,,None,2025-10-28,quarterly,2.7,USD,post-market,None,3559717000,0.0102,0.111,0.696,33.36,190197000,3090999000,2838597000,8406975000,108.85,112.05,8.871,71881181000,17811436000,63427877000,64437231000,54069745000,1009354000,523784000,7443950000,13.26,None,125.25,81.12
2025-12-28,UMBF,8.97,2217071000.0,13.26,None,0.787,94.14,,None,11113882000,11113882000,,,,,,,,,78666000,76242000,None,89396000,89396000,None,None,None,507499000,None,None,45856000,,1.6,0.0135,,,,0.058,0.22,76319000,122175000,2.48,2025-06-30,10.08,1812694000,2217071000.0,434388000,76319000,20001000,531918000,531918000,None,83621000,None,None,None,None,439460000,None,6363968000,56318000,None,None,None,0.414,,358069000,76319000,None,60376678000,None,None,None,,,,,1.73,1.263,4.073,,,,,,,,0.274,,None,2025-10-28,quarterly,2.7,USD,post-market,None,3409706000,0.0102,0.111,0.696,33.36,190197000,3372066000,2932606000,262688000,108.85,112.05,8.871,71760153000,11884069000,63309284000,64474388000,59876084000,1165104000,523784000,7285765000,13.26,None,125.25,81.12
2025-12-28,UMBF,8.97,2217071000.0,13.26,None,0.787,94.14,,None,10729317000,10729317000,,,,,,,,,78666000,65496000,None,89396000,89396000,None,None,None,471732000,None,None,45856000,,1.6,0.0135,,,,0.058,0.22,76319000,122175000,2.48,2025-03-31,10.08,1798451000,2217071000.0,434388000,76319000,20001000,557186000,557186000,None,83621000,None,None,None,None,654380000,None,17195846000,56318000,None,None,None,0.414,,358069000,76319000,None,58873321000,None,None,None,,,,,1.73,1.263,4.073,,,,,,,,0.274,,None,2025-10-28,quarterly,2.7,USD,post-market,None,3224866000,0.0102,0.111,0.696,33.36,190197000,3214363000,2559983000,10895659000,108.85,112.05,8.871,69347313000,22096708000,61433304000,62598879000,47250605000,1165575000,523784000,6748434000,13.26,None,125.25,81.12
2025-12-28,UMBF,8.97,2217071000.0,13.26,None,0.787,94.14,,None,8559445000,8559445000,,,,,,,,,55057000,49179000,None,89396000,89396000,None,None,0,425387000,None,None,45856000,,1.6,0.0135,,,,0.058,0.22,76319000,122175000,2.48,2024-12-31,10.08,207385000,2217071000.0,434388000,76319000,20001000,80778000,80778000,None,83621000,None,None,None,None,385292000,None,13607480000,56318000,None,None,None,0.414,,358069000,76319000,None,43510486000,None,None,None,,,,,1.73,1.263,4.073,,,,,,,,0.274,,None,2025-10-28,quarterly,2.7,USD,post-market,None,3174948000,0.0102,0.111,0.696,33.36,190197000,2995007000,2609715000,7774334000,108.85,112.05,8.871,50409664000,16759166000,46120201000,46943123000,33650498000,822922000,523784000,3466541000,13.26,None,125.25,81.12
2025-12-28,UMBF,8.97,2217071000.0,13.26,None,0.787,94.14,,None,7379935000,7379935000,,,,,,,,,55057000,49078000,None,89396000,89396000,None,None,250000000,422869000,None,None,45856000,,1.6,0.0135,,,,0.058,0.22,76319000,122175000,2.48,2024-09-30,10.08,207385000,2217071000.0,434388000,76319000,20001000,65564000,65564000,None,83621000,None,None,None,None,384758000,None,12938102000,56318000,None,None,None,0.414,,358069000,76319000,8123610000,40089815000,None,None,None,,,,,1.73,1.263,4.073,,,,,,,,0.274,,None,2025-10-28,quarterly,2.7,USD,post-market,None,3074617000,0.0102,0.111,0.696,33.36,190197000,2658055000,2273297000,7015998000,108.85,112.05,8.871,47496428000,14818802000,42363112000,43960939000,32677626000,1597827000,523784000,3535489000,13.26,None,125.25,81.12
2025-12-28,UMBF,8.97,2217071000.0,13.26,None,0.787,94.14,,None,5105137000,5105137000,,,,,,,,,55057000,48974000,None,89396000,89396000,None,None,500000000,476653000,None,None,45856000,,1.6,0.0135,,,,0.058,0.22,76319000,122175000,2.48,2024-06-30,10.08,207385000,2217071000.0,434388000,76319000,20001000,67141000,67141000,None,83621000,None,-1188834000,None,None,384245000,None,13065466000,56318000,None,None,None,0.414,,358069000,76319000,5710142000,36870348000,None,None,None,,,,,1.73,1.263,4.073,,,,,,,,0.274,,None,2025-10-28,quarterly,2.7,USD,post-market,None,2984152000,0.0102,0.111,0.696,33.36,190197000,3101278000,2717033000,7107373000,108.85,112.05,8.871,44469414000,12689163000,39587381000,41242067000,31780251000,1654686000,523784000,3227347000,13.26,None,125.25,81.12
2025-12-28,UMBF,8.97,2217071000.0,13.26,None,0.787,94.14,,None,7030067000,7030067000,,,,,,,,,55057000,48921000,None,89396000,89396000,None,None,1000000000,465894000,None,None,45856000,,1.6,0.0135,,,,0.058,0.22,76319000,122175000,2.48,2024-03-31,10.08,207385000,2217071000.0,434388000,76319000,20001000,69052000,69052000,None,83621000,None,-1003132000,None,None,383742000,None,12589957000,56318000,None,None,None,0.414,,358069000,76319000,7564208000,37288498000,None,None,None,,,,,1.73,1.263,4.073,,,,,,,,0.274,,None,2025-10-28,quarterly,2.7,USD,post-market,None,2903106000,0.0102,0.111,0.696,33.36,190197000,3609216000,3225474000,6541391000,108.85,112.05,8.871,45343375000,14037352000,40513972000,42190559000,31306023000,1676587000,523784000,3152816000,13.26,None,125.25,81.12
2025-12-28,UMBF,8.97,2217071000.0,13.26,None,0.787,94.14,,None,5607003000,5607003000,,,,,,,,,55057000,48860000,None,89396000,89396000,None,None,1000000000,519662000,None,None,45856000,,1.6,0.0135,,,,0.058,0.22,76319000,122175000,2.48,2023-12-31,10.08,207385000,2217071000.0,434388000,76319000,20001000,101419000,101419000,None,83621000,None,-13195278000,None,None,383247000,None,13180579000,56318000,None,None,None,0.414,,358069000,76319000,6090746000,36182719000,None,None,None,,,,,1.73,1.263,4.073,,,,,,,,0.274,,None,2025-10-28,quarterly,2.7,USD,post-market,None,2810824000,0.0102,0.111,0.696,33.36,190197000,3502891000,3119644000,7068613000,108.85,112.05,8.871,44011674000,13195278000,39302363000,40911255000,30816396000,1608892000,523784000,3100419000,13.26,None,125.25,81.12
2025-12-28,UMBF,8.97,2217071000.0,13.26,None,0.787,94.14,,None,4010781000,4010781000,,,,,,,,,55057000,48763000,None,89396000,89396000,None,None,2300000000,478253000,None,None,45856000,,1.6,0.0135,,,,0.058,0.22,76319000,122175000,2.48,2023-09-30,10.08,207385000,2217071000.0,434388000,76319000,20001000,73060000,73060000,None,83621000,None,-4784981000,None,None,382768000,None,12558160000,56318000,None,None,None,0.414,,358069000,76319000,4576387000,33751035000,None,None,None,,,,,1.73,1.263,4.073,,,,,,,,0.274,,None,2025-10-28,quarterly,2.7,USD,post-market,None,2759415000,0.0102,0.111,0.696,33.36,190197000,4440370000,4057602000,6330699000,108.85,112.05,8.871,41464682000,10819733000,37808637000,38658023000,30644949000,849386000,523784000,2806659000,13.26,None,125.25,81.12
2025-12-28,UMBF,8.97,2217071000.0,13.26,None,0.787,94.14,,None,3801438000,3801438000,,,,,,,,,55057000,48668000,None,89396000,89396000,256845000,None,1800000000,446295000,None,None,45856000,,1.6,0.0135,,,,0.058,0.22,76319000,122175000,2.48,2023-06-30,10.08,207385000,2217071000.0,434388000,76319000,20001000,75184000,75184000,None,83621000,None,-4423050000,None,None,382280000,None,12933414000,56318000,None,None,None,0.414,,358069000,76319000,4423050000,33777306000,None,2451828000,None,,,,,1.73,1.263,4.073,,,,,,,,0.274,,255127000,2025-10-28,quarterly,2.7,USD,post-market,None,2681448000,0.0102,0.111,0.696,33.36,190197000,3432863000,3050583000,6668615000,108.85,112.05,8.871,41243042000,10916348000,36827889000,38411414000,30326694000,1583525000,523784000,2831628000,13.26,-344023000,125.25,81.12
2025-12-28,UMBF,8.97,2217071000.0,13.26,None,0.787,94.14,,None,3593571000,3593571000,,,,,,,,,55057000,48747000,None,89396000,89396000,207633000,None,2800000000,445046000,None,None,45856000,,1.6,0.0135,,,,0.058,0.22,76319000,122175000,2.48,2023-03-31,10.08,207385000,2217071000.0,434388000,76319000,20001000,76426000,76426000,None,83621000,None,-4244537999,None,None,381796000,None,13203380000,56318000,None,None,None,0.414,,358069000,76319000,4244537999,32139537000,None,2471198000,None,,,,,1.73,1.263,4.073,,,,,,,,0.274,,260623000,2025-10-28,quarterly,2.7,USD,post-market,None,2609928000,0.0102,0.111,0.696,33.36,190197000,5342604000,4960808000,6907897000,108.85,112.05,8.871,40607190000,10946514000,37100345000,37792531000,29660676000,692186000,523784000,2814659000,13.26,-344427000,125.25,81.12
2025-12-28,UMBF,8.97,2217071000.0,13.26,None,0.787,94.14,,None,1679787000,1679787000,,,,,,,,,55057000,48735088,None,89396000,89396000,239624000,None,0,189231000,None,None,45856000,,1.6,0.0135,,,,0.058,0.22,76319000,122175000,2.48,2022-12-31,10.08,207385000,2217071000.0,434388000,76319000,20001000,78724000,78724000,None,83621000,None,-3110926000,None,None,381311000,None,13233277000,56318000,None,None,None,0.414,,358069000,76319000,2921695000,14073273000,None,2585300000,None,,,,,1.73,1.263,4.073,,,,,,,,0.274,,263649000,2025-10-28,quarterly,2.7,USD,post-market,None,2536086000,0.0102,0.111,0.696,33.36,190197000,2615756000,2234445000,7006347000,108.85,112.05,8.871,38512461000,420000,16307718000,381311000,549758000,381311000,523784000,2667093000,13.26,-347264000,125.25,81.12
2025-12-28,UMBF,8.97,2217071000.0,13.26,None,0.787,94.14,,None,2139344000,2139344000,,,,,,,,,55057000,48648804,None,89396000,89396000,31806388000,None,None,153759000,None,None,45856000,,1.6,0.0135,,,,0.058,0.22,76319000,122175000,2.48,2022-09-30,10.08,182225000,2217071000.0,434388000,76319000,20001000,13373000,13373000,None,83621000,None,-2862304000,None,None,381543000,None,13311586000,56318000,None,None,None,0.414,,358069000,76319000,3097442000,13880929000,None,2658121000,None,,,,,1.73,1.263,4.073,,,,,,,,0.274,,260685000,2025-10-28,quarterly,2.7,USD,post-market,None,2454422000,0.0102,0.111,0.696,33.36,190197000,2695711000,2314168000,7128277000,108.85,112.05,8.871,37581062000,9656518000,16195097000,35057517000,13731647000,35057517000,523784000,2523545000,13.26,-347163000,125.25,81.12
2025-12-28,UMBF,8.97,2217071000.0,13.26,None,0.787,94.14,,None,2185537000,2185537000,,,,,,,,,55057000,48673964,None,89396000,89396000,31486024000,None,None,144874000,None,None,45856000,,1.6,0.0135,,,,0.058,0.22,76319000,122175000,2.48,2022-06-30,10.08,182225000,2217071000.0,434388000,76319000,20001000,14465000,14465000,None,83621000,None,292859000,None,None,272505000,None,13798687000,56318000,None,None,None,0.414,,358069000,76319000,-10002244000,14926855000,None,2924239000,None,,,,,1.73,1.263,4.073,,,,,,,,0.274,,257729000,2025-10-28,quarterly,2.7,USD,post-market,None,2384454000,0.0102,0.111,0.696,33.36,190197000,2933788000,2661283000,7739216000,108.85,112.05,8.871,37507841000,360242000,17588138000,34864953000,14216884000,272505000,523784000,2642888000,13.26,-347324000,125.25,81.12
2025-12-28,UMBF,8.97,2217071000.0,13.26,None,0.787,94.14,,None,6713713000,6713713000,,,,,,,,,55057000,48832177,None,89396000,89396000,178130000,None,None,127139000,None,None,45856000,,1.6,0.0135,,,,0.058,0.22,76319000,122175000,2.48,2022-03-31,10.08,182225000,2217071000.0,434388000,76319000,20001000,15690000,15690000,None,83621000,None,-7990017999,None,None,272036000,None,13499462000,56318000,None,None,None,0.414,,358069000,76319000,8259219999,15948338000,None,3044606000,None,,,,,1.73,1.263,4.073,,,,,,,,0.274,,264519000,2025-10-28,quarterly,2.7,USD,post-market,None,2265129000,0.0102,0.111,0.696,33.36,190197000,3112571000,2840535000,8550093000,108.85,112.05,8.871,40605742000,15660147000,18788873000,37857337000,13925674000,272036000,523784000,2748405000,13.26,-338238000,125.25,81.12
2025-12-28,UMBF,8.97,2217071000.0,13.26,None,0.787,94.14,,None,9255727000,9255727000,,,,,,,,,55057000,48854383,None,89396000,89396000,35599927000,None,None,131102000,None,None,45856000,,1.6,0.0135,,,,0.058,0.22,76319000,122175000,2.48,2021-12-31,10.08,174518000,2217071000.0,434388000,76319000,20001000,14416000,14416000,None,83621000,None,-10428568000,None,None,271544000,None,13813963000,56318000,None,None,None,0.414,,358069000,76319000,10708661000,16345842000,None,3427097000,None,,,,,1.73,1.263,4.073,,,,,,,,0.274,,270933000,2025-10-28,quarterly,2.7,USD,post-market,None,2176998000,0.0102,0.111,0.696,33.36,190197000,3518457000,3246913000,11976514000,108.85,112.05,8.871,42693484000,21643436000,19592755000,39548060000,14237608000,271544000,523784000,3145424000,13.26,-323465000,125.25,81.12
2025-12-28,UMBF,8.97,2217071000.0,13.26,None,0.787,94.14,,None,6166110000,6166110000,,,,,,,,,55057000,48742883,None,89396000,89396000,31235810000,None,0,122798000,None,None,45856000,,1.6,0.0135,,,,0.058,0.22,76319000,122175000,2.48,2021-09-30,10.08,174518000,2217071000.0,434388000,76319000,20001000,15526000,15526000,None,83621000,None,-24541749000,None,None,271049000,None,12593525000,56318000,None,None,None,0.414,,358069000,76319000,7516994000,13192039000,None,2685019000,None,,,,,1.73,1.263,4.073,,,,,,,,0.274,,273378000,2025-10-28,quarterly,2.7,USD,post-market,None,2116568000,0.0102,0.111,0.696,33.36,190197000,2771389000,2500340000,11162690000,108.85,112.05,8.871,37554285000,426843000,15692379000,34441445000,13020725000,271049000,523784000,3112840000,13.26,-325910000,125.25,81.12
2025-12-28,UMBF,8.97,2217071000.0,13.26,None,0.787,94.14,,None,5528981000,5528981000,,,,,,,,,55057000,48698319,None,89396000,89396000,30048471000,None,0,131188000,None,None,45856000,,1.6,0.0135,,,,0.058,0.22,76319000,122175000,2.48,2021-06-30,10.08,174518000,2217071000.0,434388000,76319000,20001000,16636000,16636000,None,83621000,None,179177000,None,None,270558000,None,11723571000,56318000,None,None,None,0.414,,358069000,76319000,8272624000,12522731000,None,2955153000,None,,,,,1.73,1.263,4.073,,,,,,,,0.274,,281011000,2025-10-28,quarterly,2.7,USD,post-market,None,2040134000,0.0102,0.111,0.696,33.36,190197000,3053947000,2783389000,10347531000,108.85,112.05,8.871,36619015000,24459501000,15306120000,33528771000,12159514000,270558000,523784000,3090244000,13.26,-326193000,125.25,81.12
2025-12-28,UMBF,8.97,2217071000.0,13.26,None,0.787,94.14,,None,4247993000,4247993000,,,,,,,,,55057000,48521000,None,89396000,89396000,239001000,None,0,310040000,None,None,45856000,,1.6,0.0135,,,,0.058,0.22,76319000,122175000,2.48,2021-03-31,10.08,174518000,2217071000.0,434388000,76319000,20001000,17793000,17793000,None,83621000,None,178507000,None,None,270074000,None,27556790000,56318000,None,None,None,0.414,,358069000,76319000,8795396000,28519793000,None,2921283000,None,,,,,1.73,1.263,4.073,,,,,,,,0.274,,286068000,2025-10-28,quarterly,2.7,USD,post-market,None,1968318000,0.0102,0.111,0.696,33.36,190197000,3029892000,2759818000,9753392000,108.85,112.05,8.871,34669389000,14311425000,31279611000,31711150000,20357964000,431539000,523784000,2958239000,13.26,-328000000,125.25,81.12
2025-12-28,UMBF,8.97,2217071000.0,13.26,None,0.787,94.14,,None,3540680000,3540680000,,,,,,,,,55057000,48264000,None,89396000,89396000,319676000,None,None,328516000,None,None,45856000,,1.6,0.0135,,,,0.058,0.22,76319000,122175000,2.48,2020-12-31,10.08,180867000,2217071000.0,434388000,76319000,20001000,85232000,85232000,None,83621000,None,188624000,None,None,269595000,None,26677043000,56318000,None,None,None,0.414,,358069000,76319000,8854059000,27370927000,None,2470034000,None,,,,,1.73,1.263,4.073,,,,,,,,0.274,,293095000,2025-10-28,quarterly,2.7,USD,post-market,None,1891246000,0.0102,0.111,0.696,33.36,190197000,2585092000,2315497000,9299688000,108.85,112.05,8.871,33127504000,13168884000,29686424000,30110556000,19958620000,424132000,523784000,3016948000,13.26,-338145000,125.25,81.12
2025-12-28,UMBF,8.97,2217071000.0,13.26,None,0.787,94.14,,None,2054334000,2054334000,,,,,,,,,55057000,48068000,None,89396000,89396000,255720000,None,15000000,132574000,None,None,45856000,,1.6,0.0135,,,,0.058,0.22,76319000,122175000,2.48,2020-09-30,10.08,180867000,2217071000.0,434388000,76319000,20001000,22657000,22657000,None,83621000,None,5678000,None,None,269044000,None,25877936000,56318000,None,None,None,0.414,,358069000,76319000,8850309000,24993627000,None,2119121000,None,,,,,1.73,1.263,4.073,,,,,,,,0.274,,295090000,2025-10-28,quarterly,2.7,USD,post-market,None,1750389000,0.0102,0.111,0.696,33.36,190197000,2213048000,1944004000,8719246000,108.85,112.05,8.871,30250972000,10906154000,26937631000,27396792000,19344818000,459161000,523784000,2854180000,13.26,-335744000,125.25,81.12
2025-12-28,UMBF,8.97,2217071000.0,13.26,None,0.787,94.14,,None,2177327000,2177327000,,,,,,,,,55057000,48078000,None,89396000,89396000,239254000,None,15000000,320885000,None,None,45856000,,1.6,0.0135,,,,0.058,0.22,76319000,122175000,2.48,2020-06-30,10.08,180867000,2217071000.0,434388000,76319000,20001000,24181000,24181000,None,83621000,None,193923000,None,None,70996000,None,25040810000,56318000,None,None,None,0.414,,358069000,76319000,8498964000,24698658000,None,2191559000,None,,,,,1.73,1.263,4.073,,,,,,,,0.274,,300174000,2025-10-28,quarterly,2.7,USD,post-market,None,1692289000,0.0102,0.111,0.696,33.36,190197000,2049690000,1978694000,8483624000,108.85,112.05,8.871,29753608000,10981836000,26677352000,26976213000,18771772000,298861000,523784000,2777395000,13.26,-335926000,125.25,81.12
2025-12-28,UMBF,8.97,2217071000.0,13.26,None,0.787,94.14,,None,1449807000,1449807000,,,,,,,,,55057000,48690000,None,89396000,89396000,216272000,None,15000000,111879000,None,None,45856000,,1.6,0.0135,,,,0.058,0.22,76319000,122175000,2.48,2020-03-31,10.08,180867000,2217071000.0,434388000,76319000,20001000,25839000,25839000,None,83621000,None,2883000,None,None,121582000,None,22830010000,56318000,None,None,None,0.414,,358069000,76319000,7592628000,21391792000,None,2053071000,None,,,,,1.73,1.263,4.073,,,,,,,,0.274,,297668000,2025-10-28,quarterly,2.7,USD,post-market,None,1646751000,0.0102,0.111,0.696,33.36,190197000,2027499000,1905917000,7639451000,108.85,112.05,8.871,26244886000,9201137000,23297709000,23581445000,17043749000,283736000,523784000,2663441000,13.26,-330846000,125.25,81.12
2025-12-28,UMBF,8.97,2217071000.0,13.26,None,0.787,94.14,,None,1698449000,1698449000,,,,,,,,,55057000,49187291,None,89396000,89396000,232200000,None,5000,124508000,None,None,45856000,,1.6,0.0135,,,,0.058,0.22,76319000,122175000,2.48,2019-12-31,10.08,180867000,2217071000.0,434388000,76319000,20001000,27597000,27597000,None,83621000,None,2935000,None,None,97490000,None,22179747000,56318000,None,None,None,0.414,,358069000,76319000,8064736000,21603244000,None,2021981000,None,,,,,1.73,1.263,4.073,,,,,,,,0.274,,300334000,2025-10-28,quarterly,2.7,USD,post-market,None,1672438000,0.0102,0.111,0.696,33.36,190197000,97495000,5000,7447362000,108.85,112.05,8.871,26561355000,17335055000,199044000,23954915000,9226300000,97490000,523784000,2606440000,13.26,-277999000,125.25,81.12
2025-12-28,UMBF,8.97,2217071000.0,13.26,None,0.787,94.14,,None,816537000,816537000,,,,,,,,,55057000,49096000,None,89396000,89396000,223210000,None,None,121039000,None,None,45856000,,1.6,0.0135,,,,0.058,0.22,76319000,122175000,2.48,2019-09-30,10.08,180867000,2217071000.0,434388000,76319000,20001000,17190000,17190000,None,83621000,None,2939000,None,None,86951000,None,21754646000,56318000,None,None,None,0.414,,358069000,76319000,6619130000,19532555000,None,1959720000,None,,,,,1.73,1.263,4.073,,,,,,,,0.274,,290273000,2025-10-28,quarterly,2.7,USD,post-market,None,1621198000,0.0102,0.111,0.696,33.36,190197000,1877951000,1791000000,7411908000,108.85,112.05,8.871,24143092000,8349484000,21323555000,21579226000,15793608000,255671000,523784000,2563866000,13.26,-277920000,125.25,81.12
2025-12-28,UMBF,8.97,2217071000.0,13.26,None,0.787,94.14,,None,1299199000,1299199000,,,,,,,,,55057000,49040000,None,89396000,89396000,198141000,None,None,129119000,None,None,45856000,,1.6,0.0135,,,,0.058,0.22,76319000,122175000,2.48,2019-06-30,10.08,180867000,2217071000.0,434388000,76319000,20001000,12425000,12425000,None,83621000,None,3248000,None,None,88569000,None,21385151000,56318000,None,None,None,0.414,,358069000,76319000,6484506000,19598371000,None,1851546000,None,,,,,1.73,1.263,4.073,,,,,,,,0.274,,278725000,2025-10-28,quarterly,2.7,USD,post-market,None,1573586000,0.0102,0.111,0.696,33.36,190197000,1797453000,1708884000,7176351000,108.85,112.05,8.871,24016276000,8604669000,21307255000,21538486000,15411607000,231231000,523784000,2477790000,13.26,-278771000,125.25,81.12
2025-12-28,UMBF,8.97,2217071000.0,13.26,None,0.787,94.14,,None,1512857000,1512857000,,,,,,,,,55057000,48999000,None,89396000,89396000,142483000,None,None,121818000,None,None,45856000,,1.6,0.0135,,,,0.058,0.22,76319000,122175000,2.48,2019-03-31,10.08,180867000,2217071000.0,434388000,76319000,20001000,13676000,13676000,None,83621000,None,3285000,None,None,81608000,None,20735543000,56318000,None,None,None,0.414,,358069000,76319000,6390286000,19507698000,None,1616611000,None,,,,,1.73,1.263,4.073,,,,,,,,0.274,,279000000,2025-10-28,quarterly,2.7,USD,post-market,None,1531396000,0.0102,0.111,0.696,33.36,190197000,1575656000,1494048000,6891869000,108.85,112.05,8.871,23556760000,8526544000,21001746000,21205917000,15030216000,204171000,523784000,2350843000,13.26,-278601000,125.25,81.12
2025-12-28,UMBF,8.97,2217071000.0,13.26,None,0.787,94.14,,None,1692953000,1692953000,,,,,,,,,55057000,49230321,None,89396000,89396000,177731000,None,13000,110168000,None,None,45856000,,1.6,0.0135,,,,0.058,0.22,76319000,122175000,2.48,2018-12-31,10.08,180867000,2217071000.0,434388000,76319000,20001000,15003000,15003000,None,83621000,None,3338000,None,None,82671000,None,20036024000,56318000,None,None,None,0.414,,358069000,76319000,6677300000,19281260000,None,1580987000,None,,,,,1.73,1.263,4.073,,,,,,,,0.274,,283879000,2025-10-28,quarterly,2.7,USD,post-market,None,1488421000,0.0102,0.111,0.696,33.36,190197000,82684000,13000,6542800000,108.85,112.05,8.871,23351119000,15023221000,177731000,21122649000,8327898000,82671000,523784000,2228470000,13.26,-273827000,125.25,81.12
2025-12-28,UMBF,8.97,2217071000.0,13.26,None,0.787,94.14,,None,1017690000,1017690000,,,,,,,,,55057000,49912000,None,89396000,89396000,171548000,None,None,109623000,None,None,45856000,,1.6,0.0135,,,,0.058,0.22,76319000,122175000,2.48,2018-09-30,10.08,180867000,2217071000.0,434388000,76319000,20001000,16335000,16335000,None,83621000,None,4786000,None,None,78523000,None,19247922000,56318000,None,None,None,0.414,,358069000,76319000,6655326000,17908252000,None,1272121000,None,,,,,1.73,1.263,4.073,,,,,,,,0.274,,277123000,2025-10-28,quarterly,2.7,USD,post-market,None,1477732000,0.0102,0.111,0.696,33.36,190197000,1271508000,1192985000,5932741000,108.85,112.05,8.871,21462360000,7060054000,19101237000,19258896000,14402306000,157659000,523784000,2203464000,13.26,-228485000,125.25,81.12
2025-12-28,UMBF,8.97,2217071000.0,13.26,None,0.787,94.14,,None,493308000,493308000,,,,,,,,,55057000,50007022,None,89396000,89396000,147608000,None,1752820000,100133000,None,None,45856000,,1.6,0.0135,,,,0.058,0.22,76319000,122175000,2.48,2018-06-30,10.08,180867000,2217071000.0,434388000,76319000,20001000,17210000,17210000,None,83621000,None,4931000,None,None,78692000,None,18986849000,56318000,None,None,None,0.414,,358069000,76319000,6103956000,16386078000,None,1717280000,None,,,,,1.73,1.263,4.073,,,,,,,,0.274,,274408000,2025-10-28,quarterly,2.7,USD,post-market,None,1434342000,0.0102,0.111,0.696,33.36,190197000,1831512000,1752820000,6011684000,108.85,112.05,8.871,20531470000,12709081000,147608000,18329658000,7822389000,78692000,523784000,2201812000,13.26,-209288000,125.25,81.12
2025-12-28,UMBF,8.97,2217071000.0,13.26,None,0.787,94.14,,None,951001000,951001000,,,,,,,,,55057000,49917454,None,89396000,89396000,129753000,None,1439680000,97632000,None,None,45856000,,1.6,0.0135,,,,0.058,0.22,76319000,122175000,2.48,2018-03-31,10.08,180867000,2217071000.0,434388000,76319000,20001000,18695000,18695000,None,83621000,None,6143000,None,None,78687000,None,18979319000,56318000,None,None,None,0.414,,358069000,76319000,5809122000,17218265000,None,1393813000,None,,,,,1.73,1.263,4.073,,,,,,,,0.274,,272632000,2025-10-28,quarterly,2.7,USD,post-market,None,1393485000,0.0102,0.111,0.696,33.36,190197000,1518367000,1439680000,6139346000,108.85,112.05,8.871,20987904000,12997101000,129752999,18820518000,7990803000,78687000,523784000,2167386000,13.26,-210438000,125.25,81.12
2025-12-28,UMBF,8.97,2217071000.0,13.26,None,0.787,94.14,,None,1744483000,1744483000,,,,,,,,,55057000,49840529,None,89396000,89396000,191464000,None,1348891000,98863000,None,None,45856000,,1.6,0.0135,,,,0.058,0.22,76319000,122175000,2.48,2017-12-31,10.08,180867000,2217071000.0,434388000,76319000,20001000,20257000,20257000,None,83621000,None,2961000,None,None,79281000,None,18919775000,56318000,None,None,None,0.414,,358069000,76319000,5553051000,18023000000,None,1296307000,None,,,,,1.73,1.263,4.073,,,,,,,,0.274,,275942000,2025-10-28,quarterly,2.7,USD,post-market,None,1338110000,0.0102,0.111,0.696,33.36,190197000,1428172000,1348891000,6258577000,108.85,112.05,8.871,21771583000,13654974000,185573000,19590052000,8116609000,79281000,523784000,2181531000,13.26,-212206000,125.25,81.12
2025-12-28,UMBF,8.97,2217071000.0,13.26,None,0.787,94.14,,None,588025000,588025000,,,,,,,,,55057000,49833141,None,89396000,89396000,193978000,None,1941792000,103076000,None,None,45856000,,1.6,0.0135,,,,0.058,0.22,76319000,122175000,2.48,2017-09-30,10.08,180867000,2217071000.0,434388000,76319000,20001000,23477000,23477000,None,83621000,None,5237000,None,None,76071000,None,18255655000,56318000,None,None,None,0.414,,358069000,76319000,6008229000,15999604000,None,1908307000,None,,,,,1.73,1.263,4.073,,,,,,,,0.274,,277454000,2025-10-28,quarterly,2.7,USD,post-market,None,1239865000,0.0102,0.111,0.696,33.36,190197000,2017863000,1941792000,5848960000,108.85,112.05,8.871,20279503000,12548290000,193978000,18177960000,7731213000,76071000,523784000,2101543000,13.26,-212733000,125.25,81.12
2025-12-28,UMBF,8.97,2217071000.0,13.26,None,0.787,94.14,,None,711238000,711238000,,,,,,,,,55057000,49848903,None,89396000,89396000,161470000,None,1970614000,99122000,None,None,45856000,,1.6,0.0135,,,,0.058,0.22,76319000,122175000,2.48,2017-06-30,10.08,180867000,2217071000.0,434388000,76319000,20001000,24614000,24614000,None,83621000,None,3876000,None,None,76083000,None,18485783000,56318000,None,None,None,0.414,,358069000,76319000,5202868000,16096666000,None,1948261000,None,,,,,1.73,1.263,4.073,,,,,,,,0.274,,276412000,2025-10-28,quarterly,2.7,USD,post-market,None,1204436000,0.0102,0.111,0.696,33.36,190197000,2046697000,1970614000,6226041000,108.85,112.05,8.871,20353599000,12239269000,161470000,18282480000,8114330000,76083000,523784000,2071119000,13.26,-202647000,125.25,81.12
2025-12-28,UMBF,8.97,2217071000.0,13.26,None,0.787,94.14,,None,748241000,748241000,,,,,,,,,55057000,49829508,None,89396000,89396000,142987000,None,2390364000,97035000,None,None,45856000,,1.6,0.0135,,,,0.058,0.22,76319000,122175000,2.48,2017-03-31,10.08,228396000,2217071000.0,434388000,76319000,20001000,31622000,31622000,None,83621000,None,2159000,None,None,76104000,None,18664518000,56318000,None,None,None,0.414,,358069000,76319000,4735216000,15895184000,None,2450984000,None,,,,,1.73,1.263,4.073,,,,,,,,0.274,,282398000,2025-10-28,quarterly,2.7,USD,post-market,None,1174587000,0.0102,0.111,0.696,33.36,190197000,2466468000,2390364000,6551593000,108.85,112.05,8.871,20576137000,12132085000,142987000,18565259000,8444052000,76104000,523784000,2010878000,13.26,-207832000,125.25,81.12
2025-12-28,UMBF,8.97,2217071000.0,13.26,None,0.787,94.14,,None,1137940000,1137940000,,,,,,,,,55057000,49616121,None,89396000,89396000,172967000,None,137000,99045000,None,None,45856000,,1.6,0.0135,,,,0.058,0.22,76319000,122175000,2.48,2016-12-31,10.08,228396000,2217071000.0,434388000,76319000,20001000,34491000,34491000,None,83621000,None,5473000,None,None,76772000,None,18243166000,56318000,None,None,None,0.414,,358069000,76319000,4737211000,16570614000,None,1899795000,None,,,,,1.73,1.263,4.073,,,,,,,,0.274,,289007000,2025-10-28,quarterly,2.7,USD,post-market,None,1142887000,0.0102,0.111,0.696,33.36,190197000,76909000,137000,6466334000,108.85,112.05,8.871,20682532000,12440530000,172967000,18720148000,8242002000,76772000,523784000,1962384000,13.26,-211437000,125.25,81.12
2025-12-28,UMBF,8.97,2217071000.0,13.26,None,0.787,94.14,,None,807373000,807373000,,,,,,,,,55057000,49284280,None,89396000,89396000,163221000,None,2021123000,93016000,None,None,45856000,,1.6,0.0135,,,,0.058,0.22,76319000,122175000,2.48,2016-09-30,10.08,228396000,2217071000.0,434388000,76319000,20001000,37419000,37419000,None,83621000,None,12170000,None,None,75418000,None,17737705000,56318000,None,None,None,0.414,,358069000,76319000,4547269000,15378249000,None,2084630000,None,,,,,1.73,1.263,4.073,,,,,,,,0.274,,287267000,2025-10-28,quarterly,2.7,USD,post-market,None,1112613000,0.0102,0.111,0.696,33.36,190197000,2096541000,2021123000,6295687000,108.85,112.05,8.871,19726146000,11743345000,163221000,17701518000,7982801000,75418000,523784000,2024628000,13.26,-214423000,125.25,81.12
2025-12-28,UMBF,8.97,2217071000.0,13.26,None,0.787,94.14,,None,735343000,735343000,,,,,,,,,55057000,49166000,None,89396000,89396000,149027000,None,1793570000,129124000,None,None,45856000,,1.6,0.0135,,,,0.058,0.22,76319000,122175000,2.48,2016-06-30,10.08,228396000,2217071000.0,434388000,76319000,20001000,40411000,40411000,None,83621000,None,11096000,None,None,85320000,None,17876135000,56318000,None,None,None,0.414,,358069000,76319000,3814647000,15797720000,None,1843301000,None,,,,,1.73,1.263,4.073,,,,,,,,0.274,,277060000,2025-10-28,quarterly,2.7,USD,post-market,None,1083280000,0.0102,0.111,0.696,33.36,190197000,1878890000,1793570000,6771179000,108.85,112.05,8.871,19734076000,7635646000,17591290000,17731344000,12098430000,140054000,523784000,2002732000,13.26,-214095000,125.25,81.12
2025-12-28,UMBF,8.97,2217071000.0,13.26,None,0.787,94.14,,None,727407000,727407000,,,,,,,,,55057000,49090000,None,89396000,89396000,116408000,None,None,133040000,None,None,45856000,,1.6,0.0135,,,,0.058,0.22,76319000,122175000,2.48,2016-03-31,10.08,228396000,2217071000.0,434388000,76319000,20001000,43556000,43556000,None,83621000,None,8111000,None,None,85238000,None,17493399000,56318000,None,None,None,0.414,,358069000,76319000,3271827000,15534781000,None,1729929000,None,,,,,1.73,1.263,4.073,,,,,,,,0.274,,279079000,2025-10-28,quarterly,2.7,USD,post-market,None,1058131000,0.0102,0.111,0.696,33.36,190197000,1771967000,1686729000,6883312000,108.85,112.05,8.871,19302913000,7743759000,17221510000,17354954000,11559154000,133444000,523784000,1947959000,13.26,-215117000,125.25,81.12
2025-12-28,UMBF,8.97,2217071000.0,13.26,None,0.787,94.14,,None,981094000,981094000,,,,,,,,,55057000,49067000,None,89396000,89396000,161245000,None,33000,131984000,None,None,45856000,,1.6,0.0135,,,,0.058,0.22,76319000,122175000,2.48,2015-12-31,10.08,228346000,2217071000.0,434388000,76319000,20001000,95572000,95572000,None,83621000,None,3896000,None,None,86070000,None,17009204000,56318000,None,None,None,0.414,,358069000,76319000,3090606000,15253997000,None,1855475000,None,,,,,1.73,1.263,4.073,,,,,,,,0.274,,281471000,2025-10-28,quarterly,2.7,USD,post-market,None,1033990000,0.0102,0.111,0.696,33.36,190197000,1909141000,1823071000,6806949000,108.85,112.05,8.871,19094245000,7920027000,17077068000,17200551000,11174218000,123483000,523784000,1893694000,13.26,-211524000,125.25,81.12
2025-12-28,UMBF,8.97,2217071000.0,13.26,None,0.787,94.14,,None,1186669000,1186669000,,,,,,,,,55057000,49036000,None,89396000,89396000,168716000,None,None,128249000,None,None,45856000,,1.6,0.0135,,,,0.058,0.22,76319000,122175000,2.48,2015-09-30,10.08,227962000,2217071000.0,434388000,76319000,20001000,50065000,50065000,None,83621000,None,3599000,None,None,83534000,None,16409265000,56318000,None,None,None,0.414,,358069000,76319000,2739664000,15230275000,None,1378299000,None,,,,,1.73,1.263,4.073,,,,,,,,0.274,,281704000,2025-10-28,quarterly,2.7,USD,post-market,None,1016206000,0.0102,0.111,0.696,33.36,190197000,1431134000,1347600000,6671745000,108.85,112.05,8.871,18597965000,7986663000,16577875000,16697108000,10611302000,119233000,523784000,1900857000,13.26,-212319000,125.25,81.12
2025-12-28,UMBF,8.97,2217071000.0,13.26,None,0.787,94.14,,None,1189111000,1189111000,,,,,,,,,55057000,46611000,None,89396000,89396000,155246000,None,None,124889000,None,None,45856000,,1.6,0.0135,,,,0.058,0.22,76319000,122175000,2.48,2015-06-30,10.08,228217000,2217071000.0,434388000,76319000,20001000,53649000,53649000,None,83621000,None,5372000,None,None,88346000,None,16412617000,56318000,None,None,None,0.414,,358069000,76319000,2171248000,14651892000,None,1821433000,None,,,,,1.73,1.263,4.073,,,,,,,,0.274,,279996000,2025-10-28,quarterly,2.7,USD,post-market,None,1005563000,0.0102,0.111,0.696,33.36,190197000,1862781000,1774435000,6925115000,108.85,112.05,8.871,18418727000,8239115000,16426327000,16561671000,10179612000,135344000,523784000,1857056000,13.26,-211388000,125.25,81.12
2025-12-28,UMBF,8.97,2217071000.0,13.26,None,0.787,94.14,,None,1218636000,1218636000,,,,,,,,,55057000,45438000,None,89396000,89396000,135758000,None,None,118900000,None,None,45856000,,1.6,0.0135,,,,0.058,0.22,76319000,122175000,2.48,2015-03-31,10.08,209758000,2217071000.0,434388000,76319000,20001000,41236000,41236000,None,83621000,None,3641000,None,None,7600000,None,14734519000,56318000,None,None,None,0.414,,358069000,76319000,899401000,13292046000,None,1748101000,None,,,,,1.73,1.263,4.073,,,,,,,,0.274,,263542000,2025-10-28,quarterly,2.7,USD,post-market,None,986923000,0.0102,0.111,0.696,33.36,190197000,1726680000,1719080000,6787001000,108.85,112.05,8.871,16730123000,8124537000,15011126000,15047747000,8605586000,36621000,523784000,1682376000,13.26,-279072000,125.25,81.12
2025-12-28,UMBF,8.97,2217071000.0,13.26,None,0.787,94.14,,None,1983685000,1983685000,,,,,,,,,55057000,45661017,None,89396000,89396000,180074000,None,2041477000,79297000,None,None,45856000,,1.6,0.0135,,,,0.058,0.22,76319000,122175000,2.48,2014-12-31,10.08,209758000,2217071000.0,434388000,76319000,20001000,43991000,43991000,None,83621000,None,1018000,None,None,8810000,None,14755242000,56318000,None,None,None,0.414,,358069000,76319000,797265000,13616859000,None,2051459000,None,,,,,1.73,1.263,4.073,,,,,,,,0.274,,257835000,2025-10-28,quarterly,2.7,USD,post-market,None,963911000,0.0102,0.111,0.696,33.36,190197000,2050287000,2041477000,6911936000,108.85,112.05,8.871,17500960000,9772183000,180074000,15857202000,7728777000,8810000,523784000,1643758000,13.26,-280818000,125.25,81.12
2025-12-28,UMBF,8.97,2217071000.0,13.26,None,0.787,94.14,,None,1382384000,1382384000,,,,,,,,,55057000,45679000,None,89396000,89396000,161194000,None,None,116463000,None,None,45856000,,1.6,0.0135,,,,0.058,0.22,76319000,122175000,2.48,2014-09-30,10.08,209758000,2217071000.0,434388000,76319000,20001000,46966000,46966000,None,83621000,None,3087000,None,None,7067000,None,14205574000,56318000,None,None,None,0.414,,358069000,76319000,520959000,12914631000,None,1746981000,None,,,,,1.73,1.263,4.073,,,,,,,,0.274,,257341000,2025-10-28,quarterly,2.7,USD,post-market,None,947664000,0.0102,0.111,0.696,33.36,190197000,1718876000,1711809000,6759803000,108.85,112.05,8.871,16284028000,8258650000,14626440000,14668679000,8025378000,42239000,523784000,1615349000,13.26,-280552000,125.25,81.12
2025-12-28,UMBF,8.97,2217071000.0,13.26,None,0.787,94.14,,None,895331000,895331000,,,,,,,,,55057000,45621000,None,89396000,89396000,131996000,None,None,97520000,None,None,45856000,,1.6,0.0135,,,,0.058,0.22,76319000,122175000,2.48,2014-06-30,10.08,209758000,2217071000.0,434388000,76319000,20001000,49888000,49888000,None,83621000,None,4611000,None,None,5745000,None,13954275000,56318000,None,None,None,0.414,,358069000,76319000,416724000,12306285000,None,1649318000,None,,,,,1.73,1.263,4.073,,,,,,,,0.274,,250655000,2025-10-28,quarterly,2.7,USD,post-market,None,922268000,0.0102,0.111,0.696,33.36,190197000,1613039000,1607294000,6700623000,108.85,112.05,8.871,15562690000,7693474000,13913579000,13961348000,7869216000,47769000,523784000,1601342000,13.26,-279970000,125.25,81.12
2025-12-28,UMBF,8.97,2217071000.0,13.26,None,0.787,94.14,,None,1364414000,1364414000,,,,,,,,,55057000,44742000,None,89396000,89396000,118918000,None,None,99437000,None,None,45856000,,1.6,0.0135,,,,0.058,0.22,76319000,122175000,2.48,2014-03-31,10.08,209758000,2217071000.0,434388000,76319000,20001000,52483000,52483000,None,83621000,None,2394000,None,None,5815000,None,13812328000,56318000,None,None,None,0.414,,358069000,76319000,263380000,12384689000,None,2013128000,None,,,,,1.73,1.263,4.073,,,,,,,,0.274,,247770000,2025-10-28,quarterly,2.7,USD,post-market,None,897826000,0.0102,0.111,0.696,33.36,190197000,1979551000,1973736000,6734931000,108.85,112.05,8.871,15945830000,8198782000,14358425000,14403632000,7747048000,45207000,523784000,1542198000,13.26,-280583000,125.25,81.12
2025-12-28,UMBF,8.97,2217071000.0,13.26,None,0.787,94.14,,None,2614468000,2614468000,,,,,,,,,55057000,44512000,None,89396000,89396000,153450000,None,None,102197000,None,None,45856000,,1.6,0.0135,,,,0.058,0.22,76319000,122175000,2.48,2013-12-31,10.08,209758000,2217071000.0,434388000,76319000,20001000,82895000,82895000,None,83621000,None,2645000,None,None,5055000,None,13576461000,56318000,None,None,None,0.414,,358069000,76319000,-58920000,13794216000,None,1606409000,None,,,,,1.73,1.263,4.073,,,,,,,,0.274,,249689000,2025-10-28,quarterly,2.7,USD,post-market,None,884630000,0.0102,0.111,0.696,33.36,190197000,1588380000,1583325000,6762411000,108.85,112.05,8.871,16911852000,9455095000,15377541000,15405787000,7432776000,28246000,523784000,1506065000,13.26,-283389000,125.25,81.12
2025-12-28,UMBF,8.97,2217071000.0,13.26,None,0.787,94.14,,None,1962473000,1962473000,,,,,,,,,55057000,41484000,None,89396000,89396000,130398000,None,None,97669000,None,None,45856000,,1.6,0.0135,,,,0.058,0.22,76319000,122175000,2.48,2013-09-30,10.08,209758000,2217071000.0,434388000,76319000,20001000,58749000,58749000,None,83621000,None,4474000,None,None,5130000,None,13467489000,56318000,None,None,None,0.414,,358069000,76319000,6415000,13171442000,None,1543795000,None,,,,,1.73,1.263,4.073,,,,,,,,0.274,,247827000,2025-10-28,quarterly,2.7,USD,post-market,None,860138000,0.0102,0.111,0.696,33.36,190197000,1533305000,1528175000,6697997000,108.85,112.05,8.871,16184233000,8738915000,14699617000,14720578000,7445318000,20961000,523784000,1463655000,13.26,-298015000,125.25,81.12
2025-12-28,UMBF,8.97,2217071000.0,13.26,None,0.787,94.14,,None,1022959000,1022959000,,,,,,,,,55057000,40445000,None,89396000,89396000,117916000,None,None,97992000,None,None,45856000,,1.6,0.0135,,,,0.058,0.22,76319000,122175000,2.48,2013-06-30,10.08,209758000,2217071000.0,434388000,76319000,20001000,61994000,61994000,None,83621000,None,10266000,None,None,4063000,None,13524421000,56318000,None,None,None,0.414,,358069000,76319000,-456651000,11847666000,None,2174502000,None,,,,,1.73,1.263,4.073,,,,,,,,0.274,,246300000,2025-10-28,quarterly,2.7,USD,post-market,None,834445000,0.0102,0.111,0.696,33.36,190197000,2162556000,2158493000,6944358000,108.85,112.05,8.871,15253217000,8065309000,14006159000,14026745000,7187908000,20586000,523784000,1226472000,13.26,-377259000,125.25,81.12
2025-12-28,UMBF,8.97,2217071000.0,13.26,None,0.787,94.14,,None,1946860000,1946860000,,,,,,,,,55057000,40162000,None,89396000,89396000,152114000,None,None,95294000,None,None,45856000,,1.6,0.0135,,,,0.058,0.22,76319000,122175000,2.48,2013-03-31,10.08,209758000,2217071000.0,434388000,76319000,20001000,65348000,65348000,None,83621000,None,9870000,None,None,4393000,None,13087412000,56318000,None,None,None,0.414,,358069000,76319000,-720776000,12711572000,None,1703532000,None,,,,,1.73,1.263,4.073,,,,,,,,0.274,,244678000,2025-10-28,quarterly,2.7,USD,post-market,None,813245000,0.0102,0.111,0.696,33.36,190197000,1664151000,1659758000,6841584000,108.85,112.05,8.871,15705470000,8887576000,14371330000,14419912000,6817894000,48582000,523784000,1285558000,13.26,-378525000,125.25,81.12
2025-12-28,UMBF,8.97,2217071000.0,13.26,None,0.787,94.14,,None,1388274000,1388274000,,,,,,,,,55057000,39996000,None,89396000,89396000,182468000,None,None,88833000,None,None,45856000,,1.6,0.0135,,,,0.058,0.22,76319000,122175000,2.48,2012-12-31,10.08,209758000,2217071000.0,434388000,76319000,20001000,87753000,87753000,None,83621000,None,7401000,None,None,5879000,None,12823265000,56318000,None,None,None,0.414,,358069000,76319000,-1099434000,11835833000,None,1806139000,None,,,,,1.73,1.263,4.073,,,,,,,,0.274,,244600000,2025-10-28,quarterly,2.7,USD,post-market,None,787015000,0.0102,0.111,0.696,33.36,190197000,1793149000,1787270000,6937463000,108.85,112.05,8.871,14927196000,8414570000,13623103000,13647851000,6512626000,24748000,523784000,1279345000,13.26,-380384000,125.25,81.12
2025-12-28,UMBF,8.97,2217071000.0,13.26,None,0.787,94.14,,None,571351000,571351000,,,,,,,,,55057000,40820000,None,89396000,89396000,191926000,None,None,70099000,None,None,45856000,,1.6,0.0135,,,,0.058,0.22,76319000,122175000,2.48,2012-09-30,10.08,209758000,2217071000.0,434388000,76319000,20001000,72351000,72351000,None,83621000,None,19466000,None,None,5632000,None,12053441000,56318000,None,None,None,0.414,,358069000,76319000,5497530000,10804706000,None,1181332000,None,,,,,1.73,1.263,4.073,,,,,,,,0.274,,239234000,2025-10-28,quarterly,2.7,USD,post-market,None,774641000,0.0102,0.111,0.696,33.36,190197000,1169831000,1164199000,6651048000,108.85,112.05,8.871,13285845000,641450000,11968905000,11991670000,12644395000,22765000,523784000,1294175000,13.26,-367210000,125.25,81.12
2025-12-28,UMBF,8.97,2217071000.0,13.26,None,0.787,94.14,,None,698392000,698392000,,,,,,,,,55057000,40507000,None,89396000,89396000,169812000,None,None,71396000,None,None,45856000,,1.6,0.0135,,,,0.058,0.22,76319000,122175000,2.48,2012-06-30,10.08,211114000,2217071000.0,434388000,76319000,20001000,221345000,221345000,None,83621000,None,16981000,None,None,5260000,None,11829903000,56318000,None,None,None,0.414,,358069000,76319000,5262843000,10499662000,None,1415742000,None,,,,,1.73,1.263,4.073,,,,,,,,0.274,,234754000,2025-10-28,quarterly,2.7,USD,post-market,None,756835000,0.0102,0.111,0.696,33.36,190197000,1415826000,1410566000,6504523000,108.85,112.05,8.871,13182662000,769788000,11910228000,11930664000,12412874000,20436000,523784000,1251998000,13.26,-367846000,125.25,81.12
2025-12-28,UMBF,8.97,2217071000.0,13.26,None,0.787,94.14,,None,1461859000,1461859000,,,,,,,,,55057000,40319000,None,89396000,89396000,148199000,None,None,73943000,None,None,45856000,,1.6,0.0135,,,,0.058,0.22,76319000,122175000,2.48,2012-03-31,10.08,211114000,2217071000.0,434388000,76319000,20001000,80337000,80337000,None,83621000,None,15808000,None,None,5423000,None,5071280000,56318000,None,None,None,0.414,,358069000,76319000,5219960000,10896192000,None,1502705000,None,,,,,1.73,1.263,4.073,,,,,,,,0.274,,227910000,2025-10-28,quarterly,2.7,USD,post-market,None,735978000,0.0102,0.111,0.696,33.36,190197000,1518128000,1512705000,6387916000,108.85,112.05,8.871,13641157000,1535802000,12408897000,12428486000,12105355000,19589000,523784000,1212671000,13.26,-365209000,125.25,81.12
2025-12-28,UMBF,8.97,2217071000.0,13.26,None,0.787,94.14,,None,1610587000,1610587000,,,,,,,,,55057000,40319000,None,89396000,89396000,186380000,None,None,79831000,None,None,45856000,,1.6,0.0135,,,,0.058,0.22,76319000,122175000,2.48,2011-12-31,10.08,211114000,2217071000.0,434388000,76319000,20001000,101209000,101209000,None,83621000,None,16174000,None,None,6529000,None,4888326000,56318000,None,None,None,0.414,,358069000,76319000,5053951000,10356291000,None,1950827000,None,,,,,1.73,1.263,4.073,,,,,,,,0.274,,227936000,2025-10-28,quarterly,2.7,USD,post-market,None,697923000,0.0102,0.111,0.696,33.36,190197000,1969356000,1962827000,6107882000,108.85,112.05,8.871,13541398000,7798300000,12319118000,12350266000,5743098000,31148000,523784000,1191132000,13.26,-366246000,125.25,81.12
2025-12-28,UMBF,8.97,2217071000.0,13.26,None,0.787,94.14,,None,706750000,706750000,,,,,,,,,55057000,40648000,None,89396000,89396000,181210000,None,None,75189000,None,None,45856000,,1.6,0.0135,,,,0.058,0.22,76319000,122175000,2.48,2011-09-30,10.08,211114000,2217071000.0,434388000,76319000,20001000,88243000,88243000,None,83621000,None,16861000,None,None,7841000,None,10730111000,56318000,None,None,None,0.414,,358069000,76319000,4914819000,9576233000,None,1354022000,None,,,,,1.73,1.263,4.073,,,,,,,,0.274,,225593000,2025-10-28,quarterly,2.7,USD,post-market,None,682942000,0.0102,0.111,0.696,33.36,190197000,1379223000,1371382000,5940165000,108.85,112.05,8.871,12139084000,781939000,10947615000,10968785000,11357145000,21170000,523784000,1170299000,13.26,-366497000,125.25,81.12
2025-12-28,UMBF,8.97,2217071000.0,13.26,None,0.787,94.14,,None,1718800000,1718800000,,,,,,,,,55057000,40494000,None,89396000,89396000,166060000,None,None,78129000,None,None,45856000,,1.6,0.0135,,,,0.058,0.22,76319000,122175000,2.48,2011-06-30,10.08,211114000,2217071000.0,434388000,76319000,20001000,237287000,237287000,None,83621000,None,13277000,None,None,7545000,None,10389054000,56318000,None,None,None,0.414,,358069000,76319000,4681775000,10079861000,None,1526490000,None,,,,,1.73,1.263,4.073,,,,,,,,0.274,,220499000,2025-10-28,quarterly,2.7,USD,post-market,None,664805000,0.0102,0.111,0.696,33.36,190197000,1537206000,1529661000,5645483000,108.85,112.05,8.871,12770576000,1796929000,11609522000,11637620000,10973647000,28098000,523784000,1132956000,13.26,-362007000,125.25,81.12
2025-12-28,UMBF,8.97,2217071000.0,13.26,None,0.787,94.14,,None,2322731000,2322731000,,,,,,,,,55057000,40618000,None,89396000,89396000,145112000,None,None,73750000,None,None,45856000,,1.6,0.0135,,,,0.058,0.22,76319000,122175000,2.48,2011-03-31,10.08,211114000,2217071000.0,434388000,76319000,20001000,88291000,88291000,None,83621000,None,10562000,None,None,7718000,None,10424651000,56318000,None,None,None,0.414,,358069000,76319000,4710457000,10517868000,None,1723883000,None,,,,,1.73,1.263,4.073,,,,,,,,0.274,,219438000,2025-10-28,quarterly,2.7,USD,post-market,None,646383000,0.0102,0.111,0.696,33.36,190197000,1718932000,1711214000,5749311000,108.85,112.05,8.871,13352320000,2396481000,12229082000,12273331000,10955839000,44249000,523784000,1078989000,13.26,-360420000,125.25,81.12
2025-12-28,UMBF,8.97,2217071000.0,13.26,None,0.787,94.14,,None,1204690000,1204690000,,,,,,,,,55057000,40618000,None,89396000,89396000,145458000,None,None,76653000,None,None,45856000,,1.6,0.0135,,,,0.058,0.22,76319000,122175000,2.48,2010-12-31,10.08,211114000,2217071000.0,434388000,76319000,20001000,92297000,92297000,None,83621000,None,18801000,None,None,8884000,None,10342902000,56318000,None,None,None,0.414,,358069000,76319000,4881358000,9174199000,None,2125769000,None,,,,,1.73,1.263,4.073,,,,,,,,0.274,,219727000,2025-10-28,quarterly,2.7,USD,post-market,None,623415000,0.0102,0.111,0.696,33.36,190197000,2128446000,2119562000,1083774000,108.85,112.05,8.871,12404932000,1281343000,11293761000,11344072000,11123589000,50311000,523784000,1060860000,13.26,-361383000,125.25,81.12
2025-12-28,UMBF,8.97,2217071000.0,13.26,None,0.787,94.14,,None,991046000,991046000,,,,,,,,,55057000,40081000,None,89396000,89396000,148927000,None,None,None,None,None,45856000,,1.6,0.0135,,,,0.058,0.22,76319000,122175000,2.48,2010-09-30,10.08,163584000,2217071000.0,434388000,76319000,20001000,69723000,69723000,None,83621000,None,16970000,None,None,9040000,None,9767530000,56318000,None,None,None,0.414,,358069000,76319000,4718620000,8750742000,None,1462232000,None,,,,,1.73,1.263,4.073,,,,,,,,0.274,,215627000,2025-10-28,quarterly,2.7,USD,post-market,None,612265000,0.0102,0.111,0.696,33.36,190197000,1469066000,1460026000,5181441000,108.85,112.05,8.871,11340041000,991046000,10210768000,10249861000,10348995000,39093000,523784000,1090180000,13.26,-360819000,125.25,81.12
2025-12-28,UMBF,8.97,2217071000.0,13.26,None,0.787,94.14,,None,1029581000,1029581000,,,,,,,,,55057000,40080000,None,89396000,89396000,117837000,None,None,None,None,None,45856000,,1.6,0.0135,,,,0.058,0.22,76319000,122175000,2.48,2010-06-30,10.08,131356000,2217071000.0,434388000,76319000,20001000,53015000,53015000,None,83621000,None,17176000,None,None,9316000,None,9503071000,56318000,None,None,None,0.414,,358069000,76319000,4582166000,8538229000,None,1417615000,None,,,,,1.73,1.263,4.073,,,,,,,,0.274,,213648000,2025-10-28,quarterly,2.7,USD,post-market,None,596973000,0.0102,0.111,0.696,33.36,190197000,1438804000,1429488000,21838000,108.85,112.05,8.871,11062280000,1029581000,9967717000,9993782000,10032699000,26065000,523784000,1068498000,13.26,-358948000,125.25,81.12
2025-12-28,UMBF,8.97,2217071000.0,13.26,None,0.787,94.14,,None,1044403000,1044403000,,,,,,,,,55057000,40090000,None,89396000,89396000,103549000,None,None,None,None,None,45856000,,1.6,0.0135,,,,0.058,0.22,76319000,122175000,2.48,2010-03-31,10.08,131356000,2217071000.0,434388000,76319000,20001000,46635000,46635000,None,83621000,None,23527000,None,None,24212000,None,9167507000,56318000,None,None,None,0.414,,358069000,76319000,4434569000,8324058000,None,1324461000,None,,,,,1.73,1.263,4.073,,,,,,,,0.274,,213330000,2025-10-28,quarterly,2.7,USD,post-market,None,581443000,0.0102,0.111,0.696,33.36,190197000,1357382000,1333170000,4853763000,108.85,112.05,8.871,10724056000,1044403000,9657228000,9694605000,9679653000,37377000,523784000,1029451000,13.26,-356742000,125.25,81.12
2025-12-28,UMBF,8.97,2217071000.0,13.26,None,0.787,94.14,,None,1515288000,1515288000,,,,,,,,,55057000,40090000,None,89396000,89396000,8534488000,None,None,64949000,None,None,45856000,,1.6,0.0135,,,,0.058,0.22,76319000,122175000,2.48,2009-12-31,10.08,131356000,2217071000.0,434388000,76319000,20001000,47462000,47462000,None,83621000,None,22726000,None,None,25458000,None,None,56318000,None,None,None,0.414,,358069000,76319000,4682938000,8642384000,None,None,None,,,,,1.73,1.263,4.073,,,,,,,,0.274,,217642000,2025-10-28,quarterly,2.7,USD,post-market,None,562748000,0.0102,0.111,0.696,33.36,190197000,1982579000,1957121000,1386960000,108.85,112.05,8.871,11663355000,1580237000,10599505000,10647804000,10083118000,48299000,523784000,1015551000,13.26,-355482000,125.25,81.12
2025-12-28,UMBF,8.97,2217071000.0,13.26,None,0.787,94.14,,None,827779000,827779000,,,,,,,,,55057000,40675000,None,89396000,89396000,7890189000,None,None,None,None,None,45856000,,1.6,0.0135,,,,0.058,0.22,76319000,122175000,2.48,2009-09-30,10.08,125739000,2217071000.0,434388000,76319000,20001000,40528000,40528000,None,83621000,None,24076000,None,None,32358000,None,None,56318000,None,None,None,0.414,,358069000,76319000,4521363000,8009848000,None,None,None,,,,,1.73,1.263,4.073,,,,,,,,0.274,,217491000,2025-10-28,quarterly,2.7,USD,post-market,None,546370000,0.0102,0.111,0.696,33.36,190197000,1199370000,1167012000,4502596000,108.85,112.05,8.871,10235496000,827779000,9176860000,9221868000,9407717000,45008000,523784000,1013628000,13.26,-355496000,125.25,81.12
2025-12-28,UMBF,8.97,2217071000.0,13.26,None,0.787,94.14,,None,1057715000,1057715000,,,,,,,,,55057000,40375000,None,89396000,89396000,7674009000,None,None,None,None,None,45856000,,1.6,0.0135,,,,0.058,0.22,76319000,122175000,2.48,2009-06-30,10.08,123627000,2217071000.0,434388000,76319000,20001000,39769000,39769000,None,83621000,None,41919000,None,None,31073000,None,None,56318000,None,None,None,0.414,,358069000,76319000,4578603000,7784264000,None,None,None,,,,,1.73,1.263,4.073,,,,,,,,0.274,,220280000,2025-10-28,quarterly,2.7,USD,post-market,None,529448000,0.0102,0.111,0.696,33.36,190197000,1155515000,1124442000,3935132000,108.85,112.05,8.871,9955126000,1057715000,8908706000,8963142000,8897411000,54436000,523784000,991984000,13.26,-346598000,125.25,81.12
2025-12-28,UMBF,8.97,2217071000.0,13.26,None,0.787,94.14,,None,1280193000,1280193000,,,,,,,,,55057000,41093000,None,89396000,89396000,7676813000,None,None,None,None,None,45856000,,1.6,0.0135,,,,0.058,0.22,76319000,122175000,2.48,2009-03-31,10.08,104914000,2217071000.0,434388000,76319000,20001000,17125000,17125000,None,83621000,None,36704000,None,None,34759000,None,None,56318000,None,None,None,0.414,,358069000,76319000,4444056000,7756920000,None,None,None,,,,,1.73,1.263,4.073,,,,,,,,0.274,,221622000,2025-10-28,quarterly,2.7,USD,post-market,None,517486000,0.0102,0.111,0.696,33.36,190197000,1476159000,1441400000,4178948000,108.85,112.05,8.871,10246858000,1280193000,9198320000,9261874000,8966665000,63554000,523784000,984984000,13.26,-342078000,125.25,81.12
2025-12-28,UMBF,8.97,2217071000.0,13.26,None,0.787,94.14,,None,998908000,998908000,,,,,,,,,55057000,41093000,None,89396000,89396000,7725326000,None,None,None,None,None,45856000,,1.6,0.0135,,,,0.058,0.22,76319000,122175000,2.48,2008-12-31,10.08,104924000,2217071000.0,434388000,76319000,20001000,18101000,18101000,None,83621000,None,23444000,None,None,35925000,None,None,56318000,None,None,None,0.414,,358069000,76319000,4703466000,7806755000,None,None,None,,,,,1.73,1.263,4.073,,,,,,,,0.274,,226790000,2025-10-28,quarterly,2.7,USD,post-market,None,502073000,0.0102,0.111,0.696,33.36,190197000,2179085000,2143160000,810401000,108.85,112.05,8.871,10976596000,998908000,9949915000,10001785000,9977688000,51870000,523784000,974811000,13.26,-331236000,125.25,81.12
2025-12-28,UMBF,8.97,2217071000.0,13.26,None,0.787,94.14,,None,524849000,524849000,,,,,,,,,55057000,41074000,None,89396000,89396000,7081148000,None,None,None,None,None,45856000,,1.6,0.0135,,,,0.058,0.22,76319000,122175000,2.48,2008-09-30,10.08,94512000,2217071000.0,434388000,76319000,20001000,15705000,15705000,None,83621000,None,21444000,None,None,36807000,None,None,56318000,None,None,None,0.414,,358069000,76319000,4743776000,7081148000,None,None,None,,,,,1.73,1.263,4.073,,,,,,,,0.274,,222083000,2025-10-28,quarterly,2.7,USD,post-market,None,489012000,0.0102,0.111,0.696,33.36,190197000,1241466000,1204659000,3720997000,108.85,112.05,8.871,9337341000,524849000,8285807000,8403253000,8812492000,117446000,523784000,934088000,13.26,-330888000,125.25,81.12
2025-12-28,UMBF,8.97,2217071000.0,13.26,None,0.787,94.14,,None,658218000,658218000,,,,,,,,,55057000,40657000,None,89396000,89396000,6355419000,None,None,None,None,None,45856000,,1.6,0.0135,,,,0.058,0.22,76319000,122175000,2.48,2008-06-30,10.08,94512000,2217071000.0,434388000,76319000,20001000,16360000,16360000,None,83621000,None,18992000,None,None,34449000,None,None,56318000,None,None,None,0.414,,358069000,76319000,4793944000,6355419000,None,None,None,,,,,1.73,1.263,4.073,,,,,,,,0.274,,225942000,2025-10-28,quarterly,2.7,USD,post-market,None,473998000,0.0102,0.111,0.696,33.36,190197000,1453963000,1419514000,3036809000,108.85,112.05,8.871,8806522000,658218000,7774933000,7889509000,8148304000,114576000,523784000,917013000,13.26,-329751000,125.25,81.12
2025-12-28,UMBF,8.97,2217071000.0,13.26,None,0.787,94.14,,None,682533000,682533000,,,,,,,,,55057000,41482000,None,89396000,89396000,6536932000,None,None,None,None,None,45856000,,1.6,0.0135,,,,0.058,0.22,76319000,122175000,2.48,2008-03-31,10.08,94512000,2217071000.0,434388000,76319000,20001000,15742000,15742000,None,83621000,None,19642000,None,None,35029000,None,None,56318000,None,None,None,0.414,,358069000,76319000,4843719000,6536932000,None,None,None,,,,,1.73,1.263,4.073,,,,,,,,0.274,,229951000,2025-10-28,quarterly,2.7,USD,post-market,None,457028000,0.0102,0.111,0.696,33.36,190197000,1349935000,1314906000,3088146000,108.85,112.05,8.871,8935417000,682533000,7851838000,8011618000,8252884000,159780000,523784000,923799000,13.26,-327851000,125.25,81.12
2025-12-28,UMBF,8.97,2217071000.0,13.26,None,0.787,94.14,,None,806600000,806600000,,,,,,,,,55057000,41482000,None,89396000,89396000,6550802000,None,None,None,None,None,45856000,,1.6,0.0135,,,,0.058,0.22,76319000,122175000,2.48,2007-12-31,10.08,94512000,2217071000.0,434388000,76319000,20001000,16463000,16463000,None,83621000,None,13391000,None,None,36032000,None,None,56318000,None,None,None,0.414,,358069000,76319000,4722363000,6550802000,None,None,None,,,,,1.73,1.263,4.073,,,,,,,,0.274,,235528000,2025-10-28,quarterly,2.7,USD,post-market,None,430824000,0.0102,0.111,0.696,33.36,190197000,1804534000,1768502000,712012000,108.85,112.05,8.871,9342959000,806600000,8319304000,8452385000,8536359000,133081000,523784000,890574000,13.26,-310467000,125.25,81.12
2025-12-28,UMBF,8.97,2217071000.0,13.26,None,0.787,94.14,,None,499535000,499535000,,,,,,,,,55057000,42210000,None,89396000,89396000,5921044000,None,None,None,None,None,45856000,,1.6,0.0135,,,,0.058,0.22,76319000,122175000,2.48,2007-09-30,10.08,94512000,2217071000.0,434388000,76319000,20001000,17181000,17181000,None,83621000,None,14217000,None,None,36693000,None,None,56318000,None,None,None,0.414,,358069000,76319000,4361121000,5921044000,None,None,None,,,,,1.73,1.263,4.073,,,,,,,,0.274,,237283000,2025-10-28,quarterly,2.7,USD,post-market,None,421729000,0.0102,0.111,0.696,33.36,190197000,1113746000,1077053000,2830354000,108.85,112.05,8.871,8020060000,499535000,6998097000,7135751000,7520525000,137654000,523784000,884309000,13.26,-292680000,125.25,81.12
2025-12-28,UMBF,8.97,2217071000.0,13.26,None,0.787,94.14,,None,430908000,430908000,,,,,,,,,55057000,41858000,None,89396000,89396000,5798495000,None,None,None,None,None,45856000,,1.6,0.0135,,,,0.058,0.22,76319000,122175000,2.48,2007-06-30,10.08,94631000,2217071000.0,434388000,76319000,20001000,17935000,17935000,None,83621000,None,14560000,None,None,35788000,None,None,56318000,None,None,None,0.414,,358069000,76319000,4432942000,5798495000,None,None,None,,,,,1.73,1.263,4.073,,,,,,,,0.274,,239122000,2025-10-28,quarterly,2.7,USD,post-market,None,406048000,0.0102,0.111,0.696,33.36,190197000,1303848000,1268060000,2837021000,108.85,112.05,8.871,8034044000,430908000,7066555000,7173616000,7603136000,107061000,523784000,860428000,13.26,-278435000,125.25,81.12
2025-12-28,UMBF,8.97,2217071000.0,13.26,None,0.787,94.14,,None,450891000,450891000,,,,,,,,,55057000,42033000,None,89396000,89396000,5632964000,None,None,None,None,None,45856000,,1.6,0.0135,,,,0.058,0.22,76319000,122175000,2.48,2007-03-31,10.08,94670000,2217071000.0,434388000,76319000,20001000,18669000,18669000,None,83621000,None,16514000,None,None,37204000,None,None,56318000,None,None,None,0.414,,358069000,76319000,4412423000,5632964000,None,None,None,,,,,1.73,1.263,4.073,,,,,,,,0.274,,237270000,2025-10-28,quarterly,2.7,USD,post-market,None,391880000,0.0102,0.111,0.696,33.36,190197000,1435831000,1398627000,2801502000,108.85,112.05,8.871,8000033000,450891000,7031591000,7140781000,7549142000,109190000,523784000,859252000,13.26,-278007000,125.25,81.12
2025-12-28,UMBF,8.97,2217071000.0,13.26,None,0.787,94.14,,None,531188000,531188000,,,,,,,,,55057000,42033000,None,89396000,89396000,6308964000,None,None,None,None,None,45856000,,1.6,0.0135,,,,0.058,0.22,76319000,122175000,2.48,2006-12-31,10.08,93723000,2217071000.0,434388000,76319000,20001000,19309000,19309000,None,83621000,None,14437000,None,None,38020000,None,None,56318000,None,None,None,0.414,,358069000,76319000,4682366000,6308964000,None,None,None,,,,,1.73,1.263,4.073,,,,,,,,0.274,,243216000,2025-10-28,quarterly,2.7,USD,post-market,None,380464000,0.0102,0.111,0.696,33.36,190197000,1676846000,1638826000,848922000,108.85,112.05,8.871,8917765000,531188000,7947790000,8068890000,8386577000,121100000,523784000,848875000,13.26,-269181000,125.25,81.12
2025-12-28,UMBF,8.97,2217071000.0,13.26,None,0.787,94.14,,None,408094000,408094000,,,,,,,,,55057000,42532000,None,89396000,89396000,5535926000,None,None,None,None,None,45856000,,1.6,0.0135,,,,0.058,0.22,76319000,122175000,2.48,2006-09-30,10.08,96017000,2217071000.0,434388000,76319000,20001000,19136000,19136000,None,83621000,None,17815000,None,None,36798000,None,None,56318000,None,None,None,0.414,,358069000,76319000,4156485000,5535926000,None,None,None,,,,,1.73,1.263,4.073,,,,,,,,0.274,,241290000,2025-10-28,quarterly,2.7,USD,post-market,None,370184000,0.0102,0.111,0.696,33.36,190197000,1208119000,1171321000,2751735000,108.85,112.05,8.871,7672757000,408094000,6707247000,6817918000,7264663000,110671000,523784000,854839000,13.26,-253666000,125.25,81.12
2025-12-28,UMBF,8.97,2217071000.0,13.26,None,0.787,94.14,,None,447515000,447515000,,,,,,,,,55057000,42678000,None,89396000,89396000,5751836000,None,None,None,None,None,45856000,,1.6,0.0135,,,,0.058,0.22,76319000,122175000,2.48,2006-06-30,10.08,60731000,2217071000.0,434388000,76319000,20001000,6487000,6487000,None,83621000,None,20101000,None,None,37342000,None,None,56318000,None,None,None,0.414,,358069000,76319000,4255227000,5751836000,None,None,None,,,,,1.73,1.263,4.073,,,,,,,,0.274,,236027000,2025-10-28,quarterly,2.7,USD,post-market,None,359868000,0.0102,0.111,0.696,33.36,190197000,995049000,957707000,2641748000,108.85,112.05,8.871,7632832000,447515000,6709543000,6809896000,7185317000,100353000,523784000,822936000,13.26,-252884000,125.25,81.12
2025-12-28,UMBF,8.97,2217071000.0,13.26,None,0.787,94.14,,None,418125000,418125000,,,,,,,,,27528000,42820000,None,89396000,89396000,5627193000,None,None,None,None,None,45856000,,1.6,0.0135,,,,0.058,0.22,76319000,122175000,2.48,2006-03-31,10.08,59727000,2217071000.0,434388000,76319000,20001000,6857000,6857000,None,83621000,None,18000000,None,None,37879000,None,None,56318000,None,None,None,0.414,,358069000,76319000,4268480000,5627193000,None,None,None,,,,,1.73,1.263,4.073,,,,,,,,0.274,,234198000,2025-10-28,quarterly,2.7,USD,post-market,None,350568000,0.0102,0.111,0.696,33.36,190197000,1132503000,1094624000,2664947000,108.85,112.05,8.871,7637312000,418125000,6721817000,6809489000,7219187000,87672000,523784000,827823000,13.26,-248032000,125.25,81.12
2025-12-28,UMBF,8.97,2217071000.0,13.26,None,0.787,94.14,,None,599580000,599580000,,,,,,,,,27528000,43259000,None,89396000,89396000,5920822000,None,None,None,None,None,45856000,,1.6,0.0135,,,,0.058,0.22,76319000,122175000,2.48,2005-12-31,10.08,59727000,2217071000.0,434388000,76319000,20001000,4078000,4078000,None,83621000,None,19460000,None,None,38471000,None,None,56318000,None,None,None,0.414,,358069000,76319000,3897809000,5920822000,None,None,None,,,,,1.73,1.263,4.073,,,,,,,,0.274,,236038000,2025-10-28,quarterly,2.7,USD,post-market,None,342675000,0.0102,0.111,0.696,33.36,190197000,1434504000,1396033000,1834000,108.85,112.05,8.871,8247789000,599580000,7316855000,7414326000,7648209000,97471000,523784000,833463000,13.26,-241394000,125.25,81.12
2025-12-28,UMBF,8.97,2217071000.0,13.26,None,0.787,94.14,,None,398250000,398250000,,,,,,,,,27528000,43259000,None,89396000,89396000,5006741000,None,None,None,None,None,45856000,,1.6,0.0135,,,,0.058,0.22,76319000,122175000,2.48,2005-09-30,10.08,59958000,2217071000.0,434388000,76319000,20001000,4302000,4302000,None,83621000,None,20361000,None,None,39083000,None,None,56318000,None,None,None,0.414,,358069000,76319000,3715983000,5006741000,None,None,None,,,,,1.73,1.263,4.073,,,,,,,,0.274,,226668000,2025-10-28,quarterly,2.7,USD,post-market,None,333096000,0.0102,0.111,0.696,33.36,190197000,1184685000,1145602000,2520186000,108.85,112.05,8.871,7087925000,398250000,6152343000,6256979000,6689675000,104636000,523784000,830946000,13.26,-237002000,125.25,81.12
2025-12-28,UMBF,8.97,2217071000.0,13.26,None,0.787,94.14,,None,8559445000,8559445000,,,,,,,,,55057000,49057000,None,89396000,89396000,None,None,0,425387000,None,None,45856000,,1.6,0.0135,,,,0.058,0.22,76319000,122175000,2.48,2024-12-31,10.08,207385000,2217071000.0,434388000,76319000,20001000,80778000,80778000,None,83621000,None,None,None,None,385292000,None,13607480000,56318000,None,None,None,0.414,,358069000,76319000,None,43510486000,None,None,None,,,,,1.73,1.263,4.073,,,,,,,,0.274,,None,2025-10-28,annual,2.7,USD,post-market,None,3174948000,0.0102,0.111,0.696,33.36,190197000,2995007000,2609715000,7774334000,108.85,112.05,8.871,50409664000,16759166000,46120201000,46943123000,33650498000,822922000,523784000,3466541000,13.26,None,125.25,81.12
2025-12-28,UMBF,8.97,2217071000.0,13.26,None,0.787,94.14,,None,5607003000,5607003000,,,,,,,,,55057000,48764000,None,89396000,89396000,None,None,1000000000,519662000,None,None,45856000,,1.6,0.0135,,,,0.058,0.22,76319000,122175000,2.48,2023-12-31,10.08,207385000,2217071000.0,434388000,76319000,20001000,101419000,101419000,None,83621000,None,-966863000,None,None,383247000,None,13180579000,56318000,None,None,None,0.414,,358069000,76319000,6177346000,36182719000,None,None,None,,,,,1.73,1.263,4.073,,,,,,,,0.274,,None,2025-10-28,annual,2.7,USD,post-market,None,2810824000,0.0102,0.111,0.696,33.36,190197000,3502891000,3119644000,7068613000,108.85,112.05,8.871,44011674000,13195278000,39302363000,40911255000,30816396000,1608892000,523784000,3100419000,13.26,None,125.25,81.12
2025-12-28,UMBF,8.97,2217071000.0,13.26,None,0.787,94.14,,None,1679787000,1679787000,,,,,,,,,55057000,48747399,None,89396000,89396000,239624000,None,0,189231000,None,None,45856000,,1.6,0.0135,,,,0.058,0.22,76319000,122175000,2.48,2022-12-31,10.08,207385000,2217071000.0,434388000,76319000,20001000,78724000,78724000,None,83621000,None,-3110926000,None,None,381311000,None,13233277000,56318000,None,None,None,0.414,,358069000,76319000,2921695000,14073273000,None,2585300000,None,,,,,1.73,1.263,4.073,,,,,,,,0.274,,263649000,2025-10-28,annual,2.7,USD,post-market,None,2536086000,0.0102,0.111,0.696,33.36,190197000,2615756000,2234445000,7006347000,108.85,112.05,8.871,38512461000,420000,16307718000,381311000,549758000,381311000,523784000,2667093000,13.26,-347264000,125.25,81.12
2025-12-28,UMBF,8.97,2217071000.0,13.26,None,0.787,94.14,,None,9255727000,9255727000,,,,,,,,,55057000,48738292,None,89396000,89396000,35599927000,None,None,131102000,None,None,45856000,,1.6,0.0135,,,,0.058,0.22,76319000,122175000,2.48,2021-12-31,10.08,174518000,2217071000.0,434388000,76319000,20001000,14416000,14416000,None,83621000,None,-10708661000,None,None,271544000,None,13813963000,56318000,None,None,None,0.414,,358069000,76319000,10708661000,16345842000,None,3427097000,None,,,,,1.73,1.263,4.073,,,,,,,,0.274,,270933000,2025-10-28,annual,2.7,USD,post-market,None,2176998000,0.0102,0.111,0.696,33.36,190197000,3518457000,3246913000,11976514000,108.85,112.05,8.871,42693484000,21363343000,19592755000,271544000,14273830000,271544000,523784000,3145424000,13.26,-323465000,125.25,81.12
2025-12-28,UMBF,8.97,2217071000.0,13.26,None,0.787,94.14,,None,3540680000,3540680000,,,,,,,,,55057000,48343750,None,89396000,89396000,319676000,None,None,139892000,None,None,45856000,,1.6,0.0135,,,,0.058,0.22,76319000,122175000,2.48,2020-12-31,10.08,180867000,2217071000.0,434388000,76319000,20001000,21056000,21056000,None,83621000,None,-5428027000,None,None,269595000,None,26677043000,56318000,None,None,None,0.414,,358069000,76319000,5428027000,9882170000,None,2470034000,None,,,,,1.73,1.263,4.073,,,,,,,,0.274,,293095000,2025-10-28,annual,2.7,USD,post-market,None,1891246000,0.0102,0.111,0.696,33.36,190197000,2592898000,2323303000,9299688000,108.85,112.05,8.871,33127504000,12980260000,12205473000,269595000,11137783000,269595000,523784000,3016948000,13.26,-338145000,125.25,81.12
2025-12-28,UMBF,8.97,2217071000.0,13.26,None,0.787,94.14,,None,1698449000,1698449000,,,,,,,,,55057000,49089877,None,89396000,89396000,232200000,None,5000,124508000,None,None,45856000,,1.6,0.0135,,,,0.058,0.22,76319000,122175000,2.48,2019-12-31,10.08,180867000,2217071000.0,434388000,76319000,20001000,27597000,27597000,None,83621000,None,-3504920000,None,None,97490000,None,22179747000,56318000,None,None,None,0.414,,358069000,76319000,3504920000,6959065000,None,2021981000,None,,,,,1.73,1.263,4.073,,,,,,,,0.274,,300334000,2025-10-28,annual,2.7,USD,post-market,None,1672438000,0.0102,0.111,0.696,33.36,190197000,2018079000,1920589000,7447362000,108.85,112.05,8.871,26561355000,9270319000,8879654000,97490000,9226300000,97490000,523784000,2606440000,13.26,-277999000,125.25,81.12
2025-12-28,UMBF,8.97,2217071000.0,13.26,None,0.787,94.14,,None,1692953000,1692953000,,,,,,,,,55057000,49770737,None,89396000,89396000,177731000,None,13000,110168000,None,None,45856000,,1.6,0.0135,,,,0.058,0.22,76319000,122175000,2.48,2018-12-31,10.08,180867000,2217071000.0,434388000,76319000,20001000,15003000,15003000,None,83621000,None,3338000,None,None,82671000,None,20036024000,56318000,None,None,None,0.414,,358069000,76319000,6677300000,6707270000,None,1580987000,None,,,,,1.73,1.263,4.073,,,,,,,,0.274,,283879000,2025-10-28,annual,2.7,USD,post-market,None,1488421000,0.0102,0.111,0.696,33.36,190197000,1601591000,1518920000,6542800000,108.85,112.05,8.871,23351119000,15023221000,8226190000,21122649000,8327898000,82671000,523784000,2228470000,13.26,-273827000,125.25,81.12
2025-12-28,UMBF,8.97,2217071000.0,13.26,None,0.787,94.14,,None,1744483000,1744483000,,,,,,,,,55057000,49839290,None,89396000,89396000,191464000,None,1348891000,98863000,None,None,45856000,,1.6,0.0135,,,,0.058,0.22,76319000,122175000,2.48,2017-12-31,10.08,180867000,2217071000.0,434388000,76319000,20001000,20257000,20257000,None,83621000,None,1501000,None,None,79281000,None,18919775000,56318000,None,None,None,0.414,,358069000,76319000,5553051000,6843271000,None,1296307000,None,,,,,1.73,1.263,4.073,,,,,,,,0.274,,275942000,2025-10-28,annual,2.7,USD,post-market,None,1338110000,0.0102,0.111,0.696,33.36,190197000,1339985000,1260704000,6258577000,108.85,112.05,8.871,21771583000,13654974000,8103975000,19590052000,8116609000,79281000,523784000,2181531000,13.26,-212206000,125.25,81.12
2025-12-28,UMBF,8.97,2217071000.0,13.26,None,0.787,94.14,,None,1137940000,1137940000,,,,,,,,,55057000,49277055,None,89396000,89396000,172967000,None,0,99045000,None,None,45856000,,1.6,0.0135,,,,0.058,0.22,76319000,122175000,2.48,2016-12-31,10.08,228396000,2217071000.0,434388000,76319000,20001000,34491000,34491000,None,83621000,None,194000,None,None,76772000,None,18243166000,56318000,None,None,None,0.414,,358069000,76319000,4737211000,6694084000,None,1899795000,None,,,,,1.73,1.263,4.073,,,,,,,,0.274,,289007000,2025-10-28,annual,2.7,USD,post-market,None,1142887000,0.0102,0.111,0.696,33.36,190197000,1933709000,1856937000,6466334000,108.85,112.05,8.871,20682532000,12440530000,8551021000,18720148000,8242002000,76772000,523784000,1962384000,13.26,-211437000,125.25,81.12
2025-12-28,UMBF,8.97,2217071000.0,13.26,None,0.787,94.14,,None,981094000,981094000,,,,,,,,,55057000,47579000,None,89396000,89396000,161245000,None,33000,131984000,None,None,45856000,,1.6,0.0135,,,,0.058,0.22,76319000,122175000,2.48,2015-12-31,10.08,228346000,2217071000.0,434388000,76319000,20001000,95572000,95572000,None,83621000,None,3307000,None,None,86070000,None,17009204000,56318000,None,None,None,0.414,,358069000,76319000,3090606000,15253997000,None,1855475000,None,,,,,1.73,1.263,4.073,,,,,,,,0.274,,281471000,2025-10-28,annual,2.7,USD,post-market,None,1033990000,0.0102,0.111,0.696,33.36,190197000,1909141000,1823071000,6806949000,108.85,112.05,8.871,19094245000,7920027000,17077068000,17200551000,11174218000,123483000,523784000,1893694000,13.26,-211524000,125.25,81.12
2025-12-28,UMBF,8.97,2217071000.0,13.26,None,0.787,94.14,,None,1983685000,1983685000,,,,,,,,,55057000,45530189,None,89396000,89396000,180074000,None,2041477000,79297000,None,None,45856000,,1.6,0.0135,,,,0.058,0.22,76319000,122175000,2.48,2014-12-31,10.08,209758000,2217071000.0,434388000,76319000,20001000,43991000,43991000,None,83621000,None,1018000,None,None,8810000,None,14755242000,56318000,None,None,None,0.414,,358069000,76319000,797265000,13616859000,None,2051459000,None,,,,,1.73,1.263,4.073,,,,,,,,0.274,,257835000,2025-10-28,annual,2.7,USD,post-market,None,963911000,0.0102,0.111,0.696,33.36,190197000,2050287000,2041477000,6911936000,108.85,112.05,8.871,17500960000,9772183000,180074000,15857202000,7728777000,8810000,523784000,1643758000,13.26,-280818000,125.25,81.12
2025-12-28,UMBF,8.97,2217071000.0,13.26,None,0.787,94.14,,None,2614468000,2614468000,,,,,,,,,55057000,41276000,None,89396000,89396000,153450000,None,None,102197000,None,None,45856000,,1.6,0.0135,,,,0.058,0.22,76319000,122175000,2.48,2013-12-31,10.08,209758000,2217071000.0,434388000,76319000,20001000,82895000,82895000,None,83621000,None,2645000,None,None,5055000,None,13576461000,56318000,None,None,None,0.414,,358069000,76319000,2808166000,13794216000,None,1606409000,None,,,,,1.73,1.263,4.073,,,,,,,,0.274,,249689000,2025-10-28,annual,2.7,USD,post-market,None,884630000,0.0102,0.111,0.696,33.36,190197000,1588380000,1583325000,6762411000,108.85,112.05,8.871,16911852000,9396175000,15377541000,15405787000,7432776000,28246000,523784000,1506065000,13.26,-283389000,125.25,81.12
2025-12-28,UMBF,8.97,2217071000.0,13.26,None,0.787,94.14,,None,1388274000,1388274000,,,,,,,,,55057000,40034000,None,89396000,89396000,182468000,None,None,88833000,None,None,45856000,,1.6,0.0135,,,,0.058,0.22,76319000,122175000,2.48,2012-12-31,10.08,209758000,2217071000.0,434388000,76319000,20001000,87753000,87753000,None,83621000,None,7401000,None,None,5879000,None,12823265000,56318000,None,None,None,0.414,,358069000,76319000,1603655000,11835833000,None,1806139000,None,,,,,1.73,1.263,4.073,,,,,,,,0.274,,244600000,2025-10-28,annual,2.7,USD,post-market,None,787015000,0.0102,0.111,0.696,33.36,190197000,1793149000,1787270000,6937463000,108.85,112.05,8.871,14927196000,8414570000,13623103000,13647851000,6512626000,24748000,523784000,1279345000,13.26,-380384000,125.25,81.12
2025-12-28,UMBF,8.97,2217071000.0,13.26,None,0.787,94.14,,None,1610587000,1610587000,,,,,,,,,55057000,40330000,None,89396000,89396000,186380000,None,None,79831000,None,None,45856000,,1.6,0.0135,,,,0.058,0.22,76319000,122175000,2.48,2011-12-31,10.08,211114000,2217071000.0,434388000,76319000,20001000,101209000,101209000,None,83621000,None,16174000,None,None,6529000,None,4888326000,56318000,None,None,None,0.414,,358069000,76319000,5053951000,10356291000,None,1950827000,None,,,,,1.73,1.263,4.073,,,,,,,,0.274,,227936000,2025-10-28,annual,2.7,USD,post-market,None,697923000,0.0102,0.111,0.696,33.36,190197000,1969356000,1962827000,6107882000,108.85,112.05,8.871,13541398000,7798300000,12319118000,12350266000,5743098000,31148000,523784000,1191132000,13.26,-366246000,125.25,81.12
2025-12-28,UMBF,8.97,2217071000.0,13.26,None,0.787,94.14,,None,1204690000,1204690000,,,,,,,,,55057000,40266000,None,89396000,89396000,145458000,None,None,76653000,None,None,45856000,,1.6,0.0135,,,,0.058,0.22,76319000,122175000,2.48,2010-12-31,10.08,211114000,2217071000.0,434388000,76319000,20001000,92297000,92297000,None,83621000,None,18801000,None,None,8884000,None,10342902000,56318000,None,None,None,0.414,,358069000,76319000,4881358000,9174199000,None,2125769000,None,,,,,1.73,1.263,4.073,,,,,,,,0.274,,219727000,2025-10-28,annual,2.7,USD,post-market,None,623415000,0.0102,0.111,0.696,33.36,190197000,2128446000,2119562000,5742104000,108.85,112.05,8.871,12404932000,1281343000,11293761000,11344072000,11123589000,50311000,523784000,1060860000,13.26,-361383000,125.25,81.12
2025-12-28,UMBF,8.97,2217071000.0,13.26,None,0.787,94.14,,None,1515288000,1515288000,,,,,,,,,55057000,40675000,None,89396000,89396000,8534488000,None,None,64949000,None,None,45856000,,1.6,0.0135,,,,0.058,0.22,76319000,122175000,2.48,2009-12-31,10.08,131356000,2217071000.0,434388000,76319000,20001000,47462000,47462000,None,83621000,None,22726000,None,None,20626000,None,None,56318000,None,None,None,0.414,,358069000,76319000,4682938000,8642384000,None,None,None,,,,,1.73,1.263,4.073,,,,,,,,0.274,,217642000,2025-10-28,annual,2.7,USD,post-market,None,562748000,0.0102,0.111,0.696,33.36,190197000,1982579000,1957121000,5003720000,108.85,112.05,8.871,11663355000,1580237000,10599505000,10647804000,10083118000,48299000,523784000,1015551000,13.26,-355482000,125.25,81.12
2025-12-28,UMBF,8.97,2217071000.0,13.26,None,0.787,94.14,,None,998908000,998908000,,,,,,,,,55057000,41208000,None,89396000,89396000,7725326000,None,None,None,None,None,45856000,,1.6,0.0135,,,,0.058,0.22,76319000,122175000,2.48,2008-12-31,10.08,104924000,2217071000.0,434388000,76319000,20001000,18101000,18101000,None,83621000,None,23444000,None,None,30888000,None,None,56318000,None,None,None,0.414,,358069000,76319000,4703466000,7806755000,None,None,None,,,,,1.73,1.263,4.073,,,,,,,,0.274,,226790000,2025-10-28,annual,2.7,USD,post-market,None,502073000,0.0102,0.111,0.696,33.36,190197000,2179085000,2143160000,575309000,108.85,112.05,8.871,10976596000,998908000,9949915000,10001785000,9977688000,51870000,523784000,974811000,13.26,-331236000,125.25,81.12
2025-12-28,UMBF,8.97,2217071000.0,13.26,None,0.787,94.14,,None,806600000,806600000,,,,,,,,,55057000,41928000,None,89396000,89396000,6550802000,None,None,None,None,None,45856000,,1.6,0.0135,,,,0.058,0.22,76319000,122175000,2.48,2007-12-31,10.08,94512000,2217071000.0,434388000,76319000,20001000,16463000,16463000,None,83621000,None,13391000,None,None,31696000,None,None,56318000,None,None,None,0.414,,358069000,76319000,4722363000,6550802000,None,None,None,,,,,1.73,1.263,4.073,,,,,,,,0.274,,235528000,2025-10-28,annual,2.7,USD,post-market,None,430824000,0.0102,0.111,0.696,33.36,190197000,1804534000,1768502000,3455253000,108.85,112.05,8.871,9342959000,806600000,8319304000,8452385000,8536359000,133081000,523784000,890574000,13.26,-310467000,125.25,81.12
2025-12-28,UMBF,8.97,2217071000.0,13.26,None,0.787,94.14,,None,531188000,531188000,,,,,,,,,55057000,42593000,None,89396000,89396000,6308964000,None,None,None,None,None,45856000,,1.6,0.0135,,,,0.058,0.22,76319000,122175000,2.48,2006-12-31,10.08,93723000,2217071000.0,434388000,76319000,20001000,19309000,19309000,None,83621000,None,14437000,None,None,34746000,None,None,56318000,None,None,None,0.414,,358069000,76319000,4682366000,6308964000,None,None,None,,,,,1.73,1.263,4.073,,,,,,,,0.274,,243216000,2025-10-28,annual,2.7,USD,post-market,None,380464000,0.0102,0.111,0.696,33.36,190197000,1676846000,1638826000,3333843000,108.85,112.05,8.871,8917765000,531188000,7947790000,8068890000,8386577000,121100000,523784000,848875000,13.26,-269181000,125.25,81.12
2025-12-28,UMBF,8.97,2217071000.0,13.26,None,0.787,94.14,,None,599580000,599580000,,,,,,,,,27528000,43259000,None,89396000,89396000,5920822000,None,None,None,None,None,45856000,,1.6,0.0135,,,,0.058,0.22,76319000,122175000,2.48,2005-12-31,10.08,59727000,2217071000.0,434388000,76319000,20001000,4078000,4078000,None,83621000,None,19460000,None,None,35908000,None,None,56318000,None,None,None,0.414,,358069000,76319000,3897809000,5920822000,None,None,None,,,,,1.73,1.263,4.073,,,,,,,,0.274,,236038000,2025-10-28,annual,2.7,USD,post-market,None,342675000,0.0102,0.111,0.696,33.36,190197000,1434504000,1396033000,3427429000,108.85,112.05,8.871,8247789000,599580000,7316855000,7414326000,7648209000,97471000,523784000,833463000,13.26,-241394000,125.25,81.12
2025-12-28,UMBF,8.97,2217071000.0,13.26,None,0.787,94.14,14398000,None,599580000,599580000,-283741000,-2142947000,None,None,None,None,None,None,27528000,43259000,None,89396000,89396000,5920822000,None,None,None,None,None,45856000,37012000,1.6,0.0135,32502000,32502000,None,0.058,0.22,76319000,122175000,2.48,2025-09-30,10.08,59727000,2217071000.0,434388000,76319000,20001000,4078000,4078000,None,83621000,None,19460000,None,None,35908000,None,None,188316000,None,None,None,0.414,272209000,358069000,76319000,3897809000,5920822000,None,None,None,None,None,None,None,1.73,1.263,4.073,None,None,None,None,None,-1301000,None,0.274,None,236038000,2025-10-28,quarterly,2.7,USD,post-market,None,342675000,0.0102,0.111,0.696,33.36,190197000,1434504000,1396033000,3427429000,108.85,112.05,8.871,8247789000,599580000,7316855000,7414326000,7648209000,97471000,523784000,833463000,13.26,-241394000,125.25,81.12
2025-12-28,UMBF,8.97,2217071000.0,13.26,None,0.787,94.14,14604000,None,599580000,599580000,2098317000,-1997880000,None,None,None,None,None,None,27528000,43259000,None,89396000,89396000,5920822000,None,None,None,None,None,45856000,37995000,1.6,0.0135,32387000,32387000,None,0.058,0.22,76319000,122175000,2.48,2025-06-30,10.08,59727000,2217071000.0,434388000,76319000,20001000,4078000,4078000,None,83621000,None,19460000,None,None,35908000,None,None,217394000,None,None,None,0.414,285386000,358069000,76319000,3897809000,5920822000,None,None,None,None,None,None,None,1.73,1.263,4.073,None,None,None,None,None,-814000,None,0.274,None,236038000,2025-10-28,quarterly,2.7,USD,post-market,None,342675000,0.0102,0.111,0.696,33.36,190197000,1434504000,1396033000,3427429000,108.85,112.05,8.871,8247789000,599580000,7316855000,7414326000,7648209000,97471000,523784000,833463000,13.26,-241394000,125.25,81.12
2025-12-28,UMBF,8.97,2217071000.0,13.26,None,0.787,94.14,8823000,None,599580000,599580000,1135150000,663204000,None,None,None,None,None,None,27528000,43259000,None,89396000,89396000,5920822000,None,None,None,None,None,45856000,29366000,1.6,0.0135,30117000,30117000,None,0.058,0.22,76319000,122175000,2.48,2025-03-31,10.08,59727000,2217071000.0,434388000,76319000,20001000,4078000,4078000,None,83621000,None,19460000,None,None,35908000,None,None,81333000,None,None,None,0.414,363021000,358069000,76319000,3897809000,5920822000,None,None,None,None,None,None,None,1.73,1.263,4.073,None,None,None,None,None,-15434000,None,0.274,None,236038000,2025-10-28,quarterly,2.7,USD,post-market,None,342675000,0.0102,0.111,0.696,33.36,190197000,1434504000,1396033000,3427429000,108.85,112.05,8.871,8247789000,599580000,7316855000,7414326000,7648209000,97471000,523784000,833463000,13.26,-241394000,125.25,81.12
2025-12-28,UMBF,8.97,2217071000.0,13.26,None,0.787,94.14,10180000,None,599580000,599580000,2957255000,-1718457000,None,None,None,None,None,None,27528000,43259000,None,89396000,89396000,5920822000,None,None,None,None,None,45856000,12714000,1.6,0.0135,19525000,19525000,None,0.058,0.22,76319000,122175000,2.48,2024-12-31,10.08,59727000,2217071000.0,434388000,76319000,20001000,4078000,4078000,None,83621000,None,19460000,None,None,35908000,None,None,119997000,None,None,None,0.414,-66871000,358069000,76319000,3897809000,5920822000,None,None,None,None,None,None,None,1.73,1.263,4.073,None,None,None,None,None,0,None,0.274,None,236038000,2025-10-28,quarterly,2.7,USD,post-market,None,342675000,0.0102,0.111,0.696,33.36,190197000,1434504000,1396033000,3427429000,108.85,112.05,8.871,8247789000,599580000,7316855000,7414326000,7648209000,97471000,523784000,833463000,13.26,-241394000,125.25,81.12
2025-12-28,UMBF,8.97,2217071000.0,13.26,None,0.787,94.14,5959000,None,599580000,599580000,2725279000,-588300000,None,None,None,None,None,None,27528000,43259000,None,89396000,89396000,5920822000,None,None,None,None,None,45856000,12947000,1.6,0.0135,19060000,19060000,None,0.058,0.22,76319000,122175000,2.48,2024-09-30,10.08,59727000,2217071000.0,434388000,76319000,20001000,4078000,4078000,None,83621000,None,19460000,None,None,35908000,None,None,109643000,None,None,None,0.414,123647000,358069000,76319000,3897809000,5920822000,None,None,None,None,None,None,None,1.73,1.263,4.073,None,None,None,None,None,1116000,None,0.274,None,236038000,2025-10-28,quarterly,2.7,USD,post-market,None,342675000,0.0102,0.111,0.696,33.36,190197000,1434504000,1396033000,3427429000,108.85,112.05,8.871,8247789000,599580000,7316855000,7414326000,7648209000,97471000,523784000,833463000,13.26,-241394000,125.25,81.12
2025-12-28,UMBF,8.97,2217071000.0,13.26,None,0.787,94.14,5691000,None,599580000,599580000,-925199000,-1114137000,None,None,None,None,None,None,27528000,43259000,None,89396000,89396000,5920822000,None,None,None,None,None,45856000,13293000,1.6,0.0135,19530000,19530000,None,0.058,0.22,76319000,122175000,2.48,2024-06-30,10.08,59727000,2217071000.0,434388000,76319000,20001000,4078000,4078000,None,83621000,None,19460000,None,None,35908000,None,None,101345000,None,None,None,0.414,112366000,358069000,76319000,3897809000,5920822000,None,None,None,None,None,None,None,1.73,1.263,4.073,None,None,None,None,None,-1317000,None,0.274,None,236038000,2025-10-28,quarterly,2.7,USD,post-market,None,342675000,0.0102,0.111,0.696,33.36,190197000,1434504000,1396033000,3427429000,108.85,112.05,8.871,8247789000,599580000,7316855000,7414326000,7648209000,97471000,523784000,833463000,13.26,-241394000,125.25,81.12
2025-12-28,UMBF,8.97,2217071000.0,13.26,None,0.787,94.14,2376000,None,599580000,599580000,1200313000,158393000,None,None,None,None,None,None,27528000,43259000,None,89396000,89396000,5920822000,None,None,None,None,None,45856000,13817000,1.6,0.0135,19012000,19012000,None,0.058,0.22,76319000,122175000,2.48,2024-03-31,10.08,59727000,2217071000.0,434388000,76319000,20001000,4078000,4078000,None,83621000,None,19460000,None,None,35908000,None,None,110258000,None,None,None,0.414,56144000,358069000,76319000,3897809000,5920822000,None,None,None,None,None,None,None,1.73,1.263,4.073,None,None,None,None,None,-7537000,None,0.274,None,236038000,2025-10-28,quarterly,2.7,USD,post-market,None,342675000,0.0102,0.111,0.696,33.36,190197000,1434504000,1396033000,3427429000,108.85,112.05,8.871,8247789000,599580000,7316855000,7414326000,7648209000,97471000,523784000,833463000,13.26,-241394000,125.25,81.12
2025-12-28,UMBF,8.97,2217071000.0,13.26,None,0.787,94.14,3778000,None,599580000,599580000,2205139000,-689089000,None,None,None,None,None,None,27528000,43259000,None,89396000,89396000,5920822000,None,None,None,None,None,45856000,14147000,1.6,0.0135,18933000,18933000,None,0.058,0.22,76319000,122175000,2.48,2023-12-31,10.08,59727000,2217071000.0,434388000,76319000,20001000,4078000,4078000,None,83621000,None,19460000,None,None,35908000,None,None,70923000,None,None,None,0.414,84979000,358069000,76319000,3897809000,5920822000,None,None,None,None,None,None,None,1.73,1.263,4.073,None,None,None,None,None,-271000,None,0.274,None,236038000,2025-10-28,quarterly,2.7,USD,post-market,None,342675000,0.0102,0.111,0.696,33.36,190197000,1434504000,1396033000,3427429000,108.85,112.05,8.871,8247789000,599580000,7316855000,7414326000,7648209000,97471000,523784000,833463000,13.26,-241394000,125.25,81.12
2025-12-28,UMBF,8.97,2217071000.0,13.26,None,0.787,94.14,6041000,None,599580000,599580000,99945000,-144549000,None,None,None,None,None,None,27528000,43259000,None,89396000,89396000,5920822000,None,None,None,None,None,45856000,14513000,1.6,0.0135,18441000,18441000,None,0.058,0.22,76319000,122175000,2.48,2023-09-30,10.08,59727000,2217071000.0,434388000,76319000,20001000,4078000,4078000,None,83621000,None,19460000,None,None,35908000,None,None,96554000,None,None,None,0.414,232217000,358069000,76319000,3897809000,5920822000,None,None,None,None,None,None,None,1.73,1.263,4.073,None,None,None,None,None,-194000,None,0.274,None,236038000,2025-10-28,quarterly,2.7,USD,post-market,None,342675000,0.0102,0.111,0.696,33.36,190197000,1434504000,1396033000,3427429000,108.85,112.05,8.871,8247789000,599580000,7316855000,7414326000,7648209000,97471000,523784000,833463000,13.26,-241394000,125.25,81.12
2025-12-28,UMBF,8.97,2217071000.0,13.26,None,0.787,94.14,7663000,None,599580000,599580000,460458000,-397858000,216312000,None,None,None,None,-8801000,27528000,43259000,None,89396000,89396000,5920822000,None,None,None,None,None,45856000,14675000,1.6,0.0135,18439000,18439000,None,0.058,0.22,76319000,122175000,2.48,2023-06-30,10.08,59727000,2217071000.0,434388000,76319000,20001000,4078000,4078000,None,83621000,None,19460000,None,None,35908000,None,None,90110000,None,None,None,0.414,153712000,358069000,76319000,3897809000,5920822000,None,None,None,None,None,None,None,1.73,1.263,4.073,None,None,None,None,None,-565000,None,0.274,None,236038000,2025-10-28,quarterly,2.7,USD,post-market,None,342675000,0.0102,0.111,0.696,33.36,190197000,1434504000,1396033000,3427429000,108.85,112.05,8.871,8247789000,599580000,7316855000,7414326000,7648209000,97471000,523784000,833463000,13.26,-241394000,125.25,81.12
2025-12-28,UMBF,8.97,2217071000.0,13.26,None,0.787,94.14,9428000,None,599580000,599580000,2005510000,-41776000,1965430000,None,None,None,None,7645000,27528000,43259000,None,89396000,89396000,5920822000,None,None,None,None,None,45856000,15388000,1.6,0.0135,18432000,18432000,None,0.058,0.22,76319000,122175000,2.48,2023-03-31,10.08,59727000,2217071000.0,434388000,76319000,20001000,4078000,4078000,None,83621000,None,19460000,None,None,35908000,None,None,92437000,None,None,None,0.414,1696000,358069000,76319000,3897809000,5920822000,None,None,None,None,None,None,None,1.73,1.263,4.073,None,None,None,None,None,-7902000,None,0.274,None,236038000,2025-10-28,quarterly,2.7,USD,post-market,None,342675000,0.0102,0.111,0.696,33.36,190197000,1434504000,1396033000,3427429000,108.85,112.05,8.871,8247789000,599580000,7316855000,7414326000,7648209000,97471000,523784000,833463000,13.26,-241394000,125.25,81.12
2025-12-28,UMBF,8.97,2217071000.0,13.26,None,0.787,94.14,17370000,None,599580000,599580000,339869000,-936958000,-452644000,None,None,None,None,-35466000,27528000,43259000,None,89396000,89396000,5920822000,None,None,None,None,None,45856000,14271000,1.6,0.0135,18364000,18364000,None,0.058,0.22,76319000,122175000,2.48,2022-12-31,10.08,59727000,2217071000.0,434388000,76319000,20001000,4078000,4078000,None,83621000,None,19460000,None,None,35908000,None,None,100173000,None,None,None,0.414,144445000,358069000,76319000,3897809000,5920822000,None,None,None,None,None,None,None,1.73,1.263,4.073,None,None,None,None,None,-191000,None,0.274,None,236038000,2025-10-28,quarterly,2.7,USD,post-market,None,342675000,0.0102,0.111,0.696,33.36,190197000,1434504000,1396033000,3427429000,108.85,112.05,8.871,8247789000,599580000,7316855000,7414326000,7648209000,97471000,523784000,833463000,13.26,-241394000,125.25,81.12
2025-12-28,UMBF,8.97,2217071000.0,13.26,None,0.787,94.14,17457000,None,599580000,599580000,63648000,-388917000,-105969000,None,None,None,None,-8885000,27528000,43259000,None,89396000,89396000,5920822000,None,None,None,None,None,45856000,13557000,1.6,0.0135,17876000,17876000,None,0.058,0.22,76319000,122175000,2.48,2022-09-30,10.08,59727000,2217071000.0,434388000,76319000,20001000,4078000,4078000,None,83621000,None,19460000,None,None,35908000,None,None,87990000,None,None,None,0.414,219300000,358069000,76319000,3897809000,5920822000,None,None,None,None,None,None,None,1.73,1.263,4.073,None,None,None,None,None,238840000,None,0.274,None,236038000,2025-10-28,quarterly,2.7,USD,post-market,None,342675000,0.0102,0.111,0.696,33.36,190197000,1434504000,1396033000,3427429000,108.85,112.05,8.871,8247789000,599580000,7316855000,7414326000,7648209000,97471000,523784000,833463000,13.26,-241394000,125.25,81.12
2025-12-28,UMBF,8.97,2217071000.0,13.26,None,0.787,94.14,8246000,None,599580000,599580000,-3074853000,-1705075000,-4570171000,None,None,None,None,-17731000,27528000,43259000,None,89396000,89396000,5920822000,None,None,None,None,None,45856000,13042000,1.6,0.0135,17873000,17873000,None,0.058,0.22,76319000,122175000,2.48,2022-06-30,10.08,59727000,2217071000.0,434388000,76319000,20001000,4078000,4078000,None,83621000,None,19460000,None,None,35908000,None,None,137556000,None,None,None,0.414,209757000,358069000,76319000,3897809000,5920822000,None,None,None,None,None,None,None,1.73,1.263,4.073,None,None,None,None,None,-9319000,None,0.274,None,236038000,2025-10-28,quarterly,2.7,USD,post-market,None,342675000,0.0102,0.111,0.696,33.36,190197000,1434504000,1396033000,3427429000,108.85,112.05,8.871,8247789000,599580000,7316855000,7414326000,7648209000,97471000,523784000,833463000,13.26,-241394000,125.25,81.12
2025-12-28,UMBF,8.97,2217071000.0,13.26,None,0.787,94.14,8643000,None,599580000,599580000,-1909523000,-814435000,-2527906000,None,None,None,None,3860000,27528000,43259000,None,89396000,89396000,5920822000,None,None,None,None,None,45856000,13152000,1.6,0.0135,17917000,17917000,None,0.058,0.22,76319000,122175000,2.48,2022-03-31,10.08,59727000,2217071000.0,434388000,76319000,20001000,4078000,4078000,None,83621000,None,19460000,None,None,35908000,None,None,105963000,None,None,None,0.414,196052000,358069000,76319000,3897809000,5920822000,None,None,None,None,None,None,None,1.73,1.263,4.073,None,None,None,None,None,-22487000,None,0.274,None,236038000,2025-10-28,quarterly,2.7,USD,post-market,None,342675000,0.0102,0.111,0.696,33.36,190197000,1434504000,1396033000,3427429000,108.85,112.05,8.871,8247789000,599580000,7316855000,7414326000,7648209000,97471000,523784000,833463000,13.26,-241394000,125.25,81.12
2025-12-28,UMBF,8.97,2217071000.0,13.26,None,0.787,94.14,12984000,None,599580000,599580000,5087313000,-2172588000,3086445000,None,None,None,None,-8304000,27528000,43259000,None,89396000,89396000,5920822000,None,None,None,None,None,45856000,14011000,1.6,0.0135,17934000,17934000,None,0.058,0.22,76319000,122175000,2.48,2021-12-31,10.08,59727000,2217071000.0,434388000,76319000,20001000,4078000,4078000,None,83621000,None,19460000,None,None,35908000,None,None,78496000,None,None,None,0.414,171720000,358069000,76319000,3897809000,5920822000,None,None,None,None,None,None,None,1.73,1.263,4.073,None,None,None,None,None,-1237000,None,0.274,None,236038000,2025-10-28,quarterly,2.7,USD,post-market,None,342675000,0.0102,0.111,0.696,33.36,190197000,1434504000,1396033000,3427429000,108.85,112.05,8.871,8247789000,599580000,7316855000,7414326000,7648209000,97471000,523784000,833463000,13.26,-241394000,125.25,81.12
2025-12-28,UMBF,8.97,2217071000.0,13.26,None,0.787,94.14,5312000,None,599580000,599580000,886579000,-395171000,676513000,None,None,None,None,8390000,27528000,43259000,None,89396000,89396000,5920822000,None,None,None,None,None,45856000,14022000,1.6,0.0135,17881000,17881000,None,0.058,0.22,76319000,122175000,2.48,2021-09-30,10.08,59727000,2217071000.0,434388000,76319000,20001000,4078000,4078000,None,83621000,None,19460000,None,None,35908000,None,None,94467000,None,None,None,0.414,185105000,358069000,76319000,3897809000,5920822000,None,None,None,None,None,None,None,1.73,1.263,4.073,None,None,None,None,None,-181000,None,0.274,None,236038000,2025-10-28,quarterly,2.7,USD,post-market,None,342675000,0.0102,0.111,0.696,33.36,190197000,1434504000,1396033000,3427429000,108.85,112.05,8.871,8247789000,599580000,7316855000,7414326000,7648209000,97471000,523784000,833463000,13.26,-241394000,125.25,81.12
2025-12-28,UMBF,8.97,2217071000.0,13.26,None,0.787,94.14,9433000,None,599580000,599580000,1777898000,-581141000,1258074000,None,None,None,None,345000,27528000,43259000,None,89396000,89396000,5920822000,None,None,None,None,None,45856000,13672000,1.6,0.0135,15479000,15479000,None,0.058,0.22,76319000,122175000,2.48,2021-06-30,10.08,59727000,2217071000.0,434388000,76319000,20001000,4078000,4078000,None,83621000,None,19460000,None,None,35908000,None,None,87412000,None,None,None,0.414,61317000,358069000,76319000,3897809000,5920822000,None,None,None,None,None,None,None,1.73,1.263,4.073,None,None,None,None,None,-61000,None,0.274,None,236038000,2025-10-28,quarterly,2.7,USD,post-market,None,342675000,0.0102,0.111,0.696,33.36,190197000,1434504000,1396033000,3427429000,108.85,112.05,8.871,8247789000,599580000,7316855000,7414326000,7648209000,97471000,523784000,833463000,13.26,-241394000,125.25,81.12
2025-12-28,UMBF,8.97,2217071000.0,13.26,None,0.787,94.14,5958000,None,599580000,599580000,1666616000,-1086590000,695966000,None,None,None,None,4156000,27528000,43259000,None,89396000,89396000,5920822000,None,None,None,None,None,45856000,14042000,1.6,0.0135,15456000,15456000,None,0.058,0.22,76319000,122175000,2.48,2021-03-31,10.08,59727000,2217071000.0,434388000,76319000,20001000,4078000,4078000,None,83621000,None,19460000,None,None,35908000,None,None,92643000,None,None,None,0.414,115940000,358069000,76319000,3897809000,5920822000,None,None,None,None,None,None,None,1.73,1.263,4.073,None,None,None,None,None,-4027000,None,0.274,None,236038000,2025-10-28,quarterly,2.7,USD,post-market,None,342675000,0.0102,0.111,0.696,33.36,190197000,1434504000,1396033000,3427429000,108.85,112.05,8.871,8247789000,599580000,7316855000,7414326000,7648209000,97471000,523784000,833463000,13.26,-241394000,125.25,81.12
2025-12-28,UMBF,8.97,2217071000.0,13.26,None,0.787,94.14,13453000,None,599580000,599580000,2667555000,-1347192000,1478328000,None,None,None,None,-7318000,27528000,43259000,None,89396000,89396000,5920822000,None,None,None,None,None,45856000,16355000,1.6,0.0135,15356000,15356000,None,0.058,0.22,76319000,122175000,2.48,2020-12-31,10.08,59727000,2217071000.0,434388000,76319000,20001000,4078000,4078000,None,83621000,None,19460000,None,None,35908000,None,None,156320000,None,None,None,0.414,158443000,358069000,76319000,3897809000,5920822000,None,None,None,None,None,None,None,1.73,1.263,4.073,None,None,None,None,None,-4201000,None,0.274,None,236038000,2025-10-28,quarterly,2.7,USD,post-market,None,342675000,0.0102,0.111,0.696,33.36,190197000,1434504000,1396033000,3427429000,108.85,112.05,8.871,8247789000,599580000,7316855000,7414326000,7648209000,97471000,523784000,833463000,13.26,-241394000,125.25,81.12
2025-12-28,UMBF,8.97,2217071000.0,13.26,None,0.787,94.14,11402000,None,599580000,599580000,426704000,-669576000,-129360000,None,None,None,None,-5612000,27528000,43259000,None,89396000,89396000,5920822000,None,None,None,None,None,45856000,15394000,1.6,0.0135,14885000,14885000,None,0.058,0.22,76319000,122175000,2.48,2020-09-30,10.08,59727000,2217071000.0,434388000,76319000,20001000,4078000,4078000,None,83621000,None,19460000,None,None,35908000,None,None,73092000,None,None,None,0.414,113512000,358069000,76319000,3897809000,5920822000,None,None,None,None,None,None,None,1.73,1.263,4.073,None,None,None,None,None,-106000,None,0.274,None,236038000,2025-10-28,quarterly,2.7,USD,post-market,None,342675000,0.0102,0.111,0.696,33.36,190197000,1434504000,1396033000,3427429000,108.85,112.05,8.871,8247789000,599580000,7316855000,7414326000,7648209000,97471000,523784000,833463000,13.26,-241394000,125.25,81.12
2025-12-28,UMBF,8.97,2217071000.0,13.26,None,0.787,94.14,17709000,None,599580000,599580000,3342023000,-2705030000,729344000,None,None,None,None,-15083000,27528000,43259000,None,89396000,89396000,5920822000,None,None,None,None,None,45856000,15463000,1.6,0.0135,14890000,14890000,None,0.058,0.22,76319000,122175000,2.48,2020-06-30,10.08,59727000,2217071000.0,434388000,76319000,20001000,4078000,4078000,None,83621000,None,19460000,None,None,35908000,None,None,60529000,None,None,None,0.414,92327000,358069000,76319000,3897809000,5920822000,None,None,None,None,None,None,None,1.73,1.263,4.073,None,None,None,None,None,-73000,None,0.274,None,236038000,2025-10-28,quarterly,2.7,USD,post-market,None,342675000,0.0102,0.111,0.696,33.36,190197000,1434504000,1396033000,3427429000,108.85,112.05,8.871,8247789000,599580000,7316855000,7414326000,7648209000,97471000,523784000,833463000,13.26,-241394000,125.25,81.12
2025-12-28,UMBF,8.97,2217071000.0,13.26,None,0.787,94.14,17652000,None,599580000,599580000,-490397000,231189000,-249916000,None,None,None,None,12629000,27528000,43259000,None,89396000,89396000,5920822000,None,None,None,None,None,45856000,15591000,1.6,0.0135,15150000,15150000,None,0.058,0.22,76319000,122175000,2.48,2020-03-31,10.08,59727000,2217071000.0,434388000,76319000,20001000,4078000,4078000,None,83621000,None,19460000,None,None,35908000,None,None,-3439000,None,None,None,0.414,9292000,358069000,76319000,3897809000,5920822000,None,None,None,None,None,None,None,1.73,1.263,4.073,None,None,None,None,None,-59386000,None,0.274,None,236038000,2025-10-28,quarterly,2.7,USD,post-market,None,342675000,0.0102,0.111,0.696,33.36,190197000,1434504000,1396033000,3427429000,108.85,112.05,8.871,8247789000,599580000,7316855000,7414326000,7648209000,97471000,523784000,833463000,13.26,-241394000,125.25,81.12
2025-12-28,UMBF,8.97,2217071000.0,13.26,None,0.787,94.14,24584000,None,599580000,599580000,2395307000,-1670010000,876212000,None,None,None,None,-5484000,27528000,43259000,None,89396000,89396000,5920822000,None,None,None,None,None,45856000,14870000,1.6,0.0135,15217000,15217000,None,0.058,0.22,76319000,122175000,2.48,2019-12-31,10.08,59727000,2217071000.0,434388000,76319000,20001000,4078000,4078000,None,83621000,None,19460000,None,None,35908000,None,None,66515000,None,None,None,0.414,150915000,358069000,76319000,3897809000,5920822000,None,None,None,None,None,None,None,1.73,1.263,4.073,None,None,None,None,None,-161000,None,0.274,None,236038000,2025-10-28,quarterly,2.7,USD,post-market,None,342675000,0.0102,0.111,0.696,33.36,190197000,1434504000,1396033000,3427429000,108.85,112.05,8.871,8247789000,599580000,7316855000,7414326000,7648209000,97471000,523784000,833463000,13.26,-241394000,125.25,81.12
2025-12-28,UMBF,8.97,2217071000.0,13.26,None,0.787,94.14,24902000,None,599580000,599580000,-22355000,-516852000,-482662000,None,None,None,None,5372000,27528000,43259000,None,89396000,89396000,5920822000,None,None,None,None,None,45856000,14072000,1.6,0.0135,14722000,14722000,None,0.058,0.22,76319000,122175000,2.48,2019-09-30,10.08,59727000,2217071000.0,434388000,76319000,20001000,4078000,4078000,None,83621000,None,19460000,None,None,35908000,None,None,62382000,None,None,None,0.414,56545000,358069000,76319000,3897809000,5920822000,None,None,None,None,None,None,None,1.73,1.263,4.073,None,None,None,None,None,-221000,None,0.274,None,236038000,2025-10-28,quarterly,2.7,USD,post-market,None,342675000,0.0102,0.111,0.696,33.36,190197000,1434504000,1396033000,3427429000,108.85,112.05,8.871,8247789000,599580000,7316855000,7414326000,7648209000,97471000,523784000,833463000,13.26,-241394000,125.25,81.12
2025-12-28,UMBF,8.97,2217071000.0,13.26,None,0.787,94.14,12761000,None,599580000,599580000,237220000,-539518000,-214538000,None,None,None,None,-7389000,27528000,43259000,None,89396000,89396000,5920822000,None,None,None,None,None,45856000,13702000,1.6,0.0135,14720000,14720000,None,0.058,0.22,76319000,122175000,2.48,2019-06-30,10.08,59727000,2217071000.0,434388000,76319000,20001000,4078000,4078000,None,83621000,None,19460000,None,None,35908000,None,None,56959000,None,None,None,0.414,87760000,358069000,76319000,3897809000,5920822000,None,None,None,None,None,None,None,1.73,1.263,4.073,None,None,None,None,None,-28000,None,0.274,None,236038000,2025-10-28,quarterly,2.7,USD,post-market,None,342675000,0.0102,0.111,0.696,33.36,190197000,1434504000,1396033000,3427429000,108.85,112.05,8.871,8247789000,599580000,7316855000,7414326000,7648209000,97471000,523784000,833463000,13.26,-241394000,125.25,81.12
2025-12-28,UMBF,8.97,2217071000.0,13.26,None,0.787,94.14,10066000,None,599580000,599580000,40363000,-270531000,-183963000,None,None,None,None,-6839000,27528000,43259000,None,89396000,89396000,5920822000,None,None,None,None,None,45856000,13614000,1.6,0.0135,14777000,14777000,None,0.058,0.22,76319000,122175000,2.48,2019-03-31,10.08,59727000,2217071000.0,434388000,76319000,20001000,4078000,4078000,None,83621000,None,19460000,None,None,35908000,None,None,57744000,None,None,None,0.414,46205000,358069000,76319000,3897809000,5920822000,None,None,None,None,None,None,None,1.73,1.263,4.073,None,None,None,None,None,-4086000,None,0.274,None,236038000,2025-10-28,quarterly,2.7,USD,post-market,None,342675000,0.0102,0.111,0.696,33.36,190197000,1434504000,1396033000,3427429000,108.85,112.05,8.871,8247789000,599580000,7316855000,7414326000,7648209000,97471000,523784000,833463000,13.26,-241394000,125.25,81.12
2025-12-28,UMBF,8.97,2217071000.0,13.26,None,0.787,94.14,21209000,None,599580000,599580000,1826690000,-1210273000,689428000,None,None,None,None,-6156000,27528000,43259000,None,89396000,89396000,5920822000,None,None,None,None,None,45856000,13335000,1.6,0.0135,14750000,14750000,None,0.058,0.22,76319000,122175000,2.48,2018-12-31,10.08,59727000,2217071000.0,434388000,76319000,20001000,4078000,4078000,None,83621000,None,19460000,None,None,35908000,None,None,25454000,None,None,None,0.414,73011000,358069000,76319000,3897809000,5920822000,None,None,None,None,None,None,None,1.73,1.263,4.073,None,None,None,None,None,-50090000,None,0.274,None,236038000,2025-10-28,quarterly,2.7,USD,post-market,None,342675000,0.0102,0.111,0.696,33.36,190197000,1434504000,1396033000,3427429000,108.85,112.05,8.871,8247789000,599580000,7316855000,7414326000,7648209000,97471000,523784000,833463000,13.26,-241394000,125.25,81.12
2025-12-28,UMBF,8.97,2217071000.0,13.26,None,0.787,94.14,14579000,None,599580000,599580000,844245000,-457246000,512270000,None,204000,None,None,-3879000,27528000,43259000,None,89396000,89396000,5920822000,None,None,None,None,None,45856000,13237000,1.6,0.0135,14467000,14467000,None,0.058,0.22,76319000,122175000,2.48,2018-09-30,10.08,59727000,2217071000.0,434388000,76319000,20001000,4078000,4078000,None,83621000,None,19460000,None,None,35908000,None,None,57849000,None,None,None,0.414,125271000,358069000,76319000,3897809000,5920822000,None,None,None,None,None,None,None,1.73,1.263,4.073,None,None,None,None,None,-20206000,None,0.274,None,236038000,2025-10-28,quarterly,2.7,USD,post-market,None,342675000,0.0102,0.111,0.696,33.36,190197000,1434504000,1396033000,3427429000,108.85,112.05,8.871,8247789000,599580000,7316855000,7414326000,7648209000,97471000,523784000,833463000,13.26,-241394000,125.25,81.12
2025-12-28,UMBF,8.97,2217071000.0,13.26,None,0.787,94.14,13513000,None,599580000,599580000,-533208000,-3019000,-457031000,None,0,None,None,-2501000,27528000,43259000,None,89396000,89396000,5920822000,None,None,None,None,None,45856000,13173000,1.6,0.0135,14531000,14531000,None,0.058,0.22,76319000,122175000,2.48,2018-06-30,10.08,59727000,2217071000.0,434388000,76319000,20001000,4078000,4078000,None,83621000,None,19460000,None,None,35908000,None,None,55424000,None,None,None,0.414,79196000,358069000,76319000,3897809000,5920822000,None,None,None,None,None,None,None,1.73,1.263,4.073,None,None,None,None,None,-260000,None,0.274,None,236038000,2025-10-28,quarterly,2.7,USD,post-market,None,342675000,0.0102,0.111,0.696,33.36,190197000,1434504000,1396033000,3427429000,108.85,112.05,8.871,8247789000,599580000,7316855000,7414326000,7648209000,97471000,523784000,833463000,13.26,-241394000,125.25,81.12
2025-12-28,UMBF,8.97,2217071000.0,13.26,None,0.787,94.14,8639000,None,599580000,599580000,-726672000,-79755000,-786808000,None,0,None,None,1231000,27528000,43259000,None,89396000,89396000,5920822000,None,None,None,None,None,45856000,13371000,1.6,0.0135,14531000,14531000,None,0.058,0.22,76319000,122175000,2.48,2018-03-31,10.08,59727000,2217071000.0,434388000,76319000,20001000,4078000,4078000,None,83621000,None,19460000,None,None,35908000,None,None,56786000,None,None,None,0.414,19619000,358069000,76319000,3897809000,5920822000,None,None,None,None,None,None,None,1.73,1.263,4.073,None,None,None,None,None,-5951000,None,0.274,None,236038000,2025-10-28,quarterly,2.7,USD,post-market,None,342675000,0.0102,0.111,0.696,33.36,190197000,1434504000,1396033000,3427429000,108.85,112.05,8.871,8247789000,599580000,7316855000,7414326000,7648209000,97471000,523784000,833463000,13.26,-241394000,125.25,81.12
2025-12-28,UMBF,8.97,2217071000.0,13.26,None,0.787,94.14,11699000,None,599580000,599580000,1417859000,-332049000,1168046000,None,5380000,None,None,-5170000,27528000,43259000,None,89396000,89396000,5920822000,None,None,None,None,None,45856000,13337000,1.6,0.0135,13705000,13705000,None,0.058,0.22,76319000,122175000,2.48,2017-12-31,10.08,59727000,2217071000.0,434388000,76319000,20001000,4078000,4078000,None,83621000,None,19460000,None,None,35908000,None,None,111961000,None,None,None,0.414,82236000,358069000,76319000,3897809000,5920822000,None,None,None,None,None,None,None,1.73,1.263,4.073,None,None,None,None,None,-907000,None,0.274,None,236038000,2025-10-28,quarterly,2.7,USD,post-market,None,342675000,0.0102,0.111,0.696,33.36,190197000,1434504000,1396033000,3427429000,108.85,112.05,8.871,8247789000,599580000,7316855000,7414326000,7648209000,97471000,523784000,833463000,13.26,-241394000,125.25,81.12
2025-12-28,UMBF,8.97,2217071000.0,13.26,None,0.787,94.14,13425000,None,599580000,599580000,-148869000,-89508000,-113334000,None,1942000,None,None,-3954000,27528000,43259000,None,89396000,89396000,5920822000,None,None,None,None,None,45856000,13003000,1.6,0.0135,12715000,12715000,None,0.058,0.22,76319000,122175000,2.48,2017-09-30,10.08,59727000,2217071000.0,434388000,76319000,20001000,4078000,4078000,None,83621000,None,19460000,None,None,35908000,None,None,48142000,None,None,None,0.414,125043000,358069000,76319000,3897809000,5920822000,None,None,None,None,None,None,None,1.73,1.263,4.073,None,None,None,None,None,-10090000,None,0.274,None,236038000,2025-10-28,quarterly,2.7,USD,post-market,None,342675000,0.0102,0.111,0.696,33.36,190197000,1434504000,1396033000,3427429000,108.85,112.05,8.871,8247789000,599580000,7316855000,7414326000,7648209000,97471000,523784000,833463000,13.26,-241394000,125.25,81.12
2025-12-28,UMBF,8.97,2217071000.0,13.26,None,0.787,94.14,6338000,None,599580000,599580000,-309071000,171412000,-35080000,None,2581000,None,None,-2087000,27528000,43259000,None,89396000,89396000,5920822000,None,None,None,None,None,45856000,14160000,1.6,0.0135,12746000,12746000,None,0.058,0.22,76319000,122175000,2.48,2017-06-30,10.08,59727000,2217071000.0,434388000,76319000,20001000,4078000,4078000,None,83621000,None,19460000,None,None,35908000,None,None,42821000,None,None,None,0.414,102579000,358069000,76319000,3897809000,5920822000,None,None,None,None,None,None,None,1.73,1.263,4.073,None,None,None,None,None,-251000,None,0.274,None,236038000,2025-10-28,quarterly,2.7,USD,post-market,None,342675000,0.0102,0.111,0.696,33.36,190197000,1434504000,1396033000,3427429000,108.85,112.05,8.871,8247789000,599580000,7316855000,7414326000,7648209000,97471000,523784000,833463000,13.26,-241394000,125.25,81.12
2025-12-28,UMBF,8.97,2217071000.0,13.26,None,0.787,94.14,4985000,None,599580000,599580000,-155572000,-228433000,-367337000,None,3644000,None,None,2010000,27528000,43259000,None,89396000,89396000,5920822000,None,None,None,None,None,45856000,14375000,1.6,0.0135,12710000,12710000,None,0.058,0.22,76319000,122175000,2.48,2017-03-31,10.08,59727000,2217071000.0,434388000,76319000,20001000,4078000,4078000,None,83621000,None,19460000,None,None,35908000,None,None,44181000,None,None,None,0.414,16668000,358069000,76319000,3897809000,5920822000,None,None,None,None,None,None,None,1.73,1.263,4.073,None,None,None,None,None,-4028000,None,0.274,None,236038000,2025-10-28,quarterly,2.7,USD,post-market,None,342675000,0.0102,0.111,0.696,33.36,190197000,1434504000,1396033000,3427429000,108.85,112.05,8.871,8247789000,599580000,7316855000,7414326000,7648209000,97471000,523784000,833463000,13.26,-241394000,125.25,81.12
2025-12-28,UMBF,8.97,2217071000.0,13.26,None,0.787,94.14,11891000,None,599580000,599580000,1021091000,-794391000,353373000,None,0,None,None,-6029000,27528000,43259000,None,89396000,89396000,5920822000,None,None,None,None,None,45856000,13642000,1.6,0.0135,12653000,12653000,None,0.058,0.22,76319000,122175000,2.48,2016-12-31,10.08,59727000,2217071000.0,434388000,76319000,20001000,4078000,4078000,None,83621000,None,19460000,None,None,35908000,None,None,42934000,None,None,None,0.414,126673000,358069000,76319000,3897809000,5920822000,None,None,None,None,None,None,None,1.73,1.263,4.073,None,None,None,None,None,-2178000,None,0.274,None,236038000,2025-10-28,quarterly,2.7,USD,post-market,None,342675000,0.0102,0.111,0.696,33.36,190197000,1434504000,1396033000,3427429000,108.85,112.05,8.871,8247789000,599580000,7316855000,7414326000,7648209000,97471000,523784000,833463000,13.26,-241394000,125.25,81.12
2025-12-28,UMBF,8.97,2217071000.0,13.26,None,0.787,94.14,21424000,None,599580000,599580000,-63737000,61199000,84745000,None,0,None,None,-366000,27528000,43259000,None,89396000,89396000,5920822000,None,None,None,None,None,45856000,13544000,1.6,0.0135,12140000,12140000,None,0.058,0.22,76319000,122175000,2.48,2016-09-30,10.08,59727000,2217071000.0,434388000,76319000,20001000,4078000,4078000,None,83621000,None,19460000,None,None,35908000,None,None,41946000,None,None,None,0.414,87283000,358069000,76319000,3897809000,5920822000,None,None,None,None,None,None,None,1.73,1.263,4.073,None,None,None,None,None,-608000,None,0.274,None,236038000,2025-10-28,quarterly,2.7,USD,post-market,None,342675000,0.0102,0.111,0.696,33.36,190197000,1434504000,1396033000,3427429000,108.85,112.05,8.871,8247789000,599580000,7316855000,7414326000,7648209000,97471000,523784000,833463000,13.26,-241394000,125.25,81.12
2025-12-28,UMBF,8.97,2217071000.0,13.26,None,0.787,94.14,9027000,None,599580000,599580000,328832000,-356873000,26731000,None,0,None,None,-2648000,27528000,43259000,None,89396000,89396000,5920822000,None,None,None,None,None,45856000,13700000,1.6,0.0135,12163000,12163000,None,0.058,0.22,76319000,122175000,2.48,2016-06-30,10.08,59727000,2217071000.0,434388000,76319000,20001000,4078000,4078000,None,83621000,None,19460000,None,None,35908000,None,None,37297000,None,None,None,0.414,54486000,358069000,76319000,3897809000,5920822000,None,None,None,None,None,None,None,1.73,1.263,4.073,None,None,None,None,None,-701000,None,0.274,None,236038000,2025-10-28,quarterly,2.7,USD,post-market,None,342675000,0.0102,0.111,0.696,33.36,190197000,1434504000,1396033000,3427429000,108.85,112.05,8.871,8247789000,599580000,7316855000,7414326000,7648209000,97471000,523784000,833463000,13.26,-241394000,125.25,81.12
2025-12-28,UMBF,8.97,2217071000.0,13.26,None,0.787,94.14,8499000,None,599580000,599580000,164672000,-412378000,-219994000,None,0,None,None,125000,27528000,43259000,None,89396000,89396000,5920822000,None,None,None,None,None,45856000,13705000,1.6,0.0135,12082000,12082000,None,0.058,0.22,76319000,122175000,2.48,2016-03-31,10.08,59727000,2217071000.0,434388000,76319000,20001000,4078000,4078000,None,83621000,None,19460000,None,None,35908000,None,None,36245000,None,None,None,0.414,27746000,358069000,76319000,3897809000,5920822000,None,None,None,None,None,None,None,1.73,1.263,4.073,None,None,None,None,None,-12880000,None,0.274,None,236038000,2025-10-28,quarterly,2.7,USD,post-market,None,342675000,0.0102,0.111,0.696,33.36,190197000,1434504000,1396033000,3427429000,108.85,112.05,8.871,8247789000,599580000,7316855000,7414326000,7648209000,97471000,523784000,833463000,13.26,-241394000,125.25,81.12
2025-12-28,UMBF,8.97,2217071000.0,13.26,None,0.787,94.14,11660000,None,599580000,599580000,508008000,-757934000,-211688000,None,1366000,None,None,-2264000,27528000,43259000,None,89396000,89396000,5920822000,None,None,None,None,None,45856000,14253000,1.6,0.0135,11863000,11863000,None,0.058,0.22,76319000,122175000,2.48,2015-12-31,10.08,59727000,2217071000.0,434388000,76319000,20001000,4078000,4078000,None,83621000,None,19460000,None,None,35908000,None,None,29643000,None,None,None,0.414,38238000,358069000,76319000,3897809000,5920822000,None,None,None,None,None,None,None,1.73,1.263,4.073,None,None,None,None,None,-2284000,None,0.274,None,236038000,2025-10-28,quarterly,2.7,USD,post-market,None,342675000,0.0102,0.111,0.696,33.36,190197000,1434504000,1396033000,3427429000,108.85,112.05,8.871,8247789000,599580000,7316855000,7414326000,7648209000,97471000,523784000,833463000,13.26,-241394000,125.25,81.12
2025-12-28,UMBF,8.97,2217071000.0,13.26,None,0.787,94.14,12621000,None,599580000,599580000,122276000,-171052000,18944000,None,742000,None,None,-2884000,27528000,43259000,None,89396000,89396000,5920822000,None,None,None,None,None,45856000,14471000,1.6,0.0135,11809000,11809000,None,0.058,0.22,76319000,122175000,2.48,2015-09-30,10.08,59727000,2217071000.0,434388000,76319000,20001000,4078000,4078000,None,83621000,None,19460000,None,None,35908000,None,None,22451000,None,None,None,0.414,67720000,358069000,76319000,3897809000,5920822000,None,None,None,None,None,None,None,1.73,1.263,4.073,None,None,None,None,None,-794000,None,0.274,None,236038000,2025-10-28,quarterly,2.7,USD,post-market,None,342675000,0.0102,0.111,0.696,33.36,190197000,1434504000,1396033000,3427429000,108.85,112.05,8.871,8247789000,599580000,7316855000,7414326000,7648209000,97471000,523784000,833463000,13.26,-241394000,125.25,81.12
2025-12-28,UMBF,8.97,2217071000.0,13.26,None,0.787,94.14,14625000,None,599580000,599580000,320660000,-427102000,-23016000,None,0,None,None,-1141000,27528000,43259000,None,89396000,89396000,5920822000,None,None,None,None,None,45856000,12235000,1.6,0.0135,11579000,11579000,None,0.058,0.22,76319000,122175000,2.48,2015-06-30,10.08,59727000,2217071000.0,434388000,76319000,20001000,4078000,4078000,None,83621000,None,19460000,None,None,35908000,None,None,30214000,None,None,None,0.414,83426000,358069000,76319000,3897809000,5920822000,None,None,None,None,None,None,None,1.73,1.263,4.073,None,None,None,None,None,-70000,None,0.274,None,236038000,2025-10-28,quarterly,2.7,USD,post-market,None,342675000,0.0102,0.111,0.696,33.36,190197000,1434504000,1396033000,3427429000,108.85,112.05,8.871,8247789000,599580000,7316855000,7414326000,7648209000,97471000,523784000,833463000,13.26,-241394000,125.25,81.12
2025-12-28,UMBF,8.97,2217071000.0,13.26,None,0.787,94.14,14854000,None,599580000,599580000,-800518000,25851000,-752358000,None,0,None,None,-786000,27528000,43259000,None,89396000,89396000,5920822000,None,None,None,None,None,45856000,11792000,1.6,0.0135,10716000,10716000,None,0.058,0.22,76319000,122175000,2.48,2015-03-31,10.08,59727000,2217071000.0,434388000,76319000,20001000,4078000,4078000,None,83621000,None,19460000,None,None,35908000,None,None,33765000,None,None,None,0.414,22309000,358069000,76319000,3897809000,5920822000,None,None,None,None,None,None,None,1.73,1.263,4.073,None,None,None,None,None,-5309000,None,0.274,None,236038000,2025-10-28,quarterly,2.7,USD,post-market,None,342675000,0.0102,0.111,0.696,33.36,190197000,1434504000,1396033000,3427429000,108.85,112.05,8.871,8247789000,599580000,7316855000,7414326000,7648209000,97471000,523784000,833463000,13.26,-241394000,125.25,81.12
2025-12-28,UMBF,8.97,2217071000.0,13.26,None,0.787,94.14,9571000,None,599580000,599580000,1168839000,-663985000,567010000,None,1870000,None,None,-2034000,27528000,43259000,None,89396000,89396000,5920822000,None,None,None,None,None,45856000,11940000,1.6,0.0135,10685000,10685000,None,0.058,0.22,76319000,122175000,2.48,2014-12-31,10.08,59727000,2217071000.0,434388000,76319000,20001000,4078000,4078000,None,83621000,None,19460000,None,None,35908000,None,None,26940000,None,None,None,0.414,62156000,358069000,76319000,3897809000,5920822000,None,None,None,None,None,None,None,1.73,1.263,4.073,None,None,None,None,None,-1883000,None,0.274,None,236038000,2025-10-28,quarterly,2.7,USD,post-market,None,342675000,0.0102,0.111,0.696,33.36,190197000,1434504000,1396033000,3427429000,108.85,112.05,8.871,8247789000,599580000,7316855000,7414326000,7648209000,97471000,523784000,833463000,13.26,-241394000,125.25,81.12
2025-12-28,UMBF,8.97,2217071000.0,13.26,None,0.787,94.14,15958000,None,599580000,599580000,675913000,-330257000,436701000,None,453000,None,None,-3458000,27528000,43259000,None,89396000,89396000,5920822000,None,None,None,None,None,45856000,11761000,1.6,0.0135,10246000,10246000,None,0.058,0.22,76319000,122175000,2.48,2014-09-30,10.08,59727000,2217071000.0,434388000,76319000,20001000,4078000,4078000,None,83621000,None,19460000,None,None,35908000,None,None,35630000,None,None,None,0.414,91045000,358069000,76319000,3897809000,5920822000,None,None,None,None,None,None,None,1.73,1.263,4.073,None,None,None,None,None,-693000,None,0.274,None,236038000,2025-10-28,quarterly,2.7,USD,post-market,None,342675000,0.0102,0.111,0.696,33.36,190197000,1434504000,1396033000,3427429000,108.85,112.05,8.871,8247789000,599580000,7316855000,7414326000,7648209000,97471000,523784000,833463000,13.26,-241394000,125.25,81.12
2025-12-28,UMBF,8.97,2217071000.0,13.26,None,0.787,94.14,12335000,None,599580000,599580000,-453663000,-150243000,-495384000,None,0,None,None,1579000,27528000,43259000,None,89396000,89396000,5920822000,None,None,None,None,None,45856000,11310000,1.6,0.0135,10232000,10232000,None,0.058,0.22,76319000,122175000,2.48,2014-06-30,10.08,59727000,2217071000.0,434388000,76319000,20001000,4078000,4078000,None,83621000,None,19460000,None,None,35908000,None,None,34672000,None,None,None,0.414,108522000,358069000,76319000,3897809000,5920822000,None,None,None,None,None,None,None,1.73,1.263,4.073,None,None,None,None,None,-298000,None,0.274,None,236038000,2025-10-28,quarterly,2.7,USD,post-market,None,342675000,0.0102,0.111,0.696,33.36,190197000,1434504000,1396033000,3427429000,108.85,112.05,8.871,8247789000,599580000,7316855000,7414326000,7648209000,97471000,523784000,833463000,13.26,-241394000,125.25,81.12
2025-12-28,UMBF,8.97,2217071000.0,13.26,None,0.787,94.14,6926000,None,599580000,599580000,-999087000,-286494000,-1303525000,None,438000,None,None,2832000,27528000,43259000,None,89396000,89396000,5920822000,None,None,None,None,None,45856000,11344000,1.6,0.0135,10201000,10201000,None,0.058,0.22,76319000,122175000,2.48,2014-03-31,10.08,59727000,2217071000.0,434388000,76319000,20001000,4078000,4078000,None,83621000,None,19460000,None,None,35908000,None,None,23413000,None,None,None,0.414,-17944000,358069000,76319000,3897809000,5920822000,None,None,None,None,None,None,None,1.73,1.263,4.073,None,None,None,None,None,-2867000,None,0.274,None,236038000,2025-10-28,quarterly,2.7,USD,post-market,None,342675000,0.0102,0.111,0.696,33.36,190197000,1434504000,1396033000,3427429000,108.85,112.05,8.871,8247789000,599580000,7316855000,7414326000,7648209000,97471000,523784000,833463000,13.26,-241394000,125.25,81.12
2025-12-28,UMBF,8.97,2217071000.0,13.26,None,0.787,94.14,11316000,None,599580000,599580000,650338000,-110176000,642246000,None,3407000,None,None,-6186000,27528000,43259000,None,89396000,89396000,5920822000,None,None,None,None,None,45856000,11223000,1.6,0.0135,10166000,10166000,None,0.058,0.22,76319000,122175000,2.48,2013-12-31,10.08,59727000,2217071000.0,434388000,76319000,20001000,4078000,4078000,None,83621000,None,19460000,None,None,35908000,None,None,34663000,None,None,None,0.414,102084000,358069000,76319000,3897809000,5920822000,None,None,None,None,None,None,None,1.73,1.263,4.073,None,None,None,None,None,-950000,None,0.274,None,236038000,2025-10-28,quarterly,2.7,USD,post-market,None,342675000,0.0102,0.111,0.696,33.36,190197000,1434504000,1396033000,3427429000,108.85,112.05,8.871,8247789000,599580000,7316855000,7414326000,7648209000,97471000,523784000,833463000,13.26,-241394000,125.25,81.12
2025-12-28,UMBF,8.97,2217071000.0,13.26,None,0.787,94.14,9608000,None,599580000,599580000,876014000,-6196000,941010000,None,1453000,None,None,-213000,27528000,43259000,None,89396000,89396000,5920822000,None,None,None,None,None,45856000,10994000,1.6,0.0135,8747000,8747000,None,0.058,0.22,76319000,122175000,2.48,2013-09-30,10.08,59727000,2217071000.0,434388000,76319000,20001000,4078000,4078000,None,83621000,None,19460000,None,None,35908000,None,None,34432000,None,None,None,0.414,71192000,358069000,76319000,3897809000,5920822000,None,None,None,None,None,None,None,1.73,1.263,4.073,None,None,None,None,None,-801000,None,0.274,None,236038000,2025-10-28,quarterly,2.7,USD,post-market,None,342675000,0.0102,0.111,0.696,33.36,190197000,1434504000,1396033000,3427429000,108.85,112.05,8.871,8247789000,599580000,7316855000,7414326000,7648209000,97471000,523784000,833463000,13.26,-241394000,125.25,81.12
2025-12-28,UMBF,8.97,2217071000.0,13.26,None,0.787,94.14,9378000,None,599580000,599580000,-347975000,-667244000,-928642000,None,0,None,None,-1307000,27528000,43259000,None,89396000,89396000,5920822000,None,None,None,None,None,45856000,11035000,1.6,0.0135,8729000,8729000,None,0.058,0.22,76319000,122175000,2.48,2013-06-30,10.08,59727000,2217071000.0,434388000,76319000,20001000,4078000,4078000,None,83621000,None,19460000,None,None,35908000,None,None,29929000,None,None,None,0.414,86577000,358069000,76319000,3897809000,5920822000,None,None,None,None,None,None,None,1.73,1.263,4.073,None,None,None,None,None,-94000,None,0.274,None,236038000,2025-10-28,quarterly,2.7,USD,post-market,None,342675000,0.0102,0.111,0.696,33.36,190197000,1434504000,1396033000,3427429000,108.85,112.05,8.871,8247789000,599580000,7316855000,7414326000,7648209000,97471000,523784000,833463000,13.26,-241394000,125.25,81.12
2025-12-28,UMBF,8.97,2217071000.0,13.26,None,0.787,94.14,8011000,None,599580000,599580000,763307000,-237232000,561420000,None,0,None,None,-761000,27528000,43259000,None,89396000,89396000,5920822000,None,None,None,None,None,45856000,10969000,1.6,0.0135,8526000,8526000,None,0.058,0.22,76319000,122175000,2.48,2013-03-31,10.08,59727000,2217071000.0,434388000,76319000,20001000,4078000,4078000,None,83621000,None,19460000,None,None,35908000,None,None,34941000,None,None,None,0.414,35345000,358069000,76319000,3897809000,5920822000,None,None,None,None,None,None,None,1.73,1.263,4.073,None,None,None,None,None,-1656000,None,0.274,None,236038000,2025-10-28,quarterly,2.7,USD,post-market,None,342675000,0.0102,0.111,0.696,33.36,190197000,1434504000,1396033000,3427429000,108.85,112.05,8.871,8247789000,599580000,7316855000,7414326000,7648209000,97471000,523784000,833463000,13.26,-241394000,125.25,81.12
2025-12-28,UMBF,8.97,2217071000.0,13.26,None,0.787,94.14,12522000,None,599580000,599580000,1618070000,-839835000,824920000,None,8348000,None,None,350000,27528000,43259000,None,89396000,89396000,5920822000,None,None,None,None,None,45856000,10271000,1.6,0.0135,8841000,8841000,None,0.058,0.22,76319000,122175000,2.48,2012-12-31,10.08,59727000,2217071000.0,434388000,76319000,20001000,4078000,4078000,None,83621000,None,19460000,None,None,35908000,None,None,21060000,None,None,None,0.414,46685000,358069000,76319000,3897809000,5920822000,None,None,None,None,None,None,None,1.73,1.263,4.073,None,None,None,None,None,-14357000,None,0.274,None,236038000,2025-10-28,quarterly,2.7,USD,post-market,None,342675000,0.0102,0.111,0.696,33.36,190197000,1434504000,1396033000,3427429000,108.85,112.05,8.871,8247789000,599580000,7316855000,7414326000,7648209000,97471000,523784000,833463000,13.26,-241394000,125.25,81.12
2025-12-28,UMBF,8.97,2217071000.0,13.26,None,0.787,94.14,11213000,None,599580000,599580000,26348000,-208281000,-99985000,None,0,None,None,1297000,27528000,43259000,None,89396000,89396000,5920822000,None,None,None,None,None,45856000,10071000,1.6,0.0135,8320000,8320000,None,0.058,0.22,76319000,122175000,2.48,2012-09-30,10.08,59727000,2217071000.0,434388000,76319000,20001000,4078000,4078000,None,83621000,None,19460000,None,None,35908000,None,None,26125000,None,None,None,0.414,81948000,358069000,76319000,3897809000,5920822000,None,None,None,None,None,None,None,1.73,1.263,4.073,None,None,None,None,None,-778000,None,0.274,None,236038000,2025-10-28,quarterly,2.7,USD,post-market,None,342675000,0.0102,0.111,0.696,33.36,190197000,1434504000,1396033000,3427429000,108.85,112.05,8.871,8247789000,599580000,7316855000,7414326000,7648209000,97471000,523784000,833463000,13.26,-241394000,125.25,81.12
2025-12-28,UMBF,8.97,2217071000.0,13.26,None,0.787,94.14,13423000,None,599580000,599580000,-529527000,-241160000,-685727000,None,107000,None,None,6655000,27528000,43259000,None,89396000,89396000,5920822000,None,None,None,None,None,45856000,10295000,1.6,0.0135,8324000,8324000,None,0.058,0.22,76319000,122175000,2.48,2012-06-30,10.08,59727000,2217071000.0,434388000,76319000,20001000,4078000,4078000,None,83621000,None,19460000,None,None,35908000,None,None,29165000,None,None,None,0.414,84960000,358069000,76319000,3897809000,5920822000,None,None,None,None,None,None,None,1.73,1.263,4.073,None,None,None,None,None,-2618000,None,0.274,None,236038000,2025-10-28,quarterly,2.7,USD,post-market,None,342675000,0.0102,0.111,0.696,33.36,190197000,1434504000,1396033000,3427429000,108.85,112.05,8.871,8247789000,599580000,7316855000,7414326000,7648209000,97471000,523784000,833463000,13.26,-241394000,125.25,81.12
2025-12-28,UMBF,8.97,2217071000.0,13.26,None,0.787,94.14,6880000,None,599580000,599580000,109659000,-252255000,-132445000,None,357000,None,None,-2054000,27528000,43259000,None,89396000,89396000,5920822000,None,None,None,None,None,45856000,10210000,1.6,0.0135,8302000,8302000,None,0.058,0.22,76319000,122175000,2.48,2012-03-31,10.08,59727000,2217071000.0,434388000,76319000,20001000,4078000,4078000,None,83621000,None,19460000,None,None,35908000,None,None,46367000,None,None,None,0.414,10151000,358069000,76319000,3897809000,5920822000,None,None,None,None,None,None,None,1.73,1.263,4.073,None,None,None,None,None,-2666000,None,0.274,None,236038000,2025-10-28,quarterly,2.7,USD,post-market,None,342675000,0.0102,0.111,0.696,33.36,190197000,1434504000,1396033000,3427429000,108.85,112.05,8.871,8247789000,599580000,7316855000,7414326000,7648209000,97471000,523784000,833463000,13.26,-241394000,125.25,81.12
2025-12-28,UMBF,8.97,2217071000.0,13.26,None,0.787,94.14,8777000,None,599580000,599580000,1357241000,-548971000,888431000,None,5797000,None,None,-2120000,27528000,43259000,None,89396000,89396000,5920822000,None,None,None,None,None,45856000,10211000,1.6,0.0135,8273000,8273000,None,0.058,0.22,76319000,122175000,2.48,2011-12-31,10.08,59727000,2217071000.0,434388000,76319000,20001000,4078000,4078000,None,83621000,None,19460000,None,None,35908000,None,None,23266000,None,None,None,0.414,80161000,358069000,76319000,3897809000,5920822000,None,None,None,None,None,None,None,1.73,1.263,4.073,None,None,None,None,None,-707000,None,0.274,None,236038000,2025-10-28,quarterly,2.7,USD,post-market,None,342675000,0.0102,0.111,0.696,33.36,190197000,1434504000,1396033000,3427429000,108.85,112.05,8.871,8247789000,599580000,7316855000,7414326000,7648209000,97471000,523784000,833463000,13.26,-241394000,125.25,81.12
2025-12-28,UMBF,8.97,2217071000.0,13.26,None,0.787,94.14,11570000,None,599580000,599580000,-697623000,-331177000,-1014649000,None,3991000,None,None,2940000,27528000,43259000,None,89396000,89396000,5920822000,None,None,None,None,None,45856000,10319000,1.6,0.0135,7874000,7874000,None,0.058,0.22,76319000,122175000,2.48,2011-09-30,10.08,59727000,2217071000.0,434388000,76319000,20001000,4078000,4078000,None,83621000,None,19460000,None,None,35908000,None,None,26015000,None,None,None,0.414,14151000,358069000,76319000,3897809000,5920822000,None,None,None,None,None,None,None,1.73,1.263,4.073,None,None,None,None,None,-5053000,None,0.274,None,236038000,2025-10-28,quarterly,2.7,USD,post-market,None,342675000,0.0102,0.111,0.696,33.36,190197000,1434504000,1396033000,3427429000,108.85,112.05,8.871,8247789000,599580000,7316855000,7414326000,7648209000,97471000,523784000,833463000,13.26,-241394000,125.25,81.12
2025-12-28,UMBF,8.97,2217071000.0,13.26,None,0.787,94.14,8023000,None,599580000,599580000,-650048000,8859000,-594107000,None,8884000,None,None,-4379000,27528000,43259000,None,89396000,89396000,5920822000,None,None,None,None,None,45856000,11196000,1.6,0.0135,7903000,7903000,None,0.058,0.22,76319000,122175000,2.48,2011-06-30,10.08,59727000,2217071000.0,434388000,76319000,20001000,4078000,4078000,None,83621000,None,19460000,None,None,35908000,None,None,26321000,None,None,None,0.414,47082000,358069000,76319000,3897809000,5920822000,None,None,None,None,None,None,None,1.73,1.263,4.073,None,None,None,None,None,-2009000,None,0.274,None,236038000,2025-10-28,quarterly,2.7,USD,post-market,None,342675000,0.0102,0.111,0.696,33.36,190197000,1434504000,1396033000,3427429000,108.85,112.05,8.871,8247789000,599580000,7316855000,7414326000,7648209000,97471000,523784000,833463000,13.26,-241394000,125.25,81.12
2025-12-28,UMBF,8.97,2217071000.0,13.26,None,0.787,94.14,7187000,None,599580000,599580000,925773000,148917000,1146339000,None,8448000,None,None,2903000,27528000,43259000,None,89396000,89396000,5920822000,None,None,None,None,None,45856000,11205000,1.6,0.0135,7751000,7751000,None,0.058,0.22,76319000,122175000,2.48,2011-03-31,10.08,59727000,2217071000.0,434388000,76319000,20001000,4078000,4078000,None,83621000,None,19460000,None,None,35908000,None,None,30870000,None,None,None,0.414,71649000,358069000,76319000,3897809000,5920822000,None,None,None,None,None,None,None,1.73,1.263,4.073,None,None,None,None,None,-1373000,None,0.274,None,236038000,2025-10-28,quarterly,2.7,USD,post-market,None,342675000,0.0102,0.111,0.696,33.36,190197000,1434504000,1396033000,3427429000,108.85,112.05,8.871,8247789000,599580000,7316855000,7414326000,7648209000,97471000,523784000,833463000,13.26,-241394000,125.25,81.12
2025-12-28,UMBF,8.97,2217071000.0,13.26,None,0.787,94.14,12837000,None,599580000,599580000,1078333000,-886234000,233192000,None,4488000,None,None,-12663000,27528000,43259000,None,89396000,89396000,5920822000,None,None,None,None,None,45856000,10530000,1.6,0.0135,7882000,7882000,None,0.058,0.22,76319000,122175000,2.48,2010-12-31,10.08,59727000,2217071000.0,434388000,76319000,20001000,4078000,4078000,None,83621000,None,19460000,None,None,35908000,None,None,19032000,None,None,None,0.414,41093000,358069000,76319000,3897809000,5920822000,None,None,None,None,None,None,None,1.73,1.263,4.073,None,None,None,None,None,-1325000,None,0.274,None,236038000,2025-10-28,quarterly,2.7,USD,post-market,None,342675000,0.0102,0.111,0.696,33.36,190197000,1434504000,1396033000,3427429000,108.85,112.05,8.871,8247789000,599580000,7316855000,7414326000,7648209000,97471000,523784000,833463000,13.26,-241394000,125.25,81.12
2025-12-28,UMBF,8.97,2217071000.0,13.26,None,0.787,94.14,9261000,None,599580000,599580000,202053000,-205345000,42784000,None,6915000,None,None,-2180000,27528000,43259000,None,89396000,89396000,5920822000,None,None,None,None,None,45856000,10167000,1.6,0.0135,7485000,7485000,None,0.058,0.22,76319000,122175000,2.48,2010-09-30,10.08,59727000,2217071000.0,434388000,76319000,20001000,4078000,4078000,None,83621000,None,19460000,None,None,35908000,None,None,22772000,None,None,None,0.414,46076000,358069000,76319000,3897809000,5920822000,None,None,None,None,None,None,None,1.73,1.263,4.073,None,None,None,None,None,-2343000,None,0.274,None,236038000,2025-10-28,quarterly,2.7,USD,post-market,None,342675000,0.0102,0.111,0.696,33.36,190197000,1434504000,1396033000,3427429000,108.85,112.05,8.871,8247789000,599580000,7316855000,7414326000,7648209000,97471000,523784000,833463000,13.26,-241394000,125.25,81.12
2025-12-28,UMBF,8.97,2217071000.0,13.26,None,0.787,94.14,7398000,None,599580000,599580000,272118000,-301659000,17339000,None,7330000,None,None,-295000,27528000,43259000,None,89396000,89396000,5920822000,None,None,None,None,None,45856000,9509000,1.6,0.0135,7484000,7484000,None,0.058,0.22,76319000,122175000,2.48,2010-06-30,10.08,59727000,2217071000.0,434388000,76319000,20001000,4078000,4078000,None,83621000,None,19460000,None,None,35908000,None,None,23013000,None,None,None,0.414,46880000,358069000,76319000,3897809000,5920822000,None,None,None,None,None,None,None,1.73,1.263,4.073,None,None,None,None,None,-2250000,None,0.274,None,236038000,2025-10-28,quarterly,2.7,USD,post-market,None,342675000,0.0102,0.111,0.696,33.36,190197000,1434504000,1396033000,3427429000,108.85,112.05,8.871,8247789000,599580000,7316855000,7414326000,7648209000,97471000,523784000,833463000,13.26,-241394000,125.25,81.12
2025-12-28,UMBF,8.97,2217071000.0,13.26,None,0.787,94.14,3096000,None,599580000,599580000,-949309000,414021000,-489343000,None,0,None,None,3434000,27528000,43259000,None,89396000,89396000,5920822000,None,None,None,None,None,45856000,9170000,1.6,0.0135,7477000,7477000,None,0.058,0.22,76319000,122175000,2.48,2010-03-31,10.08,59727000,2217071000.0,434388000,76319000,20001000,4078000,4078000,None,83621000,None,19460000,None,None,35908000,None,None,26185000,None,None,None,0.414,45945000,358069000,76319000,3897809000,5920822000,None,None,None,None,None,None,None,1.73,1.263,4.073,None,None,None,None,None,-2961000,None,0.274,None,236038000,2025-10-28,quarterly,2.7,USD,post-market,None,342675000,0.0102,0.111,0.696,33.36,190197000,1434504000,1396033000,3427429000,108.85,112.05,8.871,8247789000,599580000,7316855000,7414326000,7648209000,97471000,523784000,833463000,13.26,-241394000,125.25,81.12
2025-12-28,UMBF,8.97,2217071000.0,13.26,None,0.787,94.14,9668000,None,599580000,599580000,1420088000,-737325000,None,None,5950000,None,None,None,27528000,43259000,None,89396000,89396000,5920822000,None,None,None,None,None,45856000,10164000,1.6,0.0135,7470000,7470000,None,0.058,0.22,76319000,122175000,2.48,2009-12-31,10.08,59727000,2217071000.0,434388000,76319000,20001000,4078000,4078000,None,83621000,None,19460000,None,None,35908000,None,None,23858000,None,None,None,0.414,19579000,358069000,76319000,3897809000,5920822000,None,None,None,None,None,None,None,1.73,1.263,4.073,None,None,None,None,None,-563000,None,0.274,None,236038000,2025-10-28,quarterly,2.7,USD,post-market,None,342675000,0.0102,0.111,0.696,33.36,190197000,1434504000,1396033000,3427429000,108.85,112.05,8.871,8247789000,599580000,7316855000,7414326000,7648209000,97471000,523784000,833463000,13.26,-241394000,125.25,81.12
2025-12-28,UMBF,8.97,2217071000.0,13.26,None,0.787,94.14,5470000,None,599580000,599580000,244216000,-632342000,None,None,3745000,None,None,None,27528000,43259000,None,89396000,89396000,5920822000,None,None,None,None,None,45856000,9226000,1.6,0.0135,7078000,7078000,None,0.058,0.22,76319000,122175000,2.48,2009-09-30,10.08,59727000,2217071000.0,434388000,76319000,20001000,4078000,4078000,None,83621000,None,19460000,None,None,35908000,None,None,23998000,None,None,None,0.414,56030000,358069000,76319000,3897809000,5920822000,None,None,None,None,None,None,None,1.73,1.263,4.073,None,None,None,None,None,-9033000,None,0.274,None,236038000,2025-10-28,quarterly,2.7,USD,post-market,None,342675000,0.0102,0.111,0.696,33.36,190197000,1434504000,1396033000,3427429000,108.85,112.05,8.871,8247789000,599580000,7316855000,7414326000,7648209000,97471000,523784000,833463000,13.26,-241394000,125.25,81.12
2025-12-28,UMBF,8.97,2217071000.0,13.26,None,0.787,94.14,4707000,None,599580000,599580000,-334695000,1440000,None,None,None,None,None,None,27528000,43259000,None,89396000,89396000,5920822000,None,None,None,None,None,45856000,9156000,1.6,0.0135,7066000,7066000,None,0.058,0.22,76319000,122175000,2.48,2009-06-30,10.08,59727000,2217071000.0,434388000,76319000,20001000,4078000,4078000,None,83621000,None,19460000,None,None,35908000,None,None,19027000,None,None,None,0.414,34092000,358069000,76319000,3897809000,5920822000,None,None,None,None,None,None,None,1.73,1.263,4.073,None,None,None,None,None,-4855000,None,0.274,None,236038000,2025-10-28,quarterly,2.7,USD,post-market,None,342675000,0.0102,0.111,0.696,33.36,190197000,1434504000,1396033000,3427429000,108.85,112.05,8.871,8247789000,599580000,7316855000,7414326000,7648209000,97471000,523784000,833463000,13.26,-241394000,125.25,81.12
2025-12-28,UMBF,8.97,2217071000.0,13.26,None,0.787,94.14,3581000,None,599580000,599580000,-770561000,1004575000,None,None,None,None,None,None,27528000,43259000,None,89396000,89396000,5920822000,None,None,None,None,None,45856000,9561000,1.6,0.0135,7178000,7178000,None,0.058,0.22,76319000,122175000,2.48,2009-03-31,10.08,59727000,2217071000.0,434388000,76319000,20001000,4078000,4078000,None,83621000,None,19460000,None,None,35908000,None,None,22601000,None,None,None,0.414,36989000,358069000,76319000,3897809000,5920822000,None,None,None,None,None,None,None,1.73,1.263,4.073,None,None,None,None,None,-12443000,None,0.274,None,236038000,2025-10-28,quarterly,2.7,USD,post-market,None,342675000,0.0102,0.111,0.696,33.36,190197000,1434504000,1396033000,3427429000,108.85,112.05,8.871,8247789000,599580000,7316855000,7414326000,7648209000,97471000,523784000,833463000,13.26,-241394000,125.25,81.12
2025-12-28,UMBF,8.97,2217071000.0,13.26,None,0.787,94.14,8358000,None,599580000,599580000,1489391000,-1162067000,None,None,None,None,None,None,27528000,43259000,None,89396000,89396000,5920822000,None,None,None,None,None,45856000,7808000,1.6,0.0135,7160000,7160000,None,0.058,0.22,76319000,122175000,2.48,2008-12-31,10.08,59727000,2217071000.0,434388000,76319000,20001000,4078000,4078000,None,83621000,None,19460000,None,None,35908000,None,None,20226000,None,None,None,0.414,35386000,358069000,76319000,3897809000,5920822000,None,None,None,None,None,None,None,1.73,1.263,4.073,None,None,None,None,None,-2816000,None,0.274,None,236038000,2025-10-28,quarterly,2.7,USD,post-market,None,342675000,0.0102,0.111,0.696,33.36,190197000,1434504000,1396033000,3427429000,108.85,112.05,8.871,8247789000,599580000,7316855000,7414326000,7648209000,97471000,523784000,833463000,13.26,-241394000,125.25,81.12
2025-12-28,UMBF,8.97,2217071000.0,13.26,None,0.787,94.14,5015000,None,599580000,599580000,505630000,-773299000,None,None,None,None,None,None,27528000,43259000,None,89396000,89396000,5920822000,None,None,None,None,None,45856000,8190000,1.6,0.0135,6759000,6759000,None,0.058,0.22,76319000,122175000,2.48,2008-09-30,10.08,59727000,2217071000.0,434388000,76319000,20001000,4078000,4078000,None,83621000,None,19460000,None,None,35908000,None,None,21768000,None,None,None,0.414,134300000,358069000,76319000,3897809000,5920822000,None,None,None,None,None,None,None,1.73,1.263,4.073,None,None,None,None,None,None,None,0.274,None,236038000,2025-10-28,quarterly,2.7,USD,post-market,None,342675000,0.0102,0.111,0.696,33.36,190197000,1434504000,1396033000,3427429000,108.85,112.05,8.871,8247789000,599580000,7316855000,7414326000,7648209000,97471000,523784000,833463000,13.26,-241394000,125.25,81.12
2025-12-28,UMBF,8.97,2217071000.0,13.26,None,0.787,94.14,4562000,None,599580000,599580000,-85525000,162525000,None,None,None,None,None,None,27528000,43259000,None,89396000,89396000,5920822000,None,None,None,None,None,45856000,13191000,1.6,0.0135,6749000,6749000,None,0.058,0.22,76319000,122175000,2.48,2008-06-30,10.08,59727000,2217071000.0,434388000,76319000,20001000,4078000,4078000,None,83621000,None,19460000,None,None,35908000,None,None,23724000,None,None,None,0.414,-101315000,358069000,76319000,3897809000,5920822000,None,None,None,None,None,None,None,1.73,1.263,4.073,None,None,None,None,None,None,None,0.274,None,236038000,2025-10-28,quarterly,2.7,USD,post-market,None,342675000,0.0102,0.111,0.696,33.36,190197000,1434504000,1396033000,3427429000,108.85,112.05,8.871,8247789000,599580000,7316855000,7414326000,7648209000,97471000,523784000,833463000,13.26,-241394000,125.25,81.12
2025-12-28,UMBF,8.97,2217071000.0,13.26,None,0.787,94.14,2702000,None,599580000,599580000,-492546000,302819000,None,None,None,None,None,None,27528000,43259000,None,89396000,89396000,5920822000,None,None,None,None,None,45856000,8540000,1.6,0.0135,6146000,6146000,None,0.058,0.22,76319000,122175000,2.48,2008-03-31,10.08,59727000,2217071000.0,434388000,76319000,20001000,4078000,4078000,None,83621000,None,19460000,None,None,35908000,None,None,32356000,None,None,None,0.414,65660000,358069000,76319000,3897809000,5920822000,None,None,None,None,None,None,None,1.73,1.263,4.073,None,None,None,None,None,-18594000,None,0.274,None,236038000,2025-10-28,quarterly,2.7,USD,post-market,None,342675000,0.0102,0.111,0.696,33.36,190197000,1434504000,1396033000,3427429000,108.85,112.05,8.871,8247789000,599580000,7316855000,7414326000,7648209000,97471000,523784000,833463000,13.26,-241394000,125.25,81.12
2025-12-28,UMBF,8.97,2217071000.0,13.26,None,0.787,94.14,7581000,None,599580000,599580000,1290989000,-1022333000,None,None,1880000,None,None,None,27528000,43259000,None,89396000,89396000,5920822000,None,None,None,None,None,45856000,7662000,1.6,0.0135,11954000,11954000,None,0.058,0.22,76319000,122175000,2.48,2007-12-31,10.08,59727000,2217071000.0,434388000,76319000,20001000,4078000,4078000,None,83621000,None,19460000,None,None,35908000,None,None,15299000,None,None,None,0.414,38409000,358069000,76319000,3897809000,5920822000,None,None,None,None,None,None,None,1.73,1.263,4.073,None,None,None,None,None,-137000,None,0.274,None,236038000,2025-10-28,quarterly,2.7,USD,post-market,None,342675000,0.0102,0.111,0.696,33.36,190197000,1434504000,1396033000,3427429000,108.85,112.05,8.871,8247789000,599580000,7316855000,7414326000,7648209000,97471000,523784000,833463000,13.26,-241394000,125.25,81.12
2025-12-28,UMBF,8.97,2217071000.0,13.26,None,0.787,94.14,6705000,None,599580000,599580000,-87569000,107893000,None,None,1133000,None,None,None,27528000,43259000,None,89396000,89396000,5920822000,None,None,None,None,None,45856000,8648000,1.6,0.0135,5895000,5895000,None,0.058,0.22,76319000,122175000,2.48,2007-09-30,10.08,59727000,2217071000.0,434388000,76319000,20001000,4078000,4078000,None,83621000,None,19460000,None,None,35908000,None,None,21527000,None,None,None,0.414,48303000,358069000,76319000,3897809000,5920822000,None,None,None,None,None,None,None,1.73,1.263,4.073,None,None,None,None,None,None,None,0.274,None,236038000,2025-10-28,quarterly,2.7,USD,post-market,None,342675000,0.0102,0.111,0.696,33.36,190197000,1434504000,1396033000,3427429000,108.85,112.05,8.871,8247789000,599580000,7316855000,7414326000,7648209000,97471000,523784000,833463000,13.26,-241394000,125.25,81.12
2025-12-28,UMBF,8.97,2217071000.0,13.26,None,0.787,94.14,10357000,None,599580000,599580000,26893000,-106748000,None,None,None,None,None,None,27528000,43259000,None,89396000,89396000,5920822000,None,None,None,None,None,45856000,8746000,1.6,0.0135,5908000,5908000,None,0.058,0.22,76319000,122175000,2.48,2007-06-30,10.08,59727000,2217071000.0,434388000,76319000,20001000,4078000,4078000,None,83621000,None,19460000,None,None,35908000,None,None,20063000,None,None,None,0.414,59872000,358069000,76319000,3897809000,5920822000,None,None,None,None,None,None,None,1.73,1.263,4.073,None,None,None,None,None,None,None,0.274,None,236038000,2025-10-28,quarterly,2.7,USD,post-market,None,342675000,0.0102,0.111,0.696,33.36,190197000,1434504000,1396033000,3427429000,108.85,112.05,8.871,8247789000,599580000,7316855000,7414326000,7648209000,97471000,523784000,833463000,13.26,-241394000,125.25,81.12
2025-12-28,UMBF,8.97,2217071000.0,13.26,None,0.787,94.14,2745000,None,599580000,599580000,-931777000,866783000,None,None,None,None,None,None,27528000,43259000,None,89396000,89396000,5920822000,None,None,None,None,None,45856000,7167000,1.6,0.0135,5521000,5521000,None,0.058,0.22,76319000,122175000,2.48,2007-03-31,10.08,59727000,2217071000.0,434388000,76319000,20001000,4078000,4078000,None,83621000,None,19460000,None,None,35908000,None,None,17324000,None,None,None,0.414,-15303000,358069000,76319000,3897809000,5920822000,None,None,None,None,None,None,None,1.73,1.263,4.073,None,None,None,None,None,-9702000,None,0.274,None,236038000,2025-10-28,quarterly,2.7,USD,post-market,None,342675000,0.0102,0.111,0.696,33.36,190197000,1434504000,1396033000,3427429000,108.85,112.05,8.871,8247789000,599580000,7316855000,7414326000,7648209000,97471000,523784000,833463000,13.26,-241394000,125.25,81.12
2025-12-28,UMBF,8.97,2217071000.0,13.26,None,0.787,94.14,10431000,None,599580000,599580000,1220842000,-1127050000,None,None,5340000,None,None,None,27528000,43259000,None,89396000,89396000,5920822000,None,None,None,None,None,45856000,8014000,1.6,0.0135,5550000,5550000,None,0.058,0.22,76319000,122175000,2.48,2006-12-31,10.08,59727000,2217071000.0,434388000,76319000,20001000,4078000,4078000,None,83621000,None,19460000,None,None,35908000,None,None,15802000,None,None,None,0.414,29302000,358069000,76319000,3897809000,5920822000,None,None,None,None,None,None,None,1.73,1.263,4.073,None,None,None,None,None,-150000,None,0.274,None,236038000,2025-10-28,quarterly,2.7,USD,post-market,None,342675000,0.0102,0.111,0.696,33.36,190197000,1434504000,1396033000,3427429000,108.85,112.05,8.871,8247789000,599580000,7316855000,7414326000,7648209000,97471000,523784000,833463000,13.26,-241394000,125.25,81.12
2025-12-28,UMBF,8.97,2217071000.0,13.26,None,0.787,94.14,12505000,None,599580000,599580000,-249146000,161907000,None,None,1802000,None,None,None,27528000,43259000,None,89396000,89396000,5920822000,None,None,None,None,None,45856000,9336000,1.6,0.0135,5560000,5560000,None,0.058,0.22,76319000,122175000,2.48,2006-09-30,10.08,59727000,2217071000.0,434388000,76319000,20001000,4078000,4078000,None,83621000,None,19460000,None,None,35908000,None,None,15865000,None,None,None,0.414,47818000,358069000,76319000,3897809000,5920822000,None,None,None,None,None,None,None,1.73,1.263,4.073,None,None,None,None,None,None,None,0.274,None,236038000,2025-10-28,quarterly,2.7,USD,post-market,None,342675000,0.0102,0.111,0.696,33.36,190197000,1434504000,1396033000,3427429000,108.85,112.05,8.871,8247789000,599580000,7316855000,7414326000,7648209000,97471000,523784000,833463000,13.26,-241394000,125.25,81.12
2025-12-28,UMBF,8.97,2217071000.0,13.26,None,0.787,94.14,11034000,None,599580000,599580000,-23796000,23361000,None,None,None,None,None,None,27528000,43259000,None,89396000,89396000,5920822000,None,None,None,None,None,45856000,10030000,1.6,0.0135,5349000,5349000,None,0.058,0.22,76319000,122175000,2.48,2006-06-30,10.08,59727000,2217071000.0,434388000,76319000,20001000,4078000,4078000,None,83621000,None,19460000,None,None,35908000,None,None,14859000,None,None,None,0.414,29825000,358069000,76319000,3897809000,5920822000,None,None,None,None,None,None,None,1.73,1.263,4.073,None,None,None,None,None,None,None,0.274,None,236038000,2025-10-28,quarterly,2.7,USD,post-market,None,342675000,0.0102,0.111,0.696,33.36,190197000,1434504000,1396033000,3427429000,108.85,112.05,8.871,8247789000,599580000,7316855000,7414326000,7648209000,97471000,523784000,833463000,13.26,-241394000,125.25,81.12
2025-12-28,UMBF,8.97,2217071000.0,13.26,None,0.787,94.14,5802000,None,599580000,599580000,-630621000,427274000,None,None,1500000,None,None,None,27528000,43259000,None,89396000,89396000,5920822000,None,None,None,None,None,45856000,6341000,1.6,0.0135,5374000,5374000,None,0.058,0.22,76319000,122175000,2.48,2006-03-31,10.08,59727000,2217071000.0,434388000,76319000,20001000,4078000,4078000,None,83621000,None,19460000,None,None,35908000,None,None,13241000,None,None,None,0.414,21892000,358069000,76319000,3897809000,5920822000,None,None,None,None,None,None,None,1.73,1.263,4.073,None,None,None,None,None,-6812000,None,0.274,None,236038000,2025-10-28,quarterly,2.7,USD,post-market,None,342675000,0.0102,0.111,0.696,33.36,190197000,1434504000,1396033000,3427429000,108.85,112.05,8.871,8247789000,599580000,7316855000,7414326000,7648209000,97471000,523784000,833463000,13.26,-241394000,125.25,81.12
2025-12-28,UMBF,8.97,2217071000.0,13.26,None,0.787,94.14,17338000,None,599580000,599580000,1161638000,-970832000,None,None,4568000,None,None,None,27528000,43259000,None,89396000,89396000,5920822000,None,None,None,None,None,45856000,9429000,1.6,0.0135,4741000,4741000,None,0.058,0.22,76319000,122175000,2.48,2005-12-31,10.08,59727000,2217071000.0,434388000,76319000,20001000,4078000,4078000,None,83621000,None,19460000,None,None,35908000,None,None,14955000,None,None,None,0.414,12313000,358069000,76319000,3897809000,5920822000,None,None,None,None,None,None,None,1.73,1.263,4.073,None,None,None,None,None,None,None,0.274,None,236038000,2025-10-28,quarterly,2.7,USD,post-market,None,342675000,0.0102,0.111,0.696,33.36,190197000,1434504000,1396033000,3427429000,108.85,112.05,8.871,8247789000,599580000,7316855000,7414326000,7648209000,97471000,523784000,833463000,13.26,-241394000,125.25,81.12
2025-12-28,UMBF,8.97,2217071000.0,13.26,None,0.787,94.14,3766000,None,599580000,599580000,179898000,-197149000,None,None,None,None,None,None,27528000,43259000,None,89396000,89396000,5920822000,None,None,None,None,None,45856000,12394000,1.6,0.0135,4754000,4754000,None,0.058,0.22,76319000,122175000,2.48,2005-09-30,10.08,59727000,2217071000.0,434388000,76319000,20001000,4078000,4078000,None,83621000,None,19460000,None,None,35908000,None,None,16171000,None,None,None,0.414,45397000,358069000,76319000,3897809000,5920822000,None,None,None,None,None,None,None,1.73,1.263,4.073,None,None,None,None,None,None,None,0.274,None,236038000,2025-10-28,quarterly,2.7,USD,post-market,None,342675000,0.0102,0.111,0.696,33.36,190197000,1434504000,1396033000,3427429000,108.85,112.05,8.871,8247789000,599580000,7316855000,7414326000,7648209000,97471000,523784000,833463000,13.26,-241394000,125.25,81.12
2025-12-28,UMBF,8.97,2217071000.0,13.26,None,0.787,94.14,24206000,None,599580000,599580000,5957648000,-3262501000,None,None,None,None,None,None,27528000,43259000,None,89396000,89396000,5920822000,None,None,None,None,None,45856000,52771000,1.6,0.0135,77127000,77127000,None,0.058,0.22,76319000,122175000,2.48,2024-12-31,10.08,59727000,2217071000.0,434388000,76319000,20001000,4078000,4078000,None,83621000,None,19460000,None,None,35908000,None,None,441243000,None,None,None,0.414,225286000,358069000,76319000,3897809000,5920822000,None,None,None,None,None,None,None,1.73,1.263,4.073,None,None,None,None,None,-7738000,None,0.274,None,236038000,2025-10-28,annual,2.7,USD,post-market,None,342675000,0.0102,0.111,0.696,33.36,190197000,1434504000,1396033000,3427429000,108.85,112.05,8.871,8247789000,599580000,7316855000,7414326000,7648209000,97471000,523784000,833463000,13.26,-241394000,125.25,81.12
2025-12-28,UMBF,8.97,2217071000.0,13.26,None,0.787,94.14,26910000,None,599580000,599580000,4771052000,-1273272000,None,None,None,None,None,None,27528000,43259000,None,89396000,89396000,5920822000,None,None,None,None,None,45856000,58723000,1.6,0.0135,74245000,74245000,None,0.058,0.22,76319000,122175000,2.48,2023-12-31,10.08,59727000,2217071000.0,434388000,76319000,20001000,4078000,4078000,None,83621000,None,19460000,None,None,35908000,None,None,350024000,None,None,None,0.414,472604000,358069000,76319000,3897809000,5920822000,None,None,None,None,None,None,None,1.73,1.263,4.073,None,None,None,None,None,-8367000,None,0.274,None,236038000,2025-10-28,annual,2.7,USD,post-market,None,342675000,0.0102,0.111,0.696,33.36,190197000,1434504000,1396033000,3427429000,108.85,112.05,8.871,8247789000,599580000,7316855000,7414326000,7648209000,97471000,523784000,833463000,13.26,-241394000,125.25,81.12
2025-12-28,UMBF,8.97,2217071000.0,13.26,None,0.787,94.14,51716000,None,599580000,599580000,-4580859000,-3845385000,-7656690000,None,None,None,None,-58222000,27528000,43259000,None,89396000,89396000,5920822000,None,None,None,None,None,45856000,54022000,1.6,0.0135,72030000,72030000,None,0.058,0.22,76319000,122175000,2.48,2022-12-31,10.08,59727000,2217071000.0,434388000,76319000,20001000,4078000,4078000,None,83621000,None,19460000,None,None,35908000,None,None,431682000,None,None,None,0.414,769554000,358069000,76319000,3897809000,5920822000,None,None,None,None,None,None,None,1.73,1.263,4.073,None,None,None,None,None,-31997000,None,0.274,None,236038000,2025-10-28,annual,2.7,USD,post-market,None,342675000,0.0102,0.111,0.696,33.36,190197000,1434504000,1396033000,3427429000,108.85,112.05,8.871,8247789000,599580000,7316855000,7414326000,7648209000,97471000,523784000,833463000,13.26,-241394000,125.25,81.12
2025-12-28,UMBF,8.97,2217071000.0,13.26,None,0.787,94.14,33687000,None,599580000,599580000,9418406000,-4235490000,5716998000,None,None,None,None,4587000,27528000,43259000,None,89396000,89396000,5920822000,None,None,None,None,None,45856000,55747000,1.6,0.0135,66750000,66750000,None,0.058,0.22,76319000,122175000,2.48,2021-12-31,10.08,59727000,2217071000.0,434388000,76319000,20001000,4078000,4078000,None,83621000,None,19460000,None,None,35908000,None,None,353018000,None,None,None,0.414,534082000,358069000,76319000,3897809000,5920822000,None,None,None,None,None,None,None,1.73,1.263,4.073,None,None,None,None,None,-5506000,None,0.274,None,236038000,2025-10-28,annual,2.7,USD,post-market,None,342675000,0.0102,0.111,0.696,33.36,190197000,1434504000,1396033000,3427429000,108.85,112.05,8.871,8247789000,599580000,7316855000,7414326000,7648209000,97471000,523784000,833463000,13.26,-241394000,125.25,81.12
2025-12-28,UMBF,8.97,2217071000.0,13.26,None,0.787,94.14,60216000,None,599580000,599580000,5945885000,-4491087000,1828396000,None,None,None,None,-15384000,27528000,43259000,None,89396000,89396000,5920822000,None,None,None,None,None,45856000,62803000,1.6,0.0135,60281000,60281000,None,0.058,0.22,76319000,122175000,2.48,2020-12-31,10.08,59727000,2217071000.0,434388000,76319000,20001000,4078000,4078000,None,83621000,None,19460000,None,None,35908000,None,None,286502000,None,None,None,0.414,373598000,358069000,76319000,3897809000,5920822000,None,None,None,None,None,None,None,1.73,1.263,4.073,None,None,None,None,None,-63766000,None,0.274,None,236038000,2025-10-28,annual,2.7,USD,post-market,None,342675000,0.0102,0.111,0.696,33.36,190197000,1434504000,1396033000,3427429000,108.85,112.05,8.871,8247789000,599580000,7316855000,7414326000,7648209000,97471000,523784000,833463000,13.26,-241394000,125.25,81.12
2025-12-28,UMBF,8.97,2217071000.0,13.26,None,0.787,94.14,72313000,None,599580000,599580000,2654053000,-3000429000,-4951000,None,None,None,None,-14340000,27528000,43259000,None,89396000,89396000,5920822000,None,None,None,None,None,45856000,56258000,1.6,0.0135,59436000,59436000,None,0.058,0.22,76319000,122175000,2.48,2019-12-31,10.08,59727000,2217071000.0,434388000,76319000,20001000,4078000,4078000,None,83621000,None,19460000,None,None,35908000,None,None,243600000,None,None,None,0.414,341425000,358069000,76319000,3897809000,5920822000,None,None,None,None,None,None,None,1.73,1.263,4.073,None,None,None,None,None,-4496000,None,0.274,None,236038000,2025-10-28,annual,2.7,USD,post-market,None,342675000,0.0102,0.111,0.696,33.36,190197000,1434504000,1396033000,3427429000,108.85,112.05,8.871,8247789000,599580000,7316855000,7414326000,7648209000,97471000,523784000,833463000,13.26,-241394000,125.25,81.12
2025-12-28,UMBF,8.97,2217071000.0,13.26,None,0.787,94.14,57940000,None,599580000,599580000,1408708000,-1746545000,-42141000,None,None,None,None,-11305000,27528000,43259000,None,89396000,89396000,5920822000,None,None,None,None,None,45856000,53116000,1.6,0.0135,58279000,58279000,None,0.058,0.22,76319000,122175000,2.48,2018-12-31,10.08,59727000,2217071000.0,434388000,76319000,20001000,4078000,4078000,None,83621000,None,19460000,None,None,35908000,None,None,195513000,None,None,None,0.414,295696000,358069000,76319000,3897809000,5920822000,None,None,None,None,None,None,None,1.73,1.263,4.073,None,None,None,None,None,-76507000,None,0.274,None,236038000,2025-10-28,annual,2.7,USD,post-market,None,342675000,0.0102,0.111,0.696,33.36,190197000,1434504000,1396033000,3427429000,108.85,112.05,8.871,8247789000,599580000,7316855000,7414326000,7648209000,97471000,523784000,833463000,13.26,-241394000,125.25,81.12
2025-12-28,UMBF,8.97,2217071000.0,13.26,None,0.787,94.14,36447000,None,599580000,599580000,804347000,-478578000,652295000,None,5380000,None,None,-9201000,27528000,43259000,None,89396000,89396000,5920822000,None,None,None,None,None,45856000,54875000,1.6,0.0135,51876000,51876000,None,0.058,0.22,76319000,122175000,2.48,2017-12-31,10.08,59727000,2217071000.0,434388000,76319000,20001000,4078000,4078000,None,83621000,None,19460000,None,None,35908000,None,None,247105000,None,None,None,0.414,326526000,358069000,76319000,3897809000,5920822000,None,None,None,None,None,None,None,1.73,1.263,4.073,None,None,None,None,None,-15276000,None,0.274,None,236038000,2025-10-28,annual,2.7,USD,post-market,None,342675000,0.0102,0.111,0.696,33.36,190197000,1434504000,1396033000,3427429000,108.85,112.05,8.871,8247789000,599580000,7316855000,7414326000,7648209000,97471000,523784000,833463000,13.26,-241394000,125.25,81.12
2025-12-28,UMBF,8.97,2217071000.0,13.26,None,0.787,94.14,50841000,None,599580000,599580000,1450858000,-1502443000,244855000,None,0,None,None,-8918000,27528000,43259000,None,89396000,89396000,5920822000,None,None,None,None,None,45856000,54556000,1.6,0.0135,49038000,49038000,None,0.058,0.22,76319000,122175000,2.48,2016-12-31,10.08,59727000,2217071000.0,434388000,76319000,20001000,4078000,4078000,None,83621000,None,19460000,None,None,35908000,None,None,158801000,None,None,None,0.414,296440000,358069000,76319000,3897809000,5920822000,None,None,None,None,None,None,None,1.73,1.263,4.073,None,None,None,None,None,-16367000,None,0.274,None,236038000,2025-10-28,annual,2.7,USD,post-market,None,342675000,0.0102,0.111,0.696,33.36,190197000,1434504000,1396033000,3427429000,108.85,112.05,8.871,8247789000,599580000,7316855000,7414326000,7648209000,97471000,523784000,833463000,13.26,-241394000,125.25,81.12
2025-12-28,UMBF,8.97,2217071000.0,13.26,None,0.787,94.14,53760000,None,599580000,599580000,151158000,-1330237000,-968118000,None,1366000,None,None,-7075000,27528000,43259000,None,89396000,89396000,5920822000,None,None,None,None,None,45856000,52790000,1.6,0.0135,45967000,45967000,None,0.058,0.22,76319000,122175000,2.48,2015-12-31,10.08,59727000,2217071000.0,434388000,76319000,20001000,4078000,4078000,None,83621000,None,19460000,None,None,35908000,None,None,116073000,None,None,None,0.414,210961000,358069000,76319000,3897809000,5920822000,None,None,None,None,None,None,None,1.73,1.263,4.073,None,None,None,None,None,-8457000,None,0.274,None,236038000,2025-10-28,annual,2.7,USD,post-market,None,342675000,0.0102,0.111,0.696,33.36,190197000,1434504000,1396033000,3427429000,108.85,112.05,8.871,8247789000,599580000,7316855000,7414326000,7648209000,97471000,523784000,833463000,13.26,-241394000,125.25,81.12
2025-12-28,UMBF,8.97,2217071000.0,13.26,None,0.787,94.14,44790000,None,599580000,599580000,390122000,-1430979000,-795198000,None,1870000,None,None,-1081000,27528000,43259000,None,89396000,89396000,5920822000,None,None,None,None,None,45856000,46355000,1.6,0.0135,41364000,41364000,None,0.058,0.22,76319000,122175000,2.48,2014-12-31,10.08,59727000,2217071000.0,434388000,76319000,20001000,4078000,4078000,None,83621000,None,19460000,None,None,35908000,None,None,120655000,None,None,None,0.414,245659000,358069000,76319000,3897809000,5920822000,None,None,None,None,None,None,None,1.73,1.263,4.073,None,None,None,None,None,-5741000,None,0.274,None,236038000,2025-10-28,annual,2.7,USD,post-market,None,342675000,0.0102,0.111,0.696,33.36,190197000,1434504000,1396033000,3427429000,108.85,112.05,8.871,8247789000,599580000,7316855000,7414326000,7648209000,97471000,523784000,833463000,13.26,-241394000,125.25,81.12
2025-12-28,UMBF,8.97,2217071000.0,13.26,None,0.787,94.14,38313000,None,599580000,599580000,1941684000,-1020848000,1216034000,None,3407000,None,None,-8467000,27528000,43259000,None,89396000,89396000,5920822000,None,None,None,None,None,45856000,44221000,1.6,0.0135,36168000,36168000,None,0.058,0.22,76319000,122175000,2.48,2013-12-31,10.08,59727000,2217071000.0,434388000,76319000,20001000,4078000,4078000,None,83621000,None,19460000,None,None,35908000,None,None,133965000,None,None,None,0.414,295198000,358069000,76319000,3897809000,5920822000,None,None,None,None,None,None,None,1.73,1.263,4.073,None,None,None,None,None,-3501000,None,0.274,None,236038000,2025-10-28,annual,2.7,USD,post-market,None,342675000,0.0102,0.111,0.696,33.36,190197000,1434504000,1396033000,3427429000,108.85,112.05,8.871,8247789000,599580000,7316855000,7414326000,7648209000,97471000,523784000,833463000,13.26,-241394000,125.25,81.12
2025-12-28,UMBF,8.97,2217071000.0,13.26,None,0.787,94.14,44038000,None,599580000,599580000,1224550000,-1541531000,-93237000,None,8348000,None,None,6248000,27528000,43259000,None,89396000,89396000,5920822000,None,None,None,None,None,45856000,40847000,1.6,0.0135,33787000,33787000,None,0.058,0.22,76319000,122175000,2.48,2012-12-31,10.08,59727000,2217071000.0,434388000,76319000,20001000,4078000,4078000,None,83621000,None,19460000,None,None,35908000,None,None,122717000,None,None,None,0.414,223744000,358069000,76319000,3897809000,5920822000,None,None,None,None,None,None,None,1.73,1.263,4.073,None,None,None,None,None,-20419000,None,0.274,None,236038000,2025-10-28,annual,2.7,USD,post-market,None,342675000,0.0102,0.111,0.696,33.36,190197000,1434504000,1396033000,3427429000,108.85,112.05,8.871,8247789000,599580000,7316855000,7414326000,7648209000,97471000,523784000,833463000,13.26,-241394000,125.25,81.12
2025-12-28,UMBF,8.97,2217071000.0,13.26,None,0.787,94.14,35557000,None,599580000,599580000,935343000,-722372000,426014000,None,5797000,None,None,-656000,27528000,43259000,None,89396000,89396000,5920822000,None,None,None,None,None,45856000,42931000,1.6,0.0135,31801000,31801000,None,0.058,0.22,76319000,122175000,2.48,2011-12-31,10.08,59727000,2217071000.0,434388000,76319000,20001000,4078000,4078000,None,83621000,None,19460000,None,None,35908000,None,None,106472000,None,None,None,0.414,213043000,358069000,76319000,3897809000,5920822000,None,None,None,None,None,None,None,1.73,1.263,4.073,None,None,None,None,None,-9142000,None,0.274,None,236038000,2025-10-28,annual,2.7,USD,post-market,None,342675000,0.0102,0.111,0.696,33.36,190197000,1434504000,1396033000,3427429000,108.85,112.05,8.871,8247789000,599580000,7316855000,7414326000,7648209000,97471000,523784000,833463000,13.26,-241394000,125.25,81.12
2025-12-28,UMBF,8.97,2217071000.0,13.26,None,0.787,94.14,32592000,None,599580000,599580000,603195000,-979217000,-196028000,None,4488000,None,None,-11704000,27528000,43259000,None,89396000,89396000,5920822000,None,None,None,None,None,45856000,39376000,1.6,0.0135,30328000,30328000,None,0.058,0.22,76319000,122175000,2.48,2010-12-31,10.08,59727000,2217071000.0,434388000,76319000,20001000,4078000,4078000,None,83621000,None,19460000,None,None,35908000,None,None,91002000,None,None,None,0.414,179772000,358069000,76319000,3897809000,5920822000,None,None,None,None,None,None,None,1.73,1.263,4.073,None,None,None,None,None,-8879000,None,0.274,None,236038000,2025-10-28,annual,2.7,USD,post-market,None,342675000,0.0102,0.111,0.696,33.36,190197000,1434504000,1396033000,3427429000,108.85,112.05,8.871,8247789000,599580000,7316855000,7414326000,7648209000,97471000,523784000,833463000,13.26,-241394000,125.25,81.12
2025-12-28,UMBF,8.97,2217071000.0,13.26,None,0.787,94.14,23426000,None,599580000,599580000,559048000,-363652000,None,None,5950000,None,None,None,27528000,43259000,None,89396000,89396000,5920822000,None,None,None,None,None,45856000,38107000,1.6,0.0135,28792000,28792000,None,0.058,0.22,76319000,122175000,2.48,2009-12-31,10.08,59727000,2217071000.0,434388000,76319000,20001000,4078000,4078000,None,83621000,None,19460000,None,None,35908000,None,None,89484000,None,None,None,0.414,146690000,358069000,76319000,3897809000,5920822000,None,None,None,None,None,None,None,1.73,1.263,4.073,None,None,None,None,None,-26894000,None,0.274,None,236038000,2025-10-28,annual,2.7,USD,post-market,None,342675000,0.0102,0.111,0.696,33.36,190197000,1434504000,1396033000,3427429000,108.85,112.05,8.871,8247789000,599580000,7316855000,7414326000,7648209000,97471000,523784000,833463000,13.26,-241394000,125.25,81.12
2025-12-28,UMBF,8.97,2217071000.0,13.26,None,0.787,94.14,20637000,None,599580000,599580000,1416950000,-1470022000,None,None,None,None,None,None,27528000,43259000,None,89396000,89396000,5920822000,None,None,None,None,None,45856000,37729000,1.6,0.0135,26814000,26814000,None,0.058,0.22,76319000,122175000,2.48,2008-12-31,10.08,59727000,2217071000.0,434388000,76319000,20001000,4078000,4078000,None,83621000,None,19460000,None,None,35908000,None,None,98075000,None,None,None,0.414,134031000,358069000,76319000,3897809000,5920822000,None,None,None,None,None,None,None,1.73,1.263,4.073,None,None,None,None,None,-23406000,None,0.274,None,236038000,2025-10-28,annual,2.7,USD,post-market,None,342675000,0.0102,0.111,0.696,33.36,190197000,1434504000,1396033000,3427429000,108.85,112.05,8.871,8247789000,599580000,7316855000,7414326000,7648209000,97471000,523784000,833463000,13.26,-241394000,125.25,81.12
2025-12-28,UMBF,8.97,2217071000.0,13.26,None,0.787,94.14,27873000,None,599580000,599580000,298536000,-154405000,None,None,1880000,None,None,None,27528000,43259000,None,89396000,89396000,5920822000,None,None,None,None,None,45856000,37385000,1.6,0.0135,29278000,29278000,None,0.058,0.22,76319000,122175000,2.48,2007-12-31,10.08,59727000,2217071000.0,434388000,76319000,20001000,4078000,4078000,None,83621000,None,19460000,None,None,35908000,None,None,74213000,None,None,None,0.414,131281000,358069000,76319000,3897809000,5920822000,None,None,None,None,None,None,None,1.73,1.263,4.073,None,None,None,None,None,-43309000,None,0.274,None,236038000,2025-10-28,annual,2.7,USD,post-market,None,342675000,0.0102,0.111,0.696,33.36,190197000,1434504000,1396033000,3427429000,108.85,112.05,8.871,8247789000,599580000,7316855000,7414326000,7648209000,97471000,523784000,833463000,13.26,-241394000,125.25,81.12
2025-12-28,UMBF,8.97,2217071000.0,13.26,None,0.787,94.14,39772000,None,599580000,599580000,317279000,-514508000,None,None,5340000,None,None,None,27528000,43259000,None,89396000,89396000,5920822000,None,None,None,None,None,45856000,33721000,1.6,0.0135,21833000,21833000,None,0.058,0.22,76319000,122175000,2.48,2006-12-31,10.08,59727000,2217071000.0,434388000,76319000,20001000,4078000,4078000,None,83621000,None,19460000,None,None,35908000,None,None,59767000,None,None,None,0.414,128837000,358069000,76319000,3897809000,5920822000,None,None,None,None,None,None,None,1.73,1.263,4.073,None,None,None,None,None,-29598000,None,0.274,None,236038000,2025-10-28,annual,2.7,USD,post-market,None,342675000,0.0102,0.111,0.696,33.36,190197000,1434504000,1396033000,3427429000,108.85,112.05,8.871,8247789000,599580000,7316855000,7414326000,7648209000,97471000,523784000,833463000,13.26,-241394000,125.25,81.12
2025-12-28,UMBF,8.97,2217071000.0,13.26,None,0.787,94.14,45429000,None,599580000,599580000,477326000,-480445000,None,None,4568000,None,None,None,27528000,43259000,None,89396000,89396000,5920822000,None,None,None,None,None,45856000,45856000,1.6,0.0135,19015000,19015000,None,0.058,0.22,76319000,122175000,2.48,2005-12-31,10.08,59727000,2217071000.0,434388000,76319000,20001000,4078000,4078000,None,83621000,None,19460000,None,None,35908000,None,None,56318000,None,None,None,0.414,105272000,358069000,76319000,3897809000,5920822000,None,None,None,None,None,None,None,1.73,1.263,4.073,None,None,None,None,None,None,None,0.274,None,236038000,2025-10-28,annual,2.7,USD,post-market,None,342675000,0.0102,0.111,0.696,33.36,190197000,1434504000,1396033000,3427429000,108.85,112.05,8.871,8247789000,599580000,7316855000,7414326000,7648209000,97471000,523784000,833463000,13.26,-241394000,125.25,81.12
