date,symbol,eps,revenue_ttm,pe_ratio,accumulateddepreciationamortizationppe,beta,book_value,capitalexpenditures,capitalleaseobligations,cashandcashequivalentsatcarryingvalue,cashandshortterminvestments,cashflowfromfinancing,cashflowfrominvestment,changeincashandcashequivalents,changeinexchangerate,changeininventory,changeinoperatingassets,changeinoperatingliabilities,changeinreceivables,commonstock,commonstocksharesoutstanding,comprehensiveincomenetoftax,costofgoodsandservicessold,costofrevenue,currentaccountspayable,currentdebt,currentlongtermdebt,currentnetreceivables,deferredrevenue,depreciation,depreciationandamortization,depreciationdepletionandamortization,dividend_per_share,dividend_yield,dividendpayout,dividendpayoutcommonstock,dividendpayoutpreferredstock,earnings_growth_yoy,earnings_surprise,ebit,ebitda,estimated_eps,fiscaldateending,forward_pe,goodwill,gross_profit_ttm,grossprofit,incomebeforetax,incometaxexpense,intangibleassets,intangibleassetsexcludinggoodwill,interestanddebtexpense,interestexpense,interestincome,inventory,investmentincomenet,investments,longtermdebt,longtermdebtnoncurrent,longterminvestments,netincome,netincomefromcontinuingoperations,netinterestincome,noninterestincome,operating_margin_ttm,operatingcashflow,operatingexpenses,operatingincome,othercurrentassets,othercurrentliabilities,othernoncurrentassets,othernoncurrentliabilities,othernonoperatingincome,paymentsforoperatingactivities,paymentsforrepurchaseofcommonstock,paymentsforrepurchaseofequity,paymentsforrepurchaseofpreferredstock,peg_ratio,price_to_book,price_to_sales_ttm,proceedsfromissuanceofcommonstock,proceedsfromissuanceoflongtermdebtandcapitalsecuritiesnet,proceedsfromissuanceofpreferredstock,proceedsfromoperatingactivities,proceedsfromrepaymentsofshorttermdebt,proceedsfromrepurchaseofequity,proceedsfromsaleoftreasurystock,profit_margin,profitloss,propertyplantequipment,report_date,report_type,reported_eps,reportedcurrency,reporttime,researchanddevelopment,retainedearnings,return_on_assets_ttm,return_on_equity_ttm,revenue_growth_yoy,revenue_per_share_ttm,sellinggeneralandadministrative,shortlongtermdebttotal,shorttermdebt,shortterminvestments,sma_200,sma_50,surprise_pct,totalassets,totalcurrentassets,totalcurrentliabilities,totalliabilities,totalnoncurrentassets,totalnoncurrentliabilities,totalrevenue,totalshareholderequity,trailing_pe,treasurystock,week_52_high,week_52_low
1999-12-31,UPS,,,,,,,,,,,,,,,,,,,,,,,,,,,,,,,,,,,,,,0.01,,,0.55,,,,,,,,,,,,,,,,,,,,,,,,,,,,,,,,,,,,,,,,,,,,,,,,,2000-01-31,,0.56,,pre-market,,,,,,,,,,,,,1.8182,,,,,,,,,,,,
2000-03-31,UPS,,,,,,,,,,,,,,,,,,,,,,,,,,,,,,,,,,,,,,0.03,,,0.53,,,,,,,,,,,,,,,,,,,,,,,,,,,,,,,,,,,,,,,,,,,,,,,,,2000-04-20,,0.56,,pre-market,,,,,,,,,,,,,5.6604,,,,,,,,,,,,
2000-06-30,UPS,,,,,,,,,,,,,,,,,,,,,,,,,,,,,,,,,,,,,,0.0,,,0.6,,,,,,,,,,,,,,,,,,,,,,,,,,,,,,,,,,,,,,,,,,,,,,,,,2000-07-20,,0.6,,pre-market,,,,,,,,,,,,,0.0,,,,,,,,,,,,
2000-09-30,UPS,,,,,,,,,,,,,,,,,,,,,,,,,,,,,,,,,,,,,,0.01,,,0.59,,,,,,,,,,,,,,,,,,,,,,,,,,,,,,,,,,,,,,,,,,,,,,,,,2000-10-19,,0.6,,pre-market,,,,,,,,,,,,,1.6949,,,,,,,,,,,,
2000-12-31,UPS,,,,,,,,,,,,,,,,,,,,,,,,,,,,,,,,,,,,,,0.01,,,0.62,,,,,,,,,,,,,,,,,,,,,,,,,,,,,,,,,,,,,,,,,,,,,,,,,2001-01-30,,0.63,,pre-market,,,,,,,,,,,,,1.6129,,,,,,,,,,,,
2001-03-31,UPS,,,,,,,,,,,,,,,,,,,,,,,,,,,,,,,,,,,,,,0.01,,,0.5,,,,,,,,,,,,,,,,,,,,,,,,,,,,,,,,,,,,,,,,,,,,,,,,,2001-04-19,,0.51,,post-market,,,,,,,,,,,,,2.0,,,,,,,,,,,,
2001-06-30,UPS,,,,,,,,,,,,,,,,,,,,,,,,,,,,,,,,,,,,,,0.01,,,0.54,,,,,,,,,,,,,,,,,,,,,,,,,,,,,,,,,,,,,,,,,,,,,,,,,2001-07-19,,0.55,,pre-market,,,,,,,,,,,,,1.8519,,,,,,,,,,,,
2001-09-30,UPS,,,,,,,,,,,,,,,,,,,,,,,,,,,,,,,,,,,,,,0.03,,,0.47,,,,,,,,,,,,,,,,,,,,,,,,,,,,,,,,,,,,,,,,,,,,,,,,,2001-10-18,,0.5,,pre-market,,,,,,,,,,,,,6.383,,,,,,,,,,,,
2001-12-31,UPS,,,,,,,,,,,,,,,,,,,,,,,,,,,,,,,,,,,,,,0.07,,,0.5,,,,,,,,,,,,,,,,,,,,,,,,,,,,,,,,,,,,,,,,,,,,,,,,,2002-01-29,,0.57,,pre-market,,,,,,,,,,,,,14.0,,,,,,,,,,,,
2002-03-31,UPS,,,,,,,,,,,,,,,,,,,,,,,,,,,,,,,,,,,,,,0.03,,,0.47,,,,,,,,,,,,,,,,,,,,,,,,,,,,,,,,,,,,,,,,,,,,,,,,,2002-04-18,,0.5,,pre-market,,,,,,,,,,,,,6.383,,,,,,,,,,,,
2002-06-30,UPS,,,,,,,,,,,,,,,,,,,,,,,,,,,,,,,,,,,,,,0.0,,,0.54,,,,,,,,,,,,,,,,,,,,,,,,,,,,,,,,,,,,,,,,,,,,,,,,,2002-07-15,,0.54,,post-market,,,,,,,,,,,,,0.0,,,,,,,,,,,,
2002-09-30,UPS,,,,,,,,,,,,,,,,,,,,,,,,,,,,,,,,,,,,,,-0.03,,,0.54,,,,,,,,,,,,,,,,,,,,,,,,,,,,,,,,,,,,,,,,,,,,,,,,,2002-10-22,,0.51,,pre-market,,,,,,,,,,,,,-5.5556,,,,,,,,,,,,
2002-12-31,UPS,,,,,,,,,,,,,,,,,,,,,,,,,,,,,,,,,,,,,,0.02,,,0.57,,,,,,,,,,,,,,,,,,,,,,,,,,,,,,,,,,,,,,,,,,,,,,,,,2003-01-28,,0.59,,pre-market,,,,,,,,,,,,,3.5088,,,,,,,,,,,,
2003-03-31,UPS,,,,,,,,,,,,,,,,,,,,,,,,,,,,,,,,,,,,,,0.03,,,0.51,,,,,,,,,,,,,,,,,,,,,,,,,,,,,,,,,,,,,,,,,,,,,,,,,2003-04-22,,0.54,,pre-market,,,,,,,,,,,,,5.8824,,,,,,,,,,,,
2003-06-30,UPS,,,,,,,,,,,,,,,,,,,,,,,,,,,,,,,,,,,,,,0.02,,,0.59,,,,,,,,,,,,,,,,,,,,,,,,,,,,,,,,,,,,,,,,,,,,,,,,,2003-07-22,,0.61,,pre-market,,,,,,,,,,,,,3.3898,,,,,,,,,,,,
2003-09-30,UPS,,,,,,,,,,,,,,,,,,,,,,,,,,,,,,,,,,,,,,0.02,,,0.6,,,,,,,,,,,,,,,,,,,,,,,,,,,,,,,,,,,,,,,,,,,,,,,,,2003-10-21,,0.62,,pre-market,,,,,,,,,,,,,3.3333,,,,,,,,,,,,
2003-12-31,UPS,,,,,,,,,,,,,,,,,,,,,,,,,,,,,,,,,,,,,,0.01,,,0.69,,,,,,,,,,,,,,,,,,,,,,,,,,,,,,,,,,,,,,,,,,,,,,,,,2004-01-29,,0.7,,pre-market,,,,,,,,,,,,,1.4493,,,,,,,,,,,,
2004-03-31,UPS,,,,,,,,,,,,,,,,,,,,,,,,,,,,,,,,,,,,,,0.06,,,0.61,,,,,,,,,,,,,,,,,,,,,,,,,,,,,,,,,,,,,,,,,,,,,,,,,2004-04-22,,0.67,,pre-market,,,,,,,,,,,,,9.8361,,,,,,,,,,,,
2004-06-30,UPS,,,,,,,,,,,,,,,,,,,,,,,,,,,,,,,,,,,,,,0.01,,,0.71,,,,,,,,,,,,,,,,,,,,,,,,,,,,,,,,,,,,,,,,,,,,,,,,,2004-07-22,,0.72,,pre-market,,,,,,,,,,,,,1.4085,,,,,,,,,,,,
2004-09-30,UPS,,,,,,,,,,,,,,,,,,,,,,,,,,,,,,,,,,,,,,-0.02,,,0.72,,,,,,,,,,,,,,,,,,,,,,,,,,,,,,,,,,,,,,,,,,,,,,,,,2004-10-21,,0.7,,pre-market,,,,,,,,,,,,,-2.7778,,,,,,,,,,,,
2004-12-31,UPS,,,,,,,,,,,,,,,,,,,,,,,,,,,,,,,,,,,,,,-0.01,,,0.77,,,,,,,,,,,,,,,,,,,,,,,,,,,,,,,,,,,,,,,,,,,,,,,,,2005-01-27,,0.76,,pre-market,,,,,,,,,,,,,-1.2987,,,,,,,,,,,,
2005-03-31,UPS,,,,,,,,,,,,,,,,,,,,,,,,,,,,,,,,,,,,,,0.01,,,0.73,,,,,,,,,,,,,,,,,,,,,,,,,,,,,,,,,,,,,,,,,,,,,,,,,2005-04-21,,0.74,,pre-market,,,,,,,,,,,,,1.3699,,,,,,,,,,,,
2005-06-30,UPS,,,,,,,,,,,,,,,,,,,,,,,,,,,,,,,,,,,,,,0.03,,,0.85,,,,,,,,,,,,,,,,,,,,,,,,,,,,,,,,,,,,,,,,,,,,,,,,,2005-07-21,,0.88,,pre-market,,,,,,,,,,,,,3.5294,,,,,,,,,,,,
2005-09-30,UPS,,,,,,,,,,,,,,,,,,,,,,,,,,,,,,,,,,,,,,0.0,,,0.86,,,,,,,,,,,,,,,,,,,,,,,,,,,,,,,,,,,,,,,,,,,,,,,,,2005-10-20,,0.86,,pre-market,,,,,,,,,,,,,0.0,,,,,,,,,,,,
2005-12-31,UPS,,,,,,,,,,,,,,,,,,,,,,,,,,,,,,,,,,,,,,-0.01,,,0.96,,,,,,,,,,,,,,,,,,,,,,,,,,,,,,,,,,,,,,,,,,,,,,,,,2006-01-26,,0.95,,pre-market,,,,,,,,,,,,,-1.0417,,,,,,,,,,,,
2006-03-31,UPS,,,,,,,,,,,,,,,,,,,,,,,,,,,,,,,,,,,,,,0.01,,,0.88,,,,,,,,,,,,,,,,,,,,,,,,,,,,,,,,,,,,,,,,,,,,,,,,,2006-04-20,,0.89,,pre-market,,,,,,,,,,,,,1.1364,,,,,,,,,,,,
2006-06-30,UPS,,,,,,,,,,,,,,,,,,,,,,,,,,,,,,,,,,,,,,-0.03,,,1.0,,,,,,,,,,,,,,,,,,,,,,,,,,,,,,,,,,,,,,,,,,,,,,,,,2006-07-25,,0.97,,pre-market,,,,,,,,,,,,,-3.0,,,,,,,,,,,,
2006-09-30,UPS,,,,,,,,,,,,,,,,,,,,,,,,,,,,,,,,,,,,,,0.06,,,0.9,,,,,,,,,,,,,,,,,,,,,,,,,,,,,,,,,,,,,,,,,,,,,,,,,2006-10-19,,0.96,,pre-market,,,,,,,,,,,,,6.6667,,,,,,,,,,,,
2006-12-31,UPS,,,,,,,,,,,,,,,,,,,,,,,,,,,,,,,,,,,,,,0.0,,,1.04,,,,,,,,,,,,,,,,,,,,,,,,,,,,,,,,,,,,,,,,,,,,,,,,,2007-01-30,,1.04,,pre-market,,,,,,,,,,,,,0.0,,,,,,,,,,,,
2007-03-31,UPS,,,,,,,,,,,,,,,,,,,,,,,,,,,,,,,,,,,,,,0.0,,,0.96,,,,,,,,,,,,,,,,,,,,,,,,,,,,,,,,,,,,,,,,,,,,,,,,,2007-04-25,,0.96,,pre-market,,,,,,,,,,,,,0.0,,,,,,,,,,,,
2007-06-30,UPS,,,,,,,,,,,,,,,,,,,,,,,,,,,,,,,,,,,,,,0.01,,,1.03,,,,,,,,,,,,,,,,,,,,,,,,,,,,,,,,,,,,,,,,,,,,,,,,,2007-07-24,,1.04,,pre-market,,,,,,,,,,,,,0.9709,,,,,,,,,,,,
2007-09-30,UPS,,,,,,,,,,,,,,,,,,,,,,,,,,,,,,,,,,,,,,0.03,,,1.02,,,,,,,,,,,,,,,,,,,,,,,,,,,,,,,,,,,,,,,,,,,,,,,,,2007-10-23,,1.05,,pre-market,,,,,,,,,,,,,2.9412,,,,,,,,,,,,
2007-12-31,UPS,,,,,,,,,,,,,,,,,,,,,,,,,,,,,,,,,,,,,,0.01,,,1.12,,,,,,,,,,,,,,,,,,,,,,,,,,,,,,,,,,,,,,,,,,,,,,,,,2008-01-30,,1.13,,pre-market,,,,,,,,,,,,,0.8929,,,,,,,,,,,,
2008-03-31,UPS,,,,,,,,,,,,,,,,,,,,,,,,,,,,,,,,,,,,,,0.01,,,0.86,,,,,,,,,,,,,,,,,,,,,,,,,,,,,,,,,,,,,,,,,,,,,,,,,2008-04-23,,0.87,,pre-market,,,,,,,,,,,,,1.1628,,,,,,,,,,,,
2008-06-30,UPS,,,,,,,,,,,,,,,,,,,,,,,,,,,,,,,,,,,,,,0.0,,,0.85,,,,,,,,,,,,,,,,,,,,,,,,,,,,,,,,,,,,,,,,,,,,,,,,,2008-07-22,,0.85,,pre-market,,,,,,,,,,,,,0.0,,,,,,,,,,,,
2008-09-30,UPS,,,,,,,,,,,,,,,,,,,,,,,,,,,,,,,,,,,,,,0.07,,,0.89,,,,,,,,,,,,,,,,,,,,,,,,,,,,,,,,,,,,,,,,,,,,,,,,,2008-10-23,,0.96,,pre-market,,,,,,,,,,,,,7.8652,,,,,,,,,,,,
2008-12-31,UPS,,,,,,,,,,,,,,,,,,,,,,,,,,,,,,,,,,,,,,-0.02,,,0.85,,,,,,,,,,,,,,,,,,,,,,,,,,,,,,,,,,,,,,,,,,,,,,,,,2009-02-03,,0.83,,pre-market,,,,,,,,,,,,,-2.3529,,,,,,,,,,,,
2009-03-31,UPS,,,,,,,,,,,,,,,,,,,,,,,,,,,,,,,,,,,,,,-0.04,,,0.56,,,,,,,,,,,,,,,,,,,,,,,,,,,,,,,,,,,,,,,,,,,,,,,,,2009-04-23,,0.52,,pre-market,,,,,,,,,,,,,-7.1429,,,,,,,,,,,,
2009-06-30,UPS,,,,,,,,,,,,,,,,,,,,,,,,,,,,,,,,,,,,,,0.0,,,0.49,,,,,,,,,,,,,,,,,,,,,,,,,,,,,,,,,,,,,,,,,,,,,,,,,2009-07-23,,0.49,,pre-market,,,,,,,,,,,,,0.0,,,,,,,,,,,,
2009-09-30,UPS,,,,,,,,,,,,,,,,,,,,,,,,,,,,,,,,,,,,,,0.03,,,0.52,,,,,,,,,,,,,,,,,,,,,,,,,,,,,,,,,,,,,,,,,,,,,,,,,2009-10-22,,0.55,,pre-market,,,,,,,,,,,,,5.7692,,,,,,,,,,,,
2009-12-31,UPS,,,,,,,,,,,,,,,,,,,,,,,,,,,,,,,,,,,,,,0.01,,,0.74,,,,,,,,,,,,,,,,,,,,,,,,,,,,,,,,,,,,,,,,,,,,,,,,,2010-02-02,,0.75,,pre-market,,,,,,,,,,,,,1.3514,,,,,,,,,,,,
2010-03-31,UPS,,,,,,,,,,,,,,,,,,,,,,,,,,,,,,,,,,,,,,0.14,,,0.57,,,,,,,,,,,,,,,,,,,,,,,,,,,,,,,,,,,,,,,,,,,,,,,,,2010-04-27,,0.71,,post-market,,,,,,,,,,,,,24.5614,,,,,,,,,,,,
2010-06-30,UPS,,,,,,,,,,,,,,,,,,,,,,,,,,,,,,,,,,,,,,0.08,,,0.76,,,,,,,,,,,,,,,,,,,,,,,,,,,,,,,,,,,,,,,,,,,,,,,,,2010-07-22,,0.84,,pre-market,,,,,,,,,,,,,10.5263,,,,,,,,,,,,
2010-09-30,UPS,,,,,,,,,,,,,,,,,,,,,,,,,,,,,,,,,,,,,,0.04,,,0.89,,,,,,,,,,,,,,,,,,,,,,,,,,,,,,,,,,,,,,,,,,,,,,,,,2010-10-21,,0.93,,pre-market,,,,,,,,,,,,,4.4944,,,,,,,,,,,,
2010-12-31,UPS,,,,,,,,,,,,,,,,,,,,,,,,,,,,,,,,,,,,,,0.03,,,1.05,,,,,,,,,,,,,,,,,,,,,,,,,,,,,,,,,,,,,,,,,,,,,,,,,2011-02-01,,1.08,,pre-market,,,,,,,,,,,,,2.8571,,,,,,,,,,,,
2011-03-31,UPS,,,,,,,,,,,,,,,,,,,,,,,,,,,,,,,,,,,,,,0.03,,,0.85,,,,,,,,,,,,,,,,,,,,,,,,,,,,,,,,,,,,,,,,,,,,,,,,,2011-04-26,,0.88,,pre-market,,,,,,,,,,,,,3.5294,,,,,,,,,,,,
2011-06-30,UPS,,,,,,,,,,,,,,,,,,,,,,,,,,,,,,,,,,,,,,0.01,,,1.04,,,,,,,,,,,,,,,,,,,,,,,,,,,,,,,,,,,,,,,,,,,,,,,,,2011-07-26,,1.05,,pre-market,,,,,,,,,,,,,0.9615,,,,,,,,,,,,
2011-09-30,UPS,,,,,,,,,,,,,,,,,,,,,,,,,,,,,,,,,,,,,,0.01,,,1.05,,,,,,,,,,,,,,,,,,,,,,,,,,,,,,,,,,,,,,,,,,,,,,,,,2011-10-25,,1.06,,pre-market,,,,,,,,,,,,,0.9524,,,,,,,,,,,,
2011-12-31,UPS,,,,,,,,,,,,,,,,,,,,,,,,,,,,,,,,,,,,,,-0.06,,,1.34,,,,,,,,,,,,,,,,,,,,,,,,,,,,,,,,,,,,,,,,,,,,,,,,,2012-01-31,,1.28,,pre-market,,,,,,,,,,,,,-4.4776,,,,,,,,,,,,
2012-03-31,UPS,,,,,,,,,,,,,,,,,,,,,,,,,,,,,,,,,,,,,,-0.02,,,1.02,,,,,,,,,,,,,,,,,,,,,,,,,,,,,,,,,,,,,,,,,,,,,,,,,2012-04-26,,1.0,,pre-market,,,,,,,,,,,,,-1.9608,,,,,,,,,,,,
2012-06-30,UPS,,,,,,,,,,,,,,,,,,,,,,,,,,,,,,,,,,,,,,-0.02,,,1.17,,,,,,,,,,,,,,,,,,,,,,,,,,,,,,,,,,,,,,,,,,,,,,,,,2012-07-24,,1.15,,pre-market,,,,,,,,,,,,,-1.7094,,,,,,,,,,,,
2012-09-30,UPS,,,,,,,,,,,,,,,,,,,,,,,,,,,,,,,,,,,,,,0.0,,,1.06,,,,,,,,,,,,,,,,,,,,,,,,,,,,,,,,,,,,,,,,,,,,,,,,,2012-10-23,,1.06,,pre-market,,,,,,,,,,,,,0.0,,,,,,,,,,,,
2012-12-31,UPS,,,,,,,,,,,,,,,,,,,,,,,,,,,,,,,,,,,,,,-0.06,,,1.38,,,,,,,,,,,,,,,,,,,,,,,,,,,,,,,,,,,,,,,,,,,,,,,,,2013-01-31,,1.32,,pre-market,,,,,,,,,,,,,-4.3478,,,,,,,,,,,,
2013-03-31,UPS,,,,,,,,,,,,,,,,,,,,,,,,,,,,,,,,,,,,,,0.02,,,1.02,,,,,,,,,,,,,,,,,,,,,,,,,,,,,,,,,,,,,,,,,,,,,,,,,2013-04-25,,1.04,,pre-market,,,,,,,,,,,,,1.9608,,,,,,,,,,,,
2013-06-30,UPS,,,,,,,,,,,,,,,,,,,,,,,,,,,,,,,,,,,,,,0.0,,,1.13,,,,,,,,,,,,,,,,,,,,,,,,,,,,,,,,,,,,,,,,,,,,,,,,,2013-07-23,,1.13,,pre-market,,,,,,,,,,,,,0.0,,,,,,,,,,,,
2013-09-30,UPS,,,,,,,,,,,,,,,,,,,,,,,,,,,,,,,,,,,,,,0.01,,,1.15,,,,,,,,,,,,,,,,,,,,,,,,,,,,,,,,,,,,,,,,,,,,,,,,,2013-10-25,,1.16,,pre-market,,,,,,,,,,,,,0.8696,,,,,,,,,,,,
2013-12-31,UPS,,,,,,,,,,,,,,,,,,,,,,,,,,,,,,,,,,,,,,0.0,,,1.25,,,,,,,,,,,,,,,,,,,,,,,,,,,,,,,,,,,,,,,,,,,,,,,,,2014-01-30,,1.25,,pre-market,,,,,,,,,,,,,0.0,,,,,,,,,,,,
2014-03-31,UPS,,,,,,,,,,,,,,,,,,,,,,,,,,,,,,,,,,,,,,-0.1,,,1.08,,,,,,,,,,,,,,,,,,,,,,,,,,,,,,,,,,,,,,,,,,,,,,,,,2014-04-24,,0.98,,pre-market,,,,,,,,,,,,,-9.2593,,,,,,,,,,,,
2014-06-30,UPS,,,,,,,,,,,,,,,,,,,,,,,,,,,,,,,,,,,,,,-0.04,,,1.25,,,,,,,,,,,,,,,,,,,,,,,,,,,,,,,,,,,,,,,,,,,,,,,,,2014-07-29,,1.21,,pre-market,,,,,,,,,,,,,-3.2,,,,,,,,,,,,
2014-09-30,UPS,,,,,,,,,,,,,,,,,,,,,,,,,,,,,,,,,,,,,,0.04,,,1.28,,,,,,,,,,,,,,,,,,,,,,,,,,,,,,,,,,,,,,,,,,,,,,,,,2014-10-24,,1.32,,pre-market,,,,,,,,,,,,,3.125,,,,,,,,,,,,
2014-12-31,UPS,,,,,,,,,,,,,,,,,,,,,,,,,,,,,,,,,,,,,,0.0,,,1.25,,,,,,,,,,,,,,,,,,,,,,,,,,,,,,,,,,,,,,,,,,,,,,,,,2015-02-03,,1.25,,pre-market,,,,,,,,,,,,,0.0,,,,,,,,,,,,
2015-03-31,UPS,,,,,,,,,,,,,,,,,,,,,,,,,,,,,,,,,,,,,,0.03,,,1.09,,,,,,,,,,,,,,,,,,,,,,,,,,,,,,,,,,,,,,,,,,,,,,,,,2015-04-28,,1.12,,pre-market,,,,,,,,,,,,,2.7523,,,,,,,,,,,,
2015-06-30,UPS,,,,,,,,,,,,,,,,,,,,,,,,,,,,,,,,,,,,,,0.08,,,1.27,,,,,,,,,,,,,,,,,,,,,,,,,,,,,,,,,,,,,,,,,,,,,,,,,2015-07-28,,1.35,,pre-market,,,,,,,,,,,,,6.2992,,,,,,,,,,,,
2015-09-30,UPS,,,,,,,,,,,,,,,,,,,,,,,,,,,,,,,,,,,,,,0.02,,,1.37,,,,,,,,,,,,,,,,,,,,,,,,,,,,,,,,,,,,,,,,,,,,,,,,,2015-10-27,,1.39,,pre-market,,,,,,,,,,,,,1.4599,,,,,,,,,,,,
2015-12-31,UPS,,,,,,,,,,,,,,,,,,,,,,,,,,,,,,,,,,,,,,0.15,,,1.42,,,,,,,,,,,,,,,,,,,,,,,,,,,,,,,,,,,,,,,,,,,,,,,,,2016-02-02,,1.57,,pre-market,,,,,,,,,,,,,10.5634,,,,,,,,,,,,
2016-03-31,UPS,,,,,,,,,,,,,,,,,,,,,,,,,,,,,,,,,,,,,,0.06,,,1.21,,,,,,,,,,,,,,,,,,,,,,,,,,,,,,,,,,,,,,,,,,,,,,,,,2016-04-28,,1.27,,pre-market,,,,,,,,,,,,,4.9587,,,,,,,,,,,,
2016-06-30,UPS,,,,,,,,,,,,,,,,,,,,,,,,,,,,,,,,,,,,,,0.0,,,1.43,,,,,,,,,,,,,,,,,,,,,,,,,,,,,,,,,,,,,,,,,,,,,,,,,2016-07-29,,1.43,,pre-market,,,,,,,,,,,,,0.0,,,,,,,,,,,,
2016-09-30,UPS,,,,,,,,,,,,,,,,,,,,,,,,,,,,,,,,,,,,,,0.0,,,1.44,,,,,,,,,,,,,,,,,,,,,,,,,,,,,,,,,,,,,,,,,,,,,,,,,2016-10-27,,1.44,,pre-market,,,,,,,,,,,,,0.0,,,,,,,,,,,,
2016-12-31,UPS,,,,,,,,,,,,,,,,,,,,,,,,,,,,,,,,,,,,,,-0.06,,,1.69,,,,,,,,,,,,,,,,,,,,,,,,,,,,,,,,,,,,,,,,,,,,,,,,,2017-01-31,,1.63,,pre-market,,,,,,,,,,,,,-3.5503,,,,,,,,,,,,
2017-03-31,UPS,,,,,,,,,,,,,,,,,,,,,,,,,,,,,,,,,,,,,,0.03,,,1.29,,,,,,,,,,,,,,,,,,,,,,,,,,,,,,,,,,,,,,,,,,,,,,,,,2017-04-27,,1.32,,pre-market,,,,,,,,,,,,,2.3256,,,,,,,,,,,,
2017-06-30,UPS,,,,,,,,,,,,,,,,,,,,,,,,,,,,,,,,,,,,,,0.11,,,1.47,,,,,,,,,,,,,,,,,,,,,,,,,,,,,,,,,,,,,,,,,,,,,,,,,2017-07-27,,1.58,,pre-market,,,,,,,,,,,,,7.483,,,,,,,,,,,,
2017-09-30,UPS,,,,,,,,,,,,,,,,,,,,,,,,,,,,,,,,,,,,,,0.0,,,1.45,,,,,,,,,,,,,,,,,,,,,,,,,,,,,,,,,,,,,,,,,,,,,,,,,2017-10-26,,1.45,,pre-market,,,,,,,,,,,,,0.0,,,,,,,,,,,,
2017-12-31,UPS,,,,,,,,,,,,,,,,,,,,,,,,,,,,,,,,,,,,,,0.01,,,1.66,,,,,,,,,,,,,,,,,,,,,,,,,,,,,,,,,,,,,,,,,,,,,,,,,2018-02-01,,1.67,,pre-market,,,,,,,,,,,,,0.6024,,,,,,,,,,,,
2018-03-31,UPS,,,,,,,,,,,,,,,,,,,,,,,,,,,,,,,,,,,,,,0.01,,,1.54,,,,,,,,,,,,,,,,,,,,,,,,,,,,,,,,,,,,,,,,,,,,,,,,,2018-04-26,,1.55,,pre-market,,,,,,,,,,,,,0.6494,,,,,,,,,,,,
2018-06-30,UPS,,,,,,,,,,,,,,,,,,,,,,,,,,,,,,,,,,,,,,0.01,,,1.93,,,,,,,,,,,,,,,,,,,,,,,,,,,,,,,,,,,,,,,,,,,,,,,,,2018-07-25,,1.94,,pre-market,,,,,,,,,,,,,0.5181,,,,,,,,,,,,
2018-09-30,UPS,,,,,,,,,,,,,,,,,,,,,,,,,,,,,,,,,,,,,,0.0,,,1.82,,,,,,,,,,,,,,,,,,,,,,,,,,,,,,,,,,,,,,,,,,,,,,,,,2018-10-24,,1.82,,pre-market,,,,,,,,,,,,,0.0,,,,,,,,,,,,
2018-12-31,UPS,,,,,,,,,,,,,,,,,,,,,,,,,,,,,,,,,,,,,,0.03,,,1.91,,,,,,,,,,,,,,,,,,,,,,,,,,,,,,,,,,,,,,,,,,,,,,,,,2019-01-31,,1.94,,pre-market,,,,,,,,,,,,,1.5707,,,,,,,,,,,,
2019-03-31,UPS,,,,,,,,,,,,,,,,,,,,,,,,,,,,,,,,,,,,,,-0.04,,,1.43,,,,,,,,,,,,,,,,,,,,,,,,,,,,,,,,,,,,,,,,,,,,,,,,,2019-04-25,,1.39,,pre-market,,,,,,,,,,,,,-2.7972,,,,,,,,,,,,
2019-06-30,UPS,,,,,,,,,,,,,,,,,,,,,,,,,,,,,,,,,,,,,,0.03,,,1.93,,,,,,,,,,,,,,,,,,,,,,,,,,,,,,,,,,,,,,,,,,,,,,,,,2019-07-24,,1.96,,pre-market,,,,,,,,,,,,,1.5544,,,,,,,,,,,,
2019-09-30,UPS,,,,,,,,,,,,,,,,,,,,,,,,,,,,,,,,,,,,,,0.01,,,2.06,,,,,,,,,,,,,,,,,,,,,,,,,,,,,,,,,,,,,,,,,,,,,,,,,2019-10-22,,2.07,,pre-market,,,,,,,,,,,,,0.4854,,,,,,,,,,,,
2019-12-31,UPS,,,,,,,,,,,,,,,,,,,,,,,,,,,,,,,,,,,,,,0.0,,,2.11,,,,,,,,,,,,,,,,,,,,,,,,,,,,,,,,,,,,,,,,,,,,,,,,,2020-01-30,,2.11,,pre-market,,,,,,,,,,,,,0.0,,,,,,,,,,,,
2020-03-31,UPS,,,,,,,,,,,,,,,,,,,,,,,,,,,,,,,,,,,,,,-0.08,,,1.23,,,,,,,,,,,,,,,,,,,,,,,,,,,,,,,,,,,,,,,,,,,,,,,,,2020-04-28,,1.15,,pre-market,,,,,,,,,,,,,-6.5041,,,,,,,,,,,,
2020-06-30,UPS,,,,,,,,,,,,,,,,,,,,,,,,,,,,,,,,,,,,,,1.05,,,1.08,,,,,,,,,,,,,,,,,,,,,,,,,,,,,,,,,,,,,,,,,,,,,,,,,2020-07-30,,2.13,,pre-market,,,,,,,,,,,,,97.2222,,,,,,,,,,,,
2020-09-30,UPS,,,,,,,,,,,,,,,,,,,,,,,,,,,,,,,,,,,,,,0.38,,,1.9,,,,,,,,,,,,,,,,,,,,,,,,,,,,,,,,,,,,,,,,,,,,,,,,,2020-10-28,,2.28,,pre-market,,,,,,,,,,,,,20.0,,,,,,,,,,,,
2020-12-31,UPS,,,,,,,,,,,,,,,,,,,,,,,,,,,,,,,,,,,,,,0.51,,,2.15,,,,,,,,,,,,,,,,,,,,,,,,,,,,,,,,,,,,,,,,,,,,,,,,,2021-02-02,,2.66,,pre-market,,,,,,,,,,,,,23.7209,,,,,,,,,,,,
2021-03-31,UPS,,,,,,,,,,,,,,,,,,,,,,,,,,,,,,,,,,,,,,1.05,,,1.72,,,,,,,,,,,,,,,,,,,,,,,,,,,,,,,,,,,,,,,,,,,,,,,,,2021-04-27,,2.77,,pre-market,,,,,,,,,,,,,61.0465,,,,,,,,,,,,
2021-06-30,UPS,,,,,,,,,,,,,,,,,,,,,,,,,,,,,,,,,,,,,,0.25,,,2.81,,,,,,,,,,,,,,,,,,,,,,,,,,,,,,,,,,,,,,,,,,,,,,,,,2021-07-27,,3.06,,pre-market,,,,,,,,,,,,,8.8968,,,,,,,,,,,,
2021-09-30,UPS,,,,,,,,,,,,,,,,,,,,,,,,,,,,,,,,,,,,,,0.16,,,2.55,,,,,,,,,,,,,,,,,,,,,,,,,,,,,,,,,,,,,,,,,,,,,,,,,2021-10-26,,2.71,,pre-market,,,,,,,,,,,,,6.2745,,,,,,,,,,,,
2021-12-31,UPS,,,,,,,,,,,,,,,,,,,,,,,,,,,,,,,,,,,,,,0.49,,,3.1,,,,,,,,,,,,,,,,,,,,,,,,,,,,,,,,,,,,,,,,,,,,,,,,,2022-02-01,,3.59,,pre-market,,,,,,,,,,,,,15.8065,,,,,,,,,,,,
2022-03-31,UPS,,,,,,,,,,,,,,,,,,,,,,,,,,,,,,,,,,,,,,0.17,,,2.88,,,,,,,,,,,,,,,,,,,,,,,,,,,,,,,,,,,,,,,,,,,,,,,,,2022-04-26,,3.05,,pre-market,,,,,,,,,,,,,5.9028,,,,,,,,,,,,
2022-06-30,UPS,,,,,,,,,,,,,,,,,,,,,,,,,,,,,,,,,,,,,,0.13,,,3.16,,,,,,,,,,,,,,,,,,,,,,,,,,,,,,,,,,,,,,,,,,,,,,,,,2022-07-26,,3.29,,pre-market,,,,,,,,,,,,,4.1139,,,,,,,,,,,,
2022-09-30,UPS,,,,,,,,,,,,,,,,,,,,,,,,,,,,,,,,,,,,,,0.14,,,2.85,,,,,,,,,,,,,,,,,,,,,,,,,,,,,,,,,,,,,,,,,,,,,,,,,2022-10-25,,2.99,,pre-market,,,,,,,,,,,,,4.9123,,,,,,,,,,,,
2022-12-31,UPS,,,,,,,,,,,,,,,,,,,,,,,,,,,,,,,,,,,,,,0.04,,,3.58,,,,,,,,,,,,,,,,,,,,,,,,,,,,,,,,,,,,,,,,,,,,,,,,,2023-01-31,,3.62,,pre-market,,,,,,,,,,,,,1.1173,,,,,,,,,,,,
2023-03-31,UPS,,,,,,,,,,,,,,,,,,,,,,,,,,,,,,,,,,,,,,-0.01,,,2.21,,,,,,,,,,,,,,,,,,,,,,,,,,,,,,,,,,,,,,,,,,,,,,,,,2023-04-25,,2.2,,pre-market,,,,,,,,,,,,,-0.4525,,,,,,,,,,,,
2023-06-30,UPS,,,,,,,,,,,,,,,,,,,,,,,,,,,,,,,,,,,,,,0.04,,,2.5,,,,,,,,,,,,,,,,,,,,,,,,,,,,,,,,,,,,,,,,,,,,,,,,,2023-08-08,,2.54,,pre-market,,,,,,,,,,,,,1.6,,,,,,,,,,,,
2023-09-30,UPS,,,,,,,,,,,,,,,,,,,,,,,,,,,,,,,,,,,,,,0.01,,,1.56,,,,,,,,,,,,,,,,,,,,,,,,,,,,,,,,,,,,,,,,,,,,,,,,,2023-10-26,,1.57,,pre-market,,,,,,,,,,,,,0.641,,,,,,,,,,,,
2023-12-31,UPS,,,,,,,,,,,,,,,,,,,,,,,,,,,,,,,,,,,,,,0.01,,,2.46,,,,,,,,,,,,,,,,,,,,,,,,,,,,,,,,,,,,,,,,,,,,,,,,,2024-01-30,,2.47,,pre-market,,,,,,,,,,,,,0.4065,,,,,,,,,,,,
2024-03-31,UPS,,,,,,,,,,,,,,,,,,,,,,,,,,,,,,,,,,,,,,0.09,,,1.34,,,,,,,,,,,,,,,,,,,,,,,,,,,,,,,,,,,,,,,,,,,,,,,,,2024-04-23,,1.43,,pre-market,,,,,,,,,,,,,6.7164,,,,,,,,,,,,
2024-06-30,UPS,,,,,,,,,,,,,,,,,,,,,,,,,,,,,,,,,,,,,,-0.2,,,1.99,,,,,,,,,,,,,,,,,,,,,,,,,,,,,,,,,,,,,,,,,,,,,,,,,2024-07-23,,1.79,,pre-market,,,,,,,,,,,,,-10.0503,,,,,,,,,,,,
2024-09-30,UPS,,,,,,,,,,,,,,,,,,,,,,,,,,,,,,,,,,,,,,0.14,,,1.62,,,,,,,,,,,,,,,,,,,,,,,,,,,,,,,,,,,,,,,,,,,,,,,,,2024-10-24,,1.76,,pre-market,,,,,,,,,,,,,8.642,,,,,,,,,,,,
2024-12-31,UPS,,,,,,,,,,,,,,,,,,,,,,,,,,,,,,,,,,,,,,0.22,,,2.53,,,,,,,,,,,,,,,,,,,,,,,,,,,,,,,,,,,,,,,,,,,,,,,,,2025-01-30,,2.75,,pre-market,,,,,,,,,,,,,8.6957,,,,,,,,,,,,
2025-03-31,UPS,,,,,,,,,,,,,,,,,,,,,,,,,,,,,,,,,,,,,,0.11,,,1.38,,,,,,,,,,,,,,,,,,,,,,,,,,,,,,,,,,,,,,,,,,,,,,,,,2025-04-29,,1.49,,pre-market,,,,,,,,,,,,,7.971,,,,,,,,,,,,
2025-06-30,UPS,,,,,,,,,,,,,,,,,,,,,,,,,,,,,,,,,,,,,,-0.02,,,1.57,,,,,,,,,,,,,,,,,,,,,,,,,,,,,,,,,,,,,,,,,,,,,,,,,2025-07-29,,1.55,,pre-market,,,,,,,,,,,,,-1.2739,,,,,,,,,,,,
2025-09-30,UPS,,,,,,,,,,,,,,,,,,,,,,,,,,,,,,,,,,,,,,0.44,,,1.3,,,,,,,,,,,,,,,,,,,,,,,,,,,,,,,,,,,,,,,,,,,,,,,,,2025-10-28,,1.74,,pre-market,,,,,,,,,,,,,33.8462,,,,,,,,,,,,
2025-12-28,UPS,6.47,89483002000.0,15.54,,1.094,18.66,,,,,,,,,,,,,,,,,,,,,,,,,,6.55,0.0651,,,,-0.141,0.44,,,1.3,,13.64,,19410000000.0,,,,,,,,,,,,,,,,,,,0.102,,,,,,,,,,,,,1.566,5.39,0.953,,,,,,,,0.0615,,,2025-10-28,,1.74,,pre-market,,,0.0712,0.336,-0.037,105.31,,,,,95.42,94.73,33.8462,,,,,,,,,15.54,,128.18,80.6
2025-12-28,UPS,6.47,89483002000.0,15.54,,1.094,18.66,,,,,,,,,,,,,,,None,17929000000,17929000000,,,,,,None,926000000,,6.55,0.0651,,,,-0.141,0.44,1898000000,2824000000,1.3,2025-09-30,13.64,,19410000000.0,3486000000,1607000000,296000000,,,None,291000000,291000000,,None,,,,,1311000000,1311000000,-291000000,None,0.102,,1682000000,1804000000,,,,,None,,,,,1.566,5.39,0.953,,,,,,,,0.0615,,,2025-10-28,quarterly,1.74,USD,pre-market,None,,0.0712,0.336,-0.037,105.31,13469000000,,,,95.42,94.73,33.8462,,,,,,,21415000000,,15.54,,128.18,80.6
2025-12-28,UPS,6.47,89483002000.0,15.54,,1.094,18.66,,,,,,,,,,,,,,,None,17441000000,17441000000,,,,,,None,936000000,,6.55,0.0651,,,,-0.141,0.44,1900000000,2836000000,1.3,2025-06-30,13.64,,19410000000.0,3780000000,1662000000,379000000,,,None,238000000,238000000,,None,,,,,1283000000,1283000000,-238000000,None,0.102,,1958000000,1822000000,,,,,None,,,,,1.566,5.39,0.953,,,,,,,,0.0615,,,2025-10-28,quarterly,1.74,USD,pre-market,None,,0.0712,0.336,-0.037,105.31,12925000000,,,,95.42,94.73,33.8462,,,,,,,21221000000,,15.54,,128.18,80.6
2025-12-28,UPS,6.47,89483002000.0,15.54,,1.094,18.66,,,,,,,,,,,,,,,None,17842000000,17842000000,,,,,,None,912000000,,6.55,0.0651,,,,-0.141,0.44,1744000000,2656000000,1.3,2025-03-31,13.64,,19410000000.0,3647000000,1523000000,336000000,,,None,221000000,222000000,,None,,,,,1187000000,1187000000,-222000000,None,0.102,,1948000000,1699000000,,,,,None,,,,,1.566,5.39,0.953,,,,,,,,0.0615,,,2025-10-28,quarterly,1.74,USD,pre-market,None,,0.0712,0.336,-0.037,105.31,13166000000,,,,95.42,94.73,33.8462,,,,,,,21489000000,,15.54,,128.18,80.6
2025-12-28,UPS,6.47,89483002000.0,15.54,,1.094,18.66,,,,,,,,,,,,,,,None,19989000000,19989000000,,,,,,None,919000000,,6.55,0.0651,,,,-0.141,0.44,2355000000,3274000000,1.3,2024-12-31,13.64,,19410000000.0,5254000000,2127000000,406000000,,,None,228000000,229000000,,None,,,,,1721000000,1721000000,-229000000,None,0.102,,2268000000,2986000000,,,,,None,,,,,1.566,5.39,0.953,,,,,,,,0.0615,,,2025-10-28,quarterly,1.74,USD,pre-market,None,,0.0712,0.336,-0.037,105.31,14315000000,,,,95.42,94.73,33.8462,,,,,,,25243000000,,15.54,,128.18,80.6
2025-12-28,UPS,6.47,89483002000.0,15.54,,1.094,18.66,,,,,,,,,,,,,,,None,18423000000,18423000000,,,,,,None,905000000,,6.55,0.0651,,,,-0.141,0.44,2139000000,3044000000,1.3,2024-09-30,13.64,,19410000000.0,3792000000,1910000000,371000000,,,None,229000000,230000000,,None,,,,,1539000000,1539000000,-230000000,None,0.102,,1683000000,2109000000,,,,,None,,,,,1.566,5.39,0.953,,,,,,,,0.0615,,,2025-10-28,quarterly,1.74,USD,pre-market,None,,0.0712,0.336,-0.037,105.31,13185000000,,,,95.42,94.73,33.8462,,,,,,,22215000000,,15.54,,128.18,80.6
2025-12-28,UPS,6.47,89483002000.0,15.54,,1.094,18.66,,,,,,,,,,,,,,,None,17995000000,17995000000,,,,,,None,887000000,,6.55,0.0651,,,,-0.141,0.44,2079000000,2966000000,1.3,2024-06-30,13.64,,19410000000.0,3776000000,1869000000,460000000,,,None,210000000,None,,None,,,,,1409000000,1409000000,-212000000,None,0.102,,1847000000,1929000000,,,,,None,,,,,1.566,5.39,0.953,,,,,,,,0.0615,,,2025-10-28,quarterly,1.74,USD,pre-market,None,,0.0712,0.336,-0.037,105.31,None,,,,95.42,94.73,33.8462,,,,,,,21771000000,,15.54,,128.18,80.6
2025-12-28,UPS,6.47,89483002000.0,15.54,,1.094,18.66,,,,,,,,,,,,,,,None,18094000000,18094000000,,,,,,None,898000000,,6.55,0.0651,,,,-0.141,0.44,1730000000,2628000000,1.3,2024-03-31,13.64,,19410000000.0,3571000000,1536000000,423000000,,,None,194000000,None,,None,,,,,1113000000,1113000000,-195000000,None,0.102,,1865000000,1706000000,,,,,None,,,,,1.566,5.39,0.953,,,,,,,,0.0615,,,2025-10-28,quarterly,1.74,USD,pre-market,None,,0.0712,0.336,-0.037,105.31,None,,,,95.42,94.73,33.8462,,,,,,,21665000000,,15.54,,128.18,80.6
2025-12-28,UPS,6.47,89483002000.0,15.54,,1.094,18.66,,,,,,,,,,,,,,,None,19939000000,19939000000,,,,,,None,867000000,,6.55,0.0651,,,,-0.141,0.44,2269000000,3136000000,1.3,2023-12-31,13.64,,19410000000.0,4925000000,2063000000,458000000,,,None,206000000,None,,None,,,,,1605000000,1605000000,-207000000,None,0.102,,2297000000,2628000000,,,,,None,,,,,1.566,5.39,0.953,,,,,,,,0.0615,,,2025-10-28,quarterly,1.74,USD,pre-market,None,,0.0712,0.336,-0.037,105.31,None,,,,95.42,94.73,33.8462,,,,,,,24864000000,,15.54,,128.18,80.6
2025-12-28,UPS,6.47,89483002000.0,15.54,,1.094,18.66,,,,,,,,,,,,,,,None,17674000000,17674000000,,,,,,None,837000000,,6.55,0.0651,,,,-0.141,0.44,1461000000,2298000000,1.3,2023-09-30,13.64,,19410000000.0,3346000000,1268000000,141000000,,,None,193000000,199000000,,None,,,,,1127000000,1127000000,-199000000,None,0.102,,1889000000,1457000000,,,,,None,,,,,1.566,5.39,0.953,,,,,,,,0.0615,,,2025-10-28,quarterly,1.74,USD,pre-market,None,,0.0712,0.336,-0.037,105.31,12728000000,,,,95.42,94.73,33.8462,,,,,,,21020000000,,15.54,,128.18,80.6
2025-12-28,UPS,6.47,89483002000.0,15.54,,1.094,18.66,,,,,,,,,,,,,,,None,17319000000,17319000000,,,,,,None,828000000,,6.55,0.0651,,,,-0.141,0.44,2909000000,3737000000,1.3,2023-06-30,13.64,,19410000000.0,4685000000,2720000000,639000000,,,None,189000000,191000000,,None,,,,,2081000000,2081000000,-191000000,None,0.102,,1817000000,2868000000,,,,,131000000,,,,,1.566,5.39,0.953,,,,,,,,0.0615,,,2025-10-28,quarterly,1.74,USD,pre-market,None,,0.0712,0.336,-0.037,105.31,13044000000,,,,95.42,94.73,33.8462,,,,,,,22004000000,,15.54,,128.18,80.6
2025-12-28,UPS,6.47,89483002000.0,15.54,,1.094,18.66,,,,,,,,,,,,,,,None,18398000000,18398000000,,,,,,None,834000000,,6.55,0.0651,,,,-0.141,0.44,2709000000,3543000000,1.3,2023-03-31,13.64,,19410000000.0,4459000000,2522000000,627000000,,,None,187000000,188000000,,None,,,,,1895000000,1895000000,-188000000,None,0.102,,1983000000,2476000000,,,,,169000000,,,,,1.566,5.39,0.953,,,,,,,,0.0615,,,2025-10-28,quarterly,1.74,USD,pre-market,None,,0.0712,0.336,-0.037,105.31,12738000000,,,,95.42,94.73,33.8462,,,,,,,22857000000,,15.54,,128.18,80.6
2025-12-28,UPS,6.47,89483002000.0,15.54,,1.094,18.66,,,,,,,,,,,,,,,None,21367000000,21367000000,,,,,,None,888000000,,6.55,0.0651,,,,-0.141,0.44,4648000000,5536000000,1.3,2022-12-31,13.64,,19410000000.0,5564000000,4467000000,1014000000,,,None,181000000,182000000,,None,,,,,3453000000,3453000000,-182000000,None,0.102,,2425000000,3139000000,,,,,1454000000,,,,,1.566,5.39,0.953,,,,,,,,0.0615,,,2025-10-28,quarterly,1.74,USD,pre-market,None,,0.0712,0.336,-0.037,105.31,11616000000,,,,95.42,94.73,33.8462,,,,,,,26931000000,,15.54,,128.18,80.6
2025-12-28,UPS,6.47,89483002000.0,15.54,,1.094,18.66,,,,,,,,,,,,,,,None,19034000000,19034000000,,,,,,None,774000000,,6.55,0.0651,,,,-0.141,0.44,3442000000,4216000000,1.3,2022-09-30,13.64,,19410000000.0,5033000000,3269000000,685000000,,,None,173000000,177000000,,None,,,,,2584000000,2584000000,-177000000,None,0.102,,1978000000,3055000000,,,,,333000000,,,,,1.566,5.39,0.953,,,,,,,,0.0615,,,2025-10-28,quarterly,1.74,USD,pre-market,None,,0.0712,0.336,-0.037,105.31,12572000000,,,,95.42,94.73,33.8462,,,,,,,24067000000,,15.54,,128.18,80.6
2025-12-28,UPS,6.47,89483002000.0,15.54,,1.094,18.66,,,,,,,,,,,,,,,None,19242000000,19242000000,,,,,,None,762000000,,6.55,0.0651,,,,-0.141,0.44,3866000000,4628000000,1.3,2022-06-30,13.64,,19410000000.0,5457000000,3697000000,848000000,,,None,169000000,171000000,,None,,,,,2849000000,2849000000,-171000000,None,0.102,,1948000000,3509000000,,,,,333000000,,,,,1.566,5.39,0.953,,,,,,,,0.0615,,,2025-10-28,quarterly,1.74,USD,pre-market,None,,0.0712,0.336,-0.037,105.31,13324000000,,,,95.42,94.73,33.8462,,,,,,,24699000000,,15.54,,128.18,80.6
2025-12-28,UPS,6.47,89483002000.0,15.54,,1.094,18.66,,,,,,,,,,,,,,,None,19284000000,19284000000,,,,,,None,764000000,,6.55,0.0651,,,,-0.141,0.44,3563000000,4327000000,1.3,2022-03-31,13.64,,19410000000.0,5053000000,3392000000,730000000,,,None,171000000,174000000,,None,,,,,2662000000,2662000000,-174000000,None,0.102,,1788000000,3265000000,,,,,315000000,,,,,1.566,5.39,0.953,,,,,,,,0.0615,,,2025-10-28,quarterly,1.74,USD,pre-market,None,,0.0712,0.336,-0.037,105.31,11616000000,,,,95.42,94.73,33.8462,,,,,,,24337000000,,15.54,,128.18,80.6
2025-12-28,UPS,6.47,89483002000.0,15.54,,1.094,18.66,,,,,,,,,,,,,,,None,21422000000,21422000000,,,,,,None,754000000,,6.55,0.0651,,,,-0.141,0.44,4132000000,4886000000,1.3,2021-12-31,13.64,,19410000000.0,6310000000,3962000000,869000000,,,None,170000000,173000000,,None,,,,,3093000000,3093000000,-173000000,None,0.102,,2386000000,3924000000,,,,,244000000,,,,,1.566,5.39,0.953,,,,,,,,0.0615,,,2025-10-28,quarterly,1.74,USD,pre-market,None,,0.0712,0.336,-0.037,105.31,12749000000,,,,95.42,94.73,33.8462,,,,,,,27732000000,,15.54,,128.18,80.6
2025-12-28,UPS,6.47,89483002000.0,15.54,,1.094,18.66,,,,,,,,,,,,,,,None,18444000000,18444000000,,,,,,None,738000000,,6.55,0.0651,,,,-0.141,0.44,3167000000,3905000000,1.3,2021-09-30,13.64,,19410000000.0,4718000000,2993000000,664000000,,,None,174000000,177000000,,None,,,,,2329000000,2329000000,-177000000,None,0.102,,1770000000,2948000000,,,,,274000000,,,,,1.566,5.39,0.953,,,,,,,,0.0615,,,2025-10-28,quarterly,1.74,USD,pre-market,None,,0.0712,0.336,-0.037,105.31,12151000000,,,,95.42,94.73,33.8462,,,,,,,23162000000,,15.54,,128.18,80.6
2025-12-28,UPS,6.47,89483002000.0,15.54,,1.094,18.66,,,,,,,,,,,,,,,None,18371000000,18371000000,,,,,,None,739000000,,6.55,0.0651,,,,-0.141,0.44,3600000000,4339000000,1.3,2021-06-30,13.64,,19410000000.0,5046000000,3436000000,760000000,,,None,164000000,167000000,,None,,,,,2676000000,2676000000,-167000000,None,0.102,,1679000000,3367000000,,,,,345000000,,,,,1.566,5.39,0.953,,,,,,,,0.0615,,,2025-10-28,quarterly,1.74,USD,pre-market,None,,0.0712,0.336,-0.037,105.31,12328000000,,,,95.42,94.73,33.8462,,,,,,,23417000000,,15.54,,128.18,80.6
2025-12-28,UPS,6.47,89483002000.0,15.54,,1.094,18.66,,,,,,,,,,,,,,,None,18263000000,18263000000,,,,,,None,722000000,,6.55,0.0651,,,,-0.141,0.44,6379000000,7101000000,1.3,2021-03-31,13.64,,19410000000.0,4630000000,6204000000,1412000000,,,None,175000000,177000000,,None,,,,,4792000000,4792000000,-177000000,None,0.102,,1762000000,2868000000,,,,,3616000000,,,,,1.566,5.39,0.953,,,,,,,,0.0615,,,2025-10-28,quarterly,1.74,USD,pre-market,None,,0.0712,0.336,-0.037,105.31,13286000000,,,,95.42,94.73,33.8462,,,,,,,22893000000,,15.54,,128.18,80.6
2025-12-28,UPS,6.47,89483002000.0,15.54,,1.094,18.66,,,,,,,,,,,,,,,None,19959000000,19959000000,,,,,,None,712000000,,6.55,0.0651,,,,-0.141,0.44,-3953000000,-3241000000,1.3,2020-12-31,13.64,,19410000000.0,4914000000,-4158000000,-895000000,,,None,175000000,175000000,,None,,,,,-3263000000,-3347000000,-175000000,None,0.102,,2593000000,2321000000,,,,,-6150000000,,,,,1.566,5.39,0.953,,,,,,,,0.0615,,,2025-10-28,quarterly,1.74,USD,pre-market,None,,0.0712,0.336,-0.037,105.31,15299000000,,,,95.42,94.73,33.8462,,,,,,,24873000000,,15.54,,128.18,80.6
2025-12-28,UPS,6.47,89483002000.0,15.54,,1.094,18.66,,,,,,,,,,,,,,,None,17241000000,17241000000,,,,,,None,677000000,,6.55,0.0651,,,,-0.141,0.44,2696000000,3373000000,1.3,2020-09-30,13.64,,19410000000.0,3959000000,2525000000,568000000,,,None,171000000,176000000,,None,,,,,1957000000,1957000000,-176000000,None,0.102,,1590000000,2369000000,,,,,338000000,,,,,1.566,5.39,0.953,,,,,,,,0.0615,,,2025-10-28,quarterly,1.74,USD,pre-market,None,,0.0712,0.336,-0.037,105.31,12691000000,,,,95.42,94.73,33.8462,,,,,,,21200000000,,15.54,,128.18,80.6
2025-12-28,UPS,6.47,89483002000.0,15.54,,1.094,18.66,,,,,,,,,,,,,,,None,16545000000,16545000000,,,,,,None,661000000,,6.55,0.0651,,,,-0.141,0.44,2535000000,3196000000,1.3,2020-06-30,13.64,,19410000000.0,3843000000,2357000000,589000000,,,None,178000000,183000000,,None,,,,,1768000000,1768000000,-183000000,None,0.102,,1590000000,2253000000,,,,,328000000,,,,,1.566,5.39,0.953,,,,,,,,0.0615,,,2025-10-28,quarterly,1.74,USD,pre-market,None,,0.0712,0.336,-0.037,105.31,12462000000,,,,95.42,94.73,33.8462,,,,,,,20388000000,,15.54,,128.18,80.6
2025-12-28,UPS,6.47,89483002000.0,15.54,,1.094,18.66,,,,,,,,,,,,,,,None,15358000000,15358000000,,,,,,None,648000000,,6.55,0.0651,,,,-0.141,0.44,1412000000,2060000000,1.3,2020-03-31,13.64,,19410000000.0,2613000000,1250000000,285000000,,,None,162000000,218000000,,None,,,,,965000000,965000000,-167000000,None,0.102,,1560000000,1053000000,,,,,345000000,,,,,1.566,5.39,0.953,,,,,,,,0.0615,,,2025-10-28,quarterly,1.74,USD,pre-market,None,,0.0712,0.336,-0.037,105.31,11677000000,,,,95.42,94.73,33.8462,,,,,,,17971000000,,15.54,,128.18,80.6
2025-12-28,UPS,6.47,89483002000.0,15.54,,1.094,18.66,,,,,,,,,,,,,,,None,16592000000,16592000000,,,,,,None,630000000,,6.55,0.0651,,,,-0.141,0.44,-56000000,574000000,1.3,2019-12-31,13.64,,19410000000.0,3923000000,-198000000,-92000000,,,None,142000000,108000000,,None,,,,,-106000000,-106000000,-166000000,None,0.102,,1795000000,2128000000,,,,,-2165000000,,,,,1.566,5.39,0.953,,,,,,,,0.0615,,,2025-10-28,quarterly,1.74,USD,pre-market,None,,0.0712,0.336,-0.037,105.31,12528000000,,,,95.42,94.73,33.8462,,,,,,,20515000000,,15.54,,128.18,80.6
2025-12-28,UPS,6.47,89483002000.0,15.54,,1.094,18.66,,,,,,,,,,,,,,,None,14775000000,14775000000,,,,,,None,587000000,,6.55,0.0651,,,,-0.141,0.44,2360000000,2947000000,1.3,2019-09-30,13.64,,19410000000.0,3481000000,2206000000,456000000,,,None,154000000,198000000,,None,,,,,1750000000,1750000000,-159000000,None,0.102,,1352000000,2129000000,,,,,237000000,,,,,1.566,5.39,0.953,,,,,,,,0.0615,,,2025-10-28,quarterly,1.74,USD,pre-market,None,,0.0712,0.336,-0.037,105.31,10964000000,,,,95.42,94.73,33.8462,,,,,,,18256000000,,15.54,,128.18,80.6
2025-12-28,UPS,6.47,89483002000.0,15.54,,1.094,18.66,,,,,,,,,,,,,,,None,14526000000,14526000000,,,,,,None,575000000,,6.55,0.0651,,,,-0.141,0.44,2358000000,2933000000,1.3,2019-06-30,13.64,,19410000000.0,3483000000,2204000000,519000000,,,None,154000000,178000000,,None,,,,,1685000000,1685000000,-159000000,None,0.102,,1379000000,2104000000,,,,,220000000,,,,,1.566,5.39,0.953,,,,,,,,0.0615,,,2025-10-28,quarterly,1.74,USD,pre-market,None,,0.0712,0.336,-0.037,105.31,10678000000,,,,95.42,94.73,33.8462,,,,,,,18009000000,,15.54,,128.18,80.6
2025-12-28,UPS,6.47,89483002000.0,15.54,,1.094,18.66,,,,,,,,,,,,,,,None,14426000000,14426000000,,,,,,None,568000000,,6.55,0.0651,,,,-0.141,0.44,1601000000,2169000000,1.3,2019-03-31,13.64,,19410000000.0,2711000000,1440000000,329000000,,,None,161000000,170000000,,None,,,,,1111000000,1111000000,-169000000,None,0.102,,1340000000,1371000000,,,,,215000000,,,,,1.566,5.39,0.953,,,,,,,,0.0615,,,2025-10-28,quarterly,1.74,USD,pre-market,None,,0.0712,0.336,-0.037,105.31,10657000000,,,,95.42,94.73,33.8462,,,,,,,17137000000,,15.54,,128.18,80.6
2025-12-28,UPS,6.47,89483002000.0,15.54,,1.094,18.66,,,,,,,,,,,,,,,None,16290000000,16290000000,,,,,,None,545000000,,6.55,0.0651,,,,-0.141,0.44,683000000,1228000000,1.3,2018-12-31,13.64,,19410000000.0,3546000000,543000000,90000000,,,None,140000000,None,,None,,,,,453000000,453000000,None,None,0.102,,1554000000,1992000000,,,,,-1313000000,,,,,1.566,5.39,0.953,,,,,,,,0.0615,,,2025-10-28,quarterly,1.74,USD,pre-market,0,,0.0712,0.336,-0.037,105.31,11705000000,,,,95.42,94.73,33.8462,,,,,,,19836000000,,15.54,,128.18,80.6
2025-12-28,UPS,6.47,89483002000.0,15.54,,1.094,18.66,,,,,,,,,,,,,,,None,14380000000,14380000000,,,,,,None,524000000,,6.55,0.0651,,,,-0.141,0.44,2035000000,2559000000,1.3,2018-09-30,13.64,,19410000000.0,3064000000,1889000000,381000000,,,None,146000000,None,,None,,,,,1508000000,1508000000,None,None,0.102,,1337000000,1727000000,,,,,317000000,,,,,1.566,5.39,0.953,,,,,,,,0.0615,,,2025-10-28,quarterly,1.74,USD,pre-market,0,,0.0712,0.336,-0.037,105.31,10352000000,,,,95.42,94.73,33.8462,,,,,,,17444000000,,15.54,,128.18,80.6
2025-12-28,UPS,6.47,89483002000.0,15.54,,1.094,18.66,,,,,,,,,,,,,,,None,14371000000,14371000000,,,,,,None,542000000,,6.55,0.0651,,,,-0.141,0.44,2067000000,2609000000,1.3,2018-06-30,13.64,,19410000000.0,3105000000,1926000000,441000000,,,None,141000000,None,,None,,,,,1485000000,1485000000,None,None,0.102,,1312000000,1793000000,,,,,302000000,,,,,1.566,5.39,0.953,,,,,,,,0.0615,,,2025-10-28,quarterly,1.74,USD,pre-market,0,,0.0712,0.336,-0.037,105.31,10336000000,,,,95.42,94.73,33.8462,,,,,,,17476000000,,15.54,,128.18,80.6
2025-12-28,UPS,6.47,89483002000.0,15.54,,1.094,18.66,,,,,,,,,,,,,,,None,14331000000,14331000000,,,,,,None,596000000,,6.55,0.0651,,,,-0.141,0.44,1806000000,2402000000,1.3,2018-03-31,13.64,,19410000000.0,2824000000,1661000000,316000000,,,None,145000000,None,,None,,,,,1345000000,1345000000,None,None,0.102,,1262000000,1562000000,,,,,294000000,,,,,1.566,5.39,0.953,,,,,,,,0.0615,,,2025-10-28,quarterly,1.74,USD,pre-market,0,,0.0712,0.336,-0.037,105.31,10307000000,,,,95.42,94.73,33.8462,,,,,,,17155000000,,15.54,,128.18,80.6
2025-12-28,UPS,6.47,89483002000.0,15.54,,1.094,18.66,,,,,,,,,,,,,,,None,15391000000,15391000000,,,,,,None,594000000,,6.55,0.0651,,,,-0.141,0.44,1490000000,2084000000,1.3,2017-12-31,13.64,,19410000000.0,3584000000,1371000000,275000000,,,None,119000000,None,,None,,,,,1096000000,1104000000,None,None,0.102,,1521000000,2063000000,,,,,23000000,,,,,1.566,5.39,0.953,,,,,,,,0.0615,,,2025-10-28,quarterly,1.74,USD,pre-market,0,,0.0712,0.336,-0.037,105.31,11666000000,,,,95.42,94.73,33.8462,,,,,,,18975000000,,15.54,,128.18,80.6
2025-12-28,UPS,6.47,89483002000.0,15.54,,1.094,18.66,,,,,,,,,,,,,,,None,13158000000,13158000000,,,,,,None,572000000,,6.55,0.0651,,,,-0.141,0.44,2040000000,2612000000,1.3,2017-09-30,13.64,,19410000000.0,3012000000,1937000000,678000000,,,None,103000000,None,,None,,,,,1259000000,1264000000,None,None,0.102,,1203000000,1809000000,,,,,20000000,,,,,1.566,5.39,0.953,,,,,,,,0.0615,,,2025-10-28,quarterly,1.74,USD,pre-market,0,,0.0712,0.336,-0.037,105.31,9403000000,,,,95.42,94.73,33.8462,,,,,,,16170000000,,15.54,,128.18,80.6
2025-12-28,UPS,6.47,89483002000.0,15.54,,1.094,18.66,,,,,,,,,,,,,,,None,12732000000,12732000000,,,,,,None,562000000,,6.55,0.0651,,,,-0.141,0.44,2221000000,2783000000,1.3,2017-06-30,13.64,,19410000000.0,3188000000,2119000000,735000000,,,None,102000000,None,,None,,,,,1384000000,1384000000,None,None,0.102,,1158000000,2030000000,,,,,14000000,,,,,1.566,5.39,0.953,,,,,,,,0.0615,,,2025-10-28,quarterly,1.74,USD,pre-market,0,,0.0712,0.336,-0.037,105.31,9257000000,,,,95.42,94.73,33.8462,,,,,,,15920000000,,15.54,,128.18,80.6
2025-12-28,UPS,6.47,89483002000.0,15.54,,1.094,18.66,,,,,,,,,,,,,,,None,12361000000,12361000000,,,,,,None,554000000,,6.55,0.0651,,,,-0.141,0.44,1790000000,2344000000,1.3,2017-03-31,13.64,,19410000000.0,2929000000,1697000000,539000000,,,None,93000000,None,,None,,,,,1158000000,1158000000,None,None,0.102,,1170000000,1759000000,,,,,15000000,,,,,1.566,5.39,0.953,,,,,,,,0.0615,,,2025-10-28,quarterly,1.74,USD,pre-market,0,,0.0712,0.336,-0.037,105.31,9301000000,,,,95.42,94.73,33.8462,,,,,,,15290000000,,15.54,,128.18,80.6
2025-12-28,UPS,6.47,89483002000.0,15.54,,1.094,18.66,,,,,,,,,,,,,,,None,13358000000,13358000000,,,,,,None,563000000,,6.55,0.0651,,,,-0.141,0.44,-329000000,234000000,1.3,2016-12-31,13.64,,19410000000.0,3443000000,-516000000,-277000000,,,None,187000000,None,,None,,,,,-239000000,-239000000,None,None,0.102,,4001000000,-558000000,,,,,12000000,,,,,1.566,5.39,0.953,,,,,,,,0.0615,,,2025-10-28,quarterly,1.74,USD,pre-market,0,,0.0712,0.336,-0.037,105.31,12672000000,,,,95.42,94.73,33.8462,,,,,,,16801000000,,15.54,,128.18,80.6
2025-12-28,UPS,6.47,89483002000.0,15.54,,1.094,18.66,,,,,,,,,,,,,,,None,11798000000,11798000000,,,,,,None,554000000,,6.55,0.0651,,,,-0.141,0.44,2009000000,2563000000,1.3,2016-09-30,13.64,,19410000000.0,3047000000,1953000000,683000000,,,None,56000000,None,,None,,,,,1270000000,1270000000,None,None,0.102,,1096000000,1951000000,,,,,13000000,,,,,1.566,5.39,0.953,,,,,,,,0.0615,,,2025-10-28,quarterly,1.74,USD,pre-market,0,,0.0712,0.336,-0.037,105.31,8953000000,,,,95.42,94.73,33.8462,,,,,,,14845000000,,15.54,,128.18,80.6
2025-12-28,UPS,6.47,89483002000.0,15.54,,1.094,18.66,,,,,,,,,,,,,,,None,11496000000,11496000000,,,,,,None,555000000,,6.55,0.0651,,,,-0.141,0.44,2038000000,2593000000,1.3,2016-06-30,13.64,,19410000000.0,3133000000,1952000000,683000000,,,None,94000000,None,,None,,,,,1269000000,1269000000,None,None,0.102,,1095000000,2038000000,,,,,8000000,,,,,1.566,5.39,0.953,,,,,,,,0.0615,,,2025-10-28,quarterly,1.74,USD,pre-market,0,,0.0712,0.336,-0.037,105.31,8833000000,,,,95.42,94.73,33.8462,,,,,,,14629000000,,15.54,,128.18,80.6
2025-12-28,UPS,6.47,89483002000.0,15.54,,1.094,18.66,,,,,,,,,,,,,,,None,7853000000,7853000000,,,,,,None,552000000,,6.55,0.0651,,,,-0.141,0.44,1823000000,2375000000,1.3,2016-03-31,13.64,,19410000000.0,6565000000,1747000000,616000000,,,None,93000000,None,,None,,,,,1131000000,1131000000,None,None,0.102,,4742000000,1823000000,,,,,17000000,,,,,1.566,5.39,0.953,,,,,,,,0.0615,,,2025-10-28,quarterly,1.74,USD,pre-market,0,,0.0712,0.336,-0.037,105.31,8935000000,,,,95.42,94.73,33.8462,,,,,,,14418000000,,15.54,,128.18,80.6
2025-12-28,UPS,6.47,89483002000.0,15.54,,1.094,18.66,,,,,,,,,,,,,,,None,8504000000,8504000000,,,,,,None,541000000,,6.55,0.0651,,,,-0.141,0.44,2182000000,2723000000,1.3,2015-12-31,13.64,,19410000000.0,7550000000,1969000000,638000000,,,None,85000000,None,,None,,,,,1331000000,1331000000,None,None,0.102,,5499000000,2051000000,,,,,3000000,,,,,1.566,5.39,0.953,,,,,,,,0.0615,,,2025-10-28,quarterly,1.74,USD,pre-market,0,,0.0712,0.336,-0.037,105.31,9806000000,,,,95.42,94.73,33.8462,,,,,,,16054000000,,15.54,,128.18,80.6
2025-12-28,UPS,6.47,89483002000.0,15.54,,1.094,18.66,,,,,,,,,,,,,,,None,7458000000,7458000000,,,,,,None,527000000,,6.55,0.0651,,,,-0.141,0.44,1982000000,2509000000,1.3,2015-09-30,13.64,,19410000000.0,6779000000,1905000000,648000000,,,None,83000000,None,,None,,,,,1257000000,1257000000,None,None,0.102,,4795000000,1984000000,,,,,4000000,,,,,1.566,5.39,0.953,,,,,,,,0.0615,,,2025-10-28,quarterly,1.74,USD,pre-market,0,,0.0712,0.336,-0.037,105.31,8580000000,,,,95.42,94.73,33.8462,,,,,,,14237000000,,15.54,,128.18,80.6
2025-12-28,UPS,6.47,89483002000.0,15.54,,1.094,18.66,,,,,,,,,,,,,,,None,7502000000,7502000000,,,,,,None,510000000,,6.55,0.0651,,,,-0.141,0.44,1965000000,2475000000,1.3,2015-06-30,13.64,,19410000000.0,6593000000,1878000000,648000000,,,None,86000000,None,,None,,,,,1230000000,1230000000,None,None,0.102,,4633000000,1960000000,,,,,4000000,,,,,1.566,5.39,0.953,,,,,,,,0.0615,,,2025-10-28,quarterly,1.74,USD,pre-market,0,,0.0712,0.336,-0.037,105.31,8622000000,,,,95.42,94.73,33.8462,,,,,,,14095000000,,15.54,,128.18,80.6
2025-12-28,UPS,6.47,89483002000.0,15.54,,1.094,18.66,,,,,,,,,,,,,,,None,7564000000,7564000000,,,,,,None,506000000,,6.55,0.0651,,,,-0.141,0.44,1652000000,2158000000,1.3,2015-03-31,13.64,,19410000000.0,6413000000,1590000000,564000000,,,None,87000000,None,,None,,,,,1026000000,1026000000,None,None,0.102,,4740000000,1673000000,,,,,4000000,,,,,1.566,5.39,0.953,,,,,,,,0.0615,,,2025-10-28,quarterly,1.74,USD,pre-market,0,,0.0712,0.336,-0.037,105.31,8656000000,,,,95.42,94.73,33.8462,,,,,,,13977000000,,15.54,,128.18,80.6
2025-12-28,UPS,6.47,89483002000.0,15.54,,1.094,18.66,,,,,,,,,,,,,,,None,9188000000,9188000000,,,,,,None,497000000,,6.55,0.0651,,,,-0.141,0.44,1845000000,2342000000,1.3,2014-12-31,13.64,,19410000000.0,6707000000,662000000,209000000,,,None,87000000,None,,None,,,,,453000000,453000000,None,None,0.102,,5953000000,754000000,,,,,-5000000,,,,,1.566,5.39,0.953,,,,,,,,0.0615,,,2025-10-28,quarterly,1.74,USD,pre-market,0,,0.0712,0.336,-0.037,105.31,10551000000,,,,95.42,94.73,33.8462,,,,,,,15895000000,,15.54,,128.18,80.6
2025-12-28,UPS,6.47,89483002000.0,15.54,,1.094,18.66,,,,,,,,,,,,,,,None,7217000000,7217000000,,,,,,None,485000000,,6.55,0.0651,,,,-0.141,0.44,1930000000,2415000000,1.3,2014-09-30,13.64,,19410000000.0,7073000000,1869000000,655000000,,,None,87000000,None,,None,,,,,1214000000,1214000000,None,None,0.102,,5119000000,1954000000,,,,,2000000,,,,,1.566,5.39,0.953,,,,,,,,0.0615,,,2025-10-28,quarterly,1.74,USD,pre-market,0,,0.0712,0.336,-0.037,105.31,8242000000,,,,95.42,94.73,33.8462,,,,,,,14290000000,,15.54,,128.18,80.6
2025-12-28,UPS,6.47,89483002000.0,15.54,,1.094,18.66,,,,,,,,,,,,,,,None,8375000000,8375000000,,,,,,None,473000000,,6.55,0.0651,,,,-0.141,0.44,1815000000,2288000000,1.3,2014-06-30,13.64,,19410000000.0,5893000000,683000000,229000000,,,None,89000000,None,,None,,,,,454000000,454000000,None,None,0.102,,5146000000,747000000,,,,,25000000,,,,,1.566,5.39,0.953,,,,,,,,0.0615,,,2025-10-28,quarterly,1.74,USD,pre-market,0,,0.0712,0.336,-0.037,105.31,9498000000,,,,95.42,94.73,33.8462,,,,,,,14268000000,,15.54,,128.18,80.6
2025-12-28,UPS,6.47,89483002000.0,15.54,,1.094,18.66,,,,,,,,,,,,,,,None,7265000000,7265000000,,,,,,None,468000000,,6.55,0.0651,,,,-0.141,0.44,1513000000,1981000000,1.3,2014-03-31,13.64,,19410000000.0,6514000000,1423000000,512000000,,,None,90000000,None,,None,,,,,911000000,911000000,None,None,0.102,,5001000000,1513000000,,,,,None,,,,,1.566,5.39,0.953,,,,,,,,0.0615,,,2025-10-28,quarterly,1.74,USD,pre-market,0,,0.0712,0.336,-0.037,105.31,8292000000,,,,95.42,94.73,33.8462,,,,,,,13779000000,,15.54,,128.18,80.6
2025-12-28,UPS,6.47,89483002000.0,15.54,,1.094,18.66,,,,,,,,,,,,,,,None,7647000000,7647000000,,,,,,None,467000000,,6.55,0.0651,,,,-0.141,0.44,1912000000,2379000000,1.3,2013-12-31,13.64,,19410000000.0,7329000000,1824000000,657000000,,,None,94000000,None,,None,,,,,1167000000,1167000000,None,None,0.102,,5421000000,1908000000,,,,,10000000,,,,,1.566,5.39,0.953,,,,,,,,0.0615,,,2025-10-28,quarterly,1.74,USD,pre-market,0,,0.0712,0.336,-0.037,105.31,8788000000,,,,95.42,94.73,33.8462,,,,,,,14976000000,,15.54,,128.18,80.6
2025-12-28,UPS,6.47,89483002000.0,15.54,,1.094,18.66,,,,,,,,,,,,,,,None,6961000000,6961000000,,,,,,None,460000000,,6.55,0.0651,,,,-0.141,0.44,1812000000,2272000000,1.3,2013-09-30,13.64,,19410000000.0,6560000000,1714000000,617000000,,,None,92000000,None,,None,,,,,1097000000,1097000000,None,None,0.102,,4756000000,1804000000,,,,,2000000,,,,,1.566,5.39,0.953,,,,,,,,0.0615,,,2025-10-28,quarterly,1.74,USD,pre-market,0,,0.0712,0.336,-0.037,105.31,7972000000,,,,95.42,94.73,33.8462,,,,,,,13521000000,,15.54,,128.18,80.6
2025-12-28,UPS,6.47,89483002000.0,15.54,,1.094,18.66,,,,,,,,,,,,,,,None,6981000000,6981000000,,,,,,None,466000000,,6.55,0.0651,,,,-0.141,0.44,1745000000,2211000000,1.3,2013-06-30,13.64,,19410000000.0,6526000000,1647000000,576000000,,,None,98000000,None,,None,,,,,1071000000,1071000000,None,None,0.102,,4784000000,1742000000,,,,,3000000,,,,,1.566,5.39,0.953,,,,,,,,0.0615,,,2025-10-28,quarterly,1.74,USD,pre-market,0,,0.0712,0.336,-0.037,105.31,8042000000,,,,95.42,94.73,33.8462,,,,,,,13507000000,,15.54,,128.18,80.6
2025-12-28,UPS,6.47,89483002000.0,15.54,,1.094,18.66,,,,,,,,,,,,,,,None,6968000000,6968000000,,,,,,None,474000000,,6.55,0.0651,,,,-0.141,0.44,1585000000,2059000000,1.3,2013-03-31,13.64,,19410000000.0,6466000000,1489000000,452000000,,,None,96000000,None,,None,,,,,1037000000,1037000000,None,None,0.102,,4886000000,1580000000,,,,,5000000,,,,,1.566,5.39,0.953,,,,,,,,0.0615,,,2025-10-28,quarterly,1.74,USD,pre-market,0,,0.0712,0.336,-0.037,105.31,8032000000,,,,95.42,94.73,33.8462,,,,,,,13434000000,,15.54,,128.18,80.6
2025-12-28,UPS,6.47,89483002000.0,15.54,,1.094,18.66,,,,,,,,,,,,,,,None,11943000000,11943000000,,,,,,None,476000000,,6.55,0.0651,,,,-0.141,0.44,-2776000000,-2300000000,1.3,2012-12-31,13.64,,19410000000.0,2628000000,-2885000000,-1137000000,,,None,109000000,None,,None,,,,,-1748000000,-1748000000,None,None,0.102,,5410000000,-2782000000,,,,,6000000,,,,,1.566,5.39,0.953,,,,,,,,0.0615,,,2025-10-28,quarterly,1.74,USD,pre-market,0,,0.0712,0.336,-0.037,105.31,23911000000,,,,95.42,94.73,33.8462,,,,,,,14571000000,,15.54,,128.18,80.6
2025-12-28,UPS,6.47,89483002000.0,15.54,,1.094,18.66,,,,,,,,,,,,,,,None,3018000000,3018000000,,,,,,None,464000000,,6.55,0.0651,,,,-0.141,0.44,772000000,1236000000,1.3,2012-09-30,13.64,,19410000000.0,10053000000,674000000,205000000,,,None,98000000,None,,None,,,,,469000000,469000000,None,None,0.102,,12305000000,766000000,,,,,6000000,,,,,1.566,5.39,0.953,,,,,,,,0.0615,,,2025-10-28,quarterly,1.74,USD,pre-market,0,,0.0712,0.336,-0.037,105.31,7577000000,,,,95.42,94.73,33.8462,,,,,,,13071000000,,15.54,,128.18,80.6
2025-12-28,UPS,6.47,89483002000.0,15.54,,1.094,18.66,,,,,,,,,,,,,,,None,3050000000,3050000000,,,,,,None,459000000,,6.55,0.0651,,,,-0.141,0.44,1796000000,2255000000,1.3,2012-06-30,13.64,,19410000000.0,10299000000,1704000000,588000000,,,None,92000000,None,,None,,,,,1116000000,1116000000,None,None,0.102,,11559000000,1790000000,,,,,6000000,,,,,1.566,5.39,0.953,,,,,,,,0.0615,,,2025-10-28,quarterly,1.74,USD,pre-market,0,,0.0712,0.336,-0.037,105.31,6747000000,,,,95.42,94.73,33.8462,,,,,,,13349000000,,15.54,,128.18,80.6
2025-12-28,UPS,6.47,89483002000.0,15.54,,1.094,18.66,,,,,,,,,,,,,,,None,3044000000,3044000000,,,,,,None,459000000,,6.55,0.0651,,,,-0.141,0.44,1575000000,2034000000,1.3,2012-03-31,13.64,,19410000000.0,10092000000,1481000000,511000000,,,None,94000000,None,,None,,,,,970000000,970000000,None,None,0.102,,11567000000,1569000000,,,,,6000000,,,,,1.566,5.39,0.953,,,,,,,,0.0615,,,2025-10-28,quarterly,1.74,USD,pre-market,0,,0.0712,0.336,-0.037,105.31,6835000000,,,,95.42,94.73,33.8462,,,,,,,13136000000,,15.54,,128.18,80.6
2025-12-28,UPS,6.47,89483002000.0,15.54,,1.094,18.66,,,,,,,,,,,,,,,None,4365000000,4365000000,,,,,,None,451000000,,6.55,0.0651,,,,-0.141,0.44,1345000000,1796000000,1.3,2011-12-31,13.64,,19410000000.0,9801000000,1249000000,435000000,,,None,96000000,None,,None,,,,,814000000,814000000,None,None,0.102,,8464000000,1337000000,,,,,8000000,,,,,1.566,5.39,0.953,,,,,,,,0.0615,,,2025-10-28,quarterly,1.74,USD,pre-market,0,,0.0712,0.336,-0.037,105.31,3852000000,,,,95.42,94.73,33.8462,,,,,,,14166000000,,15.54,,128.18,80.6
2025-12-28,UPS,6.47,89483002000.0,15.54,,1.094,18.66,,,,,,,,,,,,,,,None,3135000000,3135000000,,,,,,None,447000000,,6.55,0.0651,,,,-0.141,0.44,1682000000,2129000000,1.3,2011-09-30,13.64,,19410000000.0,10031000000,1598000000,526000000,,,None,84000000,None,,None,,,,,1072000000,1042000000,None,None,0.102,,11500000000,1666000000,,,,,16000000,,,,,1.566,5.39,0.953,,,,,,,,0.0615,,,2025-10-28,quarterly,1.74,USD,pre-market,0,,0.0712,0.336,-0.037,105.31,6647000000,,,,95.42,94.73,33.8462,,,,,,,13166000000,,15.54,,128.18,80.6
2025-12-28,UPS,6.47,89483002000.0,15.54,,1.094,18.66,,,,,,,,,,,,,,,None,3136000000,3136000000,,,,,,None,443000000,,6.55,0.0651,,,,-0.141,0.44,1754000000,2197000000,1.3,2011-06-30,13.64,,19410000000.0,10055000000,1624000000,561000000,,,None,83000000,None,,None,,,,,1063000000,1063000000,None,None,0.102,,11493000000,1698000000,,,,,9000000,,,,,1.566,5.39,0.953,,,,,,,,0.0615,,,2025-10-28,quarterly,1.74,USD,pre-market,0,,0.0712,0.336,-0.037,105.31,6683000000,,,,95.42,94.73,33.8462,,,,,,,13191000000,,15.54,,128.18,80.6
2025-12-28,UPS,6.47,89483002000.0,15.54,,1.094,18.66,,,,,,,,,,,,,,,None,2871000000,2871000000,,,,,,None,441000000,,6.55,0.0651,,,,-0.141,0.44,1426000000,1867000000,1.3,2011-03-31,13.64,,19410000000.0,9711000000,1352000000,467000000,,,None,85000000,None,,None,,,,,885000000,885000000,None,None,0.102,,8285000000,1426000000,,,,,11000000,,,,,1.566,5.39,0.953,,,,,,,,0.0615,,,2025-10-28,quarterly,1.74,USD,pre-market,0,,0.0712,0.336,-0.037,105.31,7844000000,,,,95.42,94.73,33.8462,,,,,,,12582000000,,15.54,,128.18,80.6
2025-12-28,UPS,6.47,89483002000.0,15.54,,1.094,18.66,,,,,,,,,,,,,,,None,3017000000,3017000000,,,,,,None,444000000,,6.55,0.0651,,,,-0.141,0.44,1824000000,2268000000,1.3,2010-12-31,13.64,,19410000000.0,10404000000,1730000000,611000000,,,None,94000000,None,,None,,,,,1119000000,1119000000,None,None,0.102,,8590000000,1814000000,,,,,10000000,,,,,1.566,5.39,0.953,,,,,,,,0.0615,,,2025-10-28,quarterly,1.74,USD,pre-market,0,,0.0712,0.336,-0.037,105.31,8146000000,,,,95.42,94.73,33.8462,,,,,,,13421000000,,15.54,,128.18,80.6
2025-12-28,UPS,6.47,89483002000.0,15.54,,1.094,18.66,,,,,,,,,,,,,,,None,2662000000,2662000000,,,,,,None,448000000,,6.55,0.0651,,,,-0.141,0.44,1631000000,2079000000,1.3,2010-09-30,13.64,,19410000000.0,9530000000,1540000000,549000000,,,None,91000000,None,,None,,,,,991000000,991000000,None,None,0.102,,10576000000,1616000000,,,,,15000000,,,,,1.566,5.39,0.953,,,,,,,,0.0615,,,2025-10-28,quarterly,1.74,USD,pre-market,0,,0.0712,0.336,-0.037,105.31,6411000000,,,,95.42,94.73,33.8462,,,,,,,12192000000,,15.54,,128.18,80.6
2025-12-28,UPS,6.47,89483002000.0,15.54,,1.094,18.66,,,,,,,,,,,,,,,None,2330000000,2330000000,,,,,,None,449000000,,6.55,0.0651,,,,-0.141,0.44,1384000000,1833000000,1.3,2010-06-30,13.64,,19410000000.0,9874000000,1300000000,455000000,,,None,84000000,None,,None,,,,,845000000,845000000,None,None,0.102,,10802000000,1402000000,,,,,-18000000,,,,,1.566,5.39,0.953,,,,,,,,0.0615,,,2025-10-28,quarterly,1.74,USD,pre-market,0,,0.0712,0.336,-0.037,105.31,6515000000,,,,95.42,94.73,33.8462,,,,,,,12204000000,,15.54,,128.18,80.6
2025-12-28,UPS,6.47,89483002000.0,15.54,,1.094,18.66,,,,,,,,,,,,,,,None,2453000000,2453000000,,,,,,None,451000000,,6.55,0.0651,,,,-0.141,0.44,1038000000,1489000000,1.3,2010-03-31,13.64,,19410000000.0,9275000000,953000000,420000000,,,None,85000000,None,,None,,,,,533000000,533000000,None,None,0.102,,10686000000,1042000000,,,,,-4000000,,,,,1.566,5.39,0.953,,,,,,,,0.0615,,,2025-10-28,quarterly,1.74,USD,pre-market,0,,0.0712,0.336,-0.037,105.31,6539000000,,,,95.42,94.73,33.8462,,,,,,,11728000000,,15.54,,128.18,80.6
2025-12-28,UPS,6.47,89483002000.0,15.54,,1.094,18.66,,,,,,,,,,,,,,,None,2637000000,2637000000,,,,,,None,450000000,,6.55,0.0651,,,,-0.141,0.44,1272000000,1722000000,1.3,2009-12-31,13.64,,19410000000.0,9740000000,1183000000,426000000,,,None,89000000,None,,None,,,,,757000000,0,None,None,0.102,,8481000000,1259000000,,,,,None,,,,,1.566,5.39,0.953,,,,,,,,0.0615,,,2025-10-28,quarterly,1.74,USD,pre-market,0,,0.0712,0.336,-0.037,105.31,8031000000,,,,95.42,94.73,33.8462,,,,,,,12377000000,,15.54,,128.18,80.6
2025-12-28,UPS,6.47,89483002000.0,15.54,,1.094,18.66,,,,,,,,,,,,,,,None,2198000000,2198000000,,,,,,None,441000000,,6.55,0.0651,,,,-0.141,0.44,935000000,1376000000,1.3,2009-09-30,13.64,,19410000000.0,8955000000,842000000,293000000,,,None,93000000,None,,None,,,,,549000000,549000000,None,None,0.102,,10224000000,929000000,,,,,6000000,,,,,1.566,5.39,0.953,,,,,,,,0.0615,,,2025-10-28,quarterly,1.74,USD,pre-market,0,,0.0712,0.336,-0.037,105.31,6341000000,,,,95.42,94.73,33.8462,,,,,,,11153000000,,15.54,,128.18,80.6
2025-12-28,UPS,6.47,89483002000.0,15.54,,1.094,18.66,,,,,,,,,,,,,,,None,2000000000,2000000000,,,,,,None,426000000,,6.55,0.0651,,,,-0.141,0.44,873000000,1299000000,1.3,2009-06-30,13.64,,19410000000.0,8829000000,692000000,247000000,,,None,181000000,None,,None,,,,,445000000,445000000,None,None,0.102,,9934000000,895000000,,,,,-22000000,,,,,1.566,5.39,0.953,,,,,,,,0.0615,,,2025-10-28,quarterly,1.74,USD,pre-market,0,,0.0712,0.336,-0.037,105.31,6330000000,,,,95.42,94.73,33.8462,,,,,,,10829000000,,15.54,,128.18,80.6
2025-12-28,UPS,6.47,89483002000.0,15.54,,1.094,18.66,,,,,,,,,,,,,,,None,1984000000,1984000000,,,,,,None,430000000,,6.55,0.0651,,,,-0.141,0.44,731000000,1161000000,1.3,2009-03-31,13.64,,19410000000.0,8954000000,649000000,248000000,,,None,82000000,None,,None,,,,,401000000,0,None,None,0.102,,8236000000,718000000,,,,,None,,,,,1.566,5.39,0.953,,,,,,,,0.0615,,,2025-10-28,quarterly,1.74,USD,pre-market,0,,0.0712,0.336,-0.037,105.31,7806000000,,,,95.42,94.73,33.8462,,,,,,,10938000000,,15.54,,128.18,80.6
2025-12-28,UPS,6.47,89483002000.0,15.54,,1.094,18.66,,,,,,,,,,,,,,,None,2708000000,2708000000,,,,,,None,454000000,,6.55,0.0651,,,,-0.141,0.44,820000000,1274000000,1.3,2008-12-31,13.64,,19410000000.0,9989000000,720000000,466000000,,,None,100000000,None,,None,,,,,254000000,0,None,None,0.102,,9186000000,803000000,,,,,None,,,,,1.566,5.39,0.953,,,,,,,,0.0615,,,2025-10-28,quarterly,1.74,USD,pre-market,0,,0.0712,0.336,-0.037,105.31,8732000000,,,,95.42,94.73,33.8462,,,,,,,12697000000,,15.54,,128.18,80.6
2025-12-28,UPS,6.47,89483002000.0,15.54,,1.094,18.66,,,,,,,,,,,,,,,None,3178000000,3178000000,,,,,,None,456000000,,6.55,0.0651,,,,-0.141,0.44,1619000000,2075000000,1.3,2008-09-30,13.64,,19410000000.0,9935000000,1515000000,545000000,,,None,104000000,None,,None,,,,,970000000,0,None,None,0.102,,8303000000,1632000000,,,,,None,,,,,1.566,5.39,0.953,,,,,,,,0.0615,,,2025-10-28,quarterly,1.74,USD,pre-market,0,,0.0712,0.336,-0.037,105.31,7847000000,,,,95.42,94.73,33.8462,,,,,,,13113000000,,15.54,,128.18,80.6
2025-12-28,UPS,6.47,89483002000.0,15.54,,1.094,18.66,,,,,,,,,,,,,,,None,3149000000,3149000000,,,,,,None,452000000,,6.55,0.0651,,,,-0.141,0.44,1468000000,1920000000,1.3,2008-06-30,13.64,,19410000000.0,9852000000,1364000000,491000000,,,None,104000000,None,,None,,,,,873000000,0,None,None,0.102,,8398000000,1454000000,,,,,None,,,,,1.566,5.39,0.953,,,,,,,,0.0615,,,2025-10-28,quarterly,1.74,USD,pre-market,0,,0.0712,0.336,-0.037,105.31,7946000000,,,,95.42,94.73,33.8462,,,,,,,13001000000,,15.54,,128.18,80.6
2025-12-28,UPS,6.47,89483002000.0,15.54,,1.094,18.66,,,,,,,,,,,,,,,None,2545000000,2545000000,,,,,,None,452000000,,6.55,0.0651,,,,-0.141,0.44,1436000000,1888000000,1.3,2008-03-31,13.64,,19410000000.0,10130000000,1416000000,510000000,,,None,134000000,None,,None,,,,,906000000,0,None,None,0.102,,8637000000,1493000000,,,,,None,,,,,1.566,5.39,0.953,,,,,,,,0.0615,,,2025-10-28,quarterly,1.74,USD,pre-market,0,,0.0712,0.336,-0.037,105.31,7887000000,,,,95.42,94.73,33.8462,,,,,,,12675000000,,15.54,,128.18,80.6
2025-12-28,UPS,6.47,89483002000.0,15.54,,1.094,18.66,,,,,,,,,,,,,,,None,2918000000,2918000000,,,,,,None,443000000,,6.55,0.0651,,,,-0.141,0.44,2961000000,3404000000,1.3,2007-12-31,13.64,,19410000000.0,10474000000,-4293000000,-1652000000,,,None,246000000,None,,None,,,,,-2641000000,0,None,None,0.102,,7612000000,-4253000000,,,,,None,,,,,1.566,5.39,0.953,,,,,,,,0.0615,,,2025-10-28,quarterly,1.74,USD,pre-market,0,,0.0712,0.336,-0.037,105.31,14284000000,,,,95.42,94.73,33.8462,,,,,,,13392000000,,15.54,,128.18,80.6
2025-12-28,UPS,6.47,89483002000.0,15.54,,1.094,18.66,,,,,,,,,,,,,,,None,2480000000,2480000000,,,,,,None,435000000,,6.55,0.0651,,,,-0.141,0.44,1722000000,2157000000,1.3,2007-09-30,13.64,,19410000000.0,9725000000,1669000000,593000000,,,None,53000000,None,,None,,,,,1076000000,0,None,None,0.102,,10497000000,1708000000,,,,,None,,,,,1.566,5.39,0.953,,,,,,,,0.0615,,,2025-10-28,quarterly,1.74,USD,pre-market,0,,0.0712,0.336,-0.037,105.31,7582000000,,,,95.42,94.73,33.8462,,,,,,,12205000000,,15.54,,128.18,80.6
2025-12-28,UPS,6.47,89483002000.0,15.54,,1.094,18.66,,,,,,,,,,,,,,,None,2383000000,2383000000,,,,,,None,431000000,,6.55,0.0651,,,,-0.141,0.44,1793000000,2224000000,1.3,2007-06-30,13.64,,19410000000.0,9806000000,1732000000,628000000,,,None,61000000,None,,None,,,,,1104000000,0,None,None,0.102,,10424000000,1765000000,,,,,None,,,,,1.566,5.39,0.953,,,,,,,,0.0615,,,2025-10-28,quarterly,1.74,USD,pre-market,0,,0.0712,0.336,-0.037,105.31,7610000000,,,,95.42,94.73,33.8462,,,,,,,12189000000,,15.54,,128.18,80.6
2025-12-28,UPS,6.47,89483002000.0,15.54,,1.094,18.66,,,,,,,,,,,,,,,None,2252000000,2252000000,,,,,,None,436000000,,6.55,0.0651,,,,-0.141,0.44,1358000000,1794000000,1.3,2007-03-31,13.64,,19410000000.0,9654000000,1323000000,480000000,,,None,49000000,None,,None,,,,,843000000,0,None,None,0.102,,10548000000,1358000000,,,,,None,,,,,1.566,5.39,0.953,,,,,,,,0.0615,,,2025-10-28,quarterly,1.74,USD,pre-market,0,,0.0712,0.336,-0.037,105.31,7860000000,,,,95.42,94.73,33.8462,,,,,,,11906000000,,15.54,,128.18,80.6
2025-12-28,UPS,6.47,89483002000.0,15.54,,1.094,18.66,,,,,,,,,,,,,,,None,8138000000,8138000000,,,,,,None,432000000,,6.55,0.0651,,,,-0.141,0.44,-190000000,242000000,1.3,2006-12-31,13.64,,19410000000.0,4490000000,1769000000,641000000,,,None,211000000,None,,None,,,,,1128000000,0,None,None,0.102,,10819000000,1809000000,,,,,None,,,,,1.566,5.39,0.953,,,,,,,,0.0615,,,2025-10-28,quarterly,1.74,USD,pre-market,0,,0.0712,0.336,-0.037,105.31,2249000000,,,,95.42,94.73,33.8462,,,,,,,12628000000,,15.54,,128.18,80.6
2025-12-28,UPS,6.47,89483002000.0,15.54,,1.094,18.66,,,,,,,,,,,,,,,None,2256000000,2256000000,,,,,,None,441000000,,6.55,0.0651,,,,-0.141,0.44,1135000000,1576000000,1.3,2006-09-30,13.64,,19410000000.0,9406000000,1547000000,509000000,,,None,54000000,None,,None,,,,,1038000000,0,None,None,0.102,,10086000000,1576000000,,,,,None,,,,,1.566,5.39,0.953,,,,,,,,0.0615,,,2025-10-28,quarterly,1.74,USD,pre-market,0,,0.0712,0.336,-0.037,105.31,7389000000,,,,95.42,94.73,33.8462,,,,,,,11662000000,,15.54,,128.18,80.6
2025-12-28,UPS,6.47,89483002000.0,15.54,,1.094,18.66,,,,,,,,,,,,,,,None,2248000000,2248000000,,,,,,None,436000000,,6.55,0.0651,,,,-0.141,0.44,1259000000,1695000000,1.3,2006-06-30,13.64,,19410000000.0,9488000000,1664000000,603000000,,,None,54000000,None,,None,,,,,1061000000,0,None,None,0.102,,10041000000,1695000000,,,,,None,,,,,1.566,5.39,0.953,,,,,,,,0.0615,,,2025-10-28,quarterly,1.74,USD,pre-market,0,,0.0712,0.336,-0.037,105.31,7357000000,,,,95.42,94.73,33.8462,,,,,,,11736000000,,15.54,,128.18,80.6
2025-12-28,UPS,6.47,89483002000.0,15.54,,1.094,18.66,,,,,,,,,,,,,,,None,5200000000,5200000000,,,,,,None,439000000,,6.55,0.0651,,,,-0.141,0.44,1116000000,1555000000,1.3,2006-03-31,13.64,,19410000000.0,11521000000,1530000000,555000000,,,None,48000000,None,,None,,,,,975000000,0,None,None,0.102,,9966000000,1555000000,,,,,None,,,,,1.566,5.39,0.953,,,,,,,,0.0615,,,2025-10-28,quarterly,1.74,USD,pre-market,0,,0.0712,0.336,-0.037,105.31,9966000000,,,,95.42,94.73,33.8462,,,,,,,11521000000,,15.54,,128.18,80.6
2025-12-28,UPS,6.47,89483002000.0,15.54,,1.094,18.66,,,,,,,,,,,,,,,None,5200000000,5200000000,,,,,,None,431000000,,6.55,0.0651,,,,-0.141,0.44,-149000000,282000000,1.3,2005-12-31,13.64,,19410000000.0,6754000000,1667000000,618000000,,,None,172000000,None,,None,,,,,1049000000,0,None,None,0.102,,10243000000,1711000000,,,,,None,,,,,1.566,5.39,0.953,,,,,,,,0.0615,,,2025-10-28,quarterly,1.74,USD,pre-market,0,,0.0712,0.336,-0.037,105.31,4612000000,,,,95.42,94.73,33.8462,,,,,,,11954000000,,15.54,,128.18,80.6
2025-12-28,UPS,6.47,89483002000.0,15.54,,1.094,18.66,,,,,,,,,,,,,,,None,2528000000,2528000000,,,,,,None,412000000,,6.55,0.0651,,,,-0.141,0.44,1086000000,1498000000,1.3,2005-09-30,13.64,,19410000000.0,8022000000,1489000000,536000000,,,None,37000000,None,,None,,,,,953000000,0,None,None,0.102,,9052000000,1498000000,,,,,None,,,,,1.566,5.39,0.953,,,,,,,,0.0615,,,2025-10-28,quarterly,1.74,USD,pre-market,0,,0.0712,0.336,-0.037,105.31,6112000000,,,,95.42,94.73,33.8462,,,,,,,10550000000,,15.54,,128.18,80.6
2025-12-28,UPS,6.47,89483002000.0,15.54,,1.094,18.66,,,,,,,,,,,,,,,None,73836000000,73836000000,,,,,,None,3609000000,,6.55,0.0651,,,,-0.141,0.44,8303000000,11912000000,1.3,2024-12-31,13.64,,19410000000.0,17058000000,7442000000,1660000000,,,None,861000000,866000000,,None,,,,,5782000000,5782000000,-866000000,None,0.102,,8373000000,8685000000,,,,,None,,,,,1.566,5.39,0.953,,,,,,,,0.0615,,,2025-10-28,annual,1.74,USD,pre-market,None,,0.0712,0.336,-0.037,105.31,53150000000,,,,95.42,94.73,33.8462,,,,,,,90894000000,,15.54,,128.18,80.6
2025-12-28,UPS,6.47,89483002000.0,15.54,,1.094,18.66,,,,,,,,,,,,,,,None,73039000000,73039000000,,,,,,None,3366000000,,6.55,0.0651,,,,-0.141,0.44,9348000000,12714000000,1.3,2023-12-31,13.64,,19410000000.0,17706000000,8573000000,1865000000,,,None,775000000,785000000,,None,,,,,6708000000,6708000000,-785000000,None,0.102,,8335000000,9371000000,,,,,None,,,,,1.566,5.39,0.953,,,,,,,,0.0615,,,2025-10-28,annual,1.74,USD,pre-market,None,,0.0712,0.336,-0.037,105.31,51935000000,,,,95.42,94.73,33.8462,,,,,,,90745000000,,15.54,,128.18,80.6
2025-12-28,UPS,6.47,89483002000.0,15.54,,1.094,18.66,,,,,,,,,,,,,,,None,79954000000,79954000000,,,,,,None,3188000000,,6.55,0.0651,,,,-0.141,0.44,15519000000,18707000000,1.3,2022-12-31,13.64,,19410000000.0,20080000000,14825000000,3277000000,,,None,694000000,704000000,,None,,,,,11548000000,11548000000,-704000000,None,0.102,,7112000000,12968000000,,,,,2435000000,,,,,1.566,5.39,0.953,,,,,,,,0.0615,,,2025-10-28,annual,1.74,USD,pre-market,None,,0.0712,0.336,-0.037,105.31,56052000000,,,,95.42,94.73,33.8462,,,,,,,100034000000,,15.54,,128.18,80.6
2025-12-28,UPS,6.47,89483002000.0,15.54,,1.094,18.66,,,,,,,,,,,,,,,None,79772000000,79772000000,,,,,,None,2953000000,,6.55,0.0651,,,,-0.141,0.44,17278000000,20231000000,1.3,2021-12-31,13.64,,19410000000.0,17432000000,16595000000,3705000000,,,None,683000000,694000000,,None,,,,,12890000000,12890000000,-694000000,None,0.102,,4325000000,13107000000,,,,,4479000000,,,,,1.566,5.39,0.953,,,,,,,,0.0615,,,2025-10-28,annual,1.74,USD,pre-market,None,,0.0712,0.336,-0.037,105.31,46707000000,,,,95.42,94.73,33.8462,,,,,,,97204000000,,15.54,,128.18,80.6
2025-12-28,UPS,6.47,89483002000.0,15.54,,1.094,18.66,,,,,,,,,,,,,,,None,62649000000,62649000000,,,,,,None,2698000000,,6.55,0.0651,,,,-0.141,0.44,2528000000,5226000000,1.3,2020-12-31,13.64,,19410000000.0,21783000000,1844000000,501000000,,,None,684000000,701000000,,None,,,,,1343000000,1343000000,-701000000,None,0.102,,13947000000,7836000000,,,,,-5139000000,,,,,1.566,5.39,0.953,,,,,,,,0.0615,,,2025-10-28,annual,1.74,USD,pre-market,None,,0.0712,0.336,-0.037,105.31,52129000000,,,,95.42,94.73,33.8462,,,,,,,84432000000,,15.54,,128.18,80.6
2025-12-28,UPS,6.47,89483002000.0,15.54,,1.094,18.66,,,,,,,,,,,,,,,None,57824000000,57824000000,,,,,,None,2360000000,,6.55,0.0651,,,,-0.141,0.44,6281000000,8641000000,1.3,2019-12-31,13.64,,19410000000.0,16093000000,5652000000,1212000000,,,None,629000000,654000000,,None,,,,,4440000000,4440000000,-653000000,None,0.102,,8217000000,7876000000,,,,,-1493000000,,,,,1.566,5.39,0.953,,,,,,,,0.0615,,,2025-10-28,annual,1.74,USD,pre-market,None,,0.0712,0.336,-0.037,105.31,44827000000,,,,95.42,94.73,33.8462,,,,,,,73917000000,,15.54,,128.18,80.6
2025-12-28,UPS,6.47,89483002000.0,15.54,,1.094,18.66,,,,,,,,,,,,,,,None,57745000000,57745000000,,,,,,None,2207000000,,6.55,0.0651,,,,-0.141,0.44,6591000000,8798000000,1.3,2018-12-31,13.64,,19410000000.0,14166000000,6019000000,1228000000,,,None,572000000,691000000,,None,,,,,4791000000,4791000000,-605000000,None,0.102,,7092000000,7074000000,,,,,-400000000,,,,,1.566,5.39,0.953,,,,,,,,0.0615,,,2025-10-28,annual,1.74,USD,pre-market,0,,0.0712,0.336,-0.037,105.31,42700000000,,,,95.42,94.73,33.8462,,,,,,,71911000000,,15.54,,128.18,80.6
2025-12-28,UPS,6.47,89483002000.0,15.54,,1.094,18.66,,,,,,,,,,,,,,,None,58343000000,58343000000,,,,,,None,2282000000,,6.55,0.0651,,,,-0.141,0.44,7529000000,9811000000,1.3,2017-12-31,13.64,,19410000000.0,7529000000,7148000000,2238000000,,,None,453000000,398000000,,None,,,,,4910000000,4910000000,-453000000,None,0.102,,5039000000,7529000000,,,,,72000000,,,,,1.566,5.39,0.953,,,,,,,,0.0615,,,2025-10-28,annual,1.74,USD,pre-market,0,,0.0712,0.336,-0.037,105.31,39627000000,,,,95.42,94.73,33.8462,,,,,,,65872000000,,15.54,,128.18,80.6
2025-12-28,UPS,6.47,89483002000.0,15.54,,1.094,18.66,,,,,,,,,,,,,,,None,55439000000,55439000000,,,,,,None,2224000000,,6.55,0.0651,,,,-0.141,0.44,5467000000,7691000000,1.3,2016-12-31,13.64,,19410000000.0,5467000000,5136000000,1705000000,,,None,381000000,381000000,,None,,,,,3431000000,3431000000,-381000000,None,0.102,,4623000000,5467000000,,,,,50000000,,,,,1.566,5.39,0.953,,,,,,,,0.0615,,,2025-10-28,annual,1.74,USD,pre-market,0,,0.0712,0.336,-0.037,105.31,39393000000,,,,95.42,94.73,33.8462,,,,,,,60906000000,,15.54,,128.18,80.6
2025-12-28,UPS,6.47,89483002000.0,15.54,,1.094,18.66,,,,,,,,,,,,,,,None,31028000000,31028000000,,,,,,None,2084000000,,6.55,0.0651,,,,-0.141,0.44,7668000000,9752000000,1.3,2015-12-31,13.64,,19410000000.0,27335000000,7342000000,2498000000,,,None,341000000,303000000,,None,,,,,4844000000,4844000000,None,None,0.102,,19667000000,7668000000,,,,,15000000,,,,,1.566,5.39,0.953,,,,,,,,0.0615,,,2025-10-28,annual,1.74,USD,pre-market,0,,0.0712,0.336,-0.037,105.31,35664000000,,,,95.42,94.73,33.8462,,,,,,,58363000000,,15.54,,128.18,80.6
2025-12-28,UPS,6.47,89483002000.0,15.54,,1.094,18.66,,,,,,,,,,,,,,,None,32045000000,32045000000,,,,,,None,1923000000,,6.55,0.0651,,,,-0.141,0.44,4968000000,6891000000,1.3,2014-12-31,13.64,,19410000000.0,26187000000,4637000000,1605000000,,,None,353000000,None,,None,,,,,3032000000,3032000000,None,None,0.102,,21219000000,4968000000,,,,,22000000,,,,,1.566,5.39,0.953,,,,,,,,0.0615,,,2025-10-28,annual,1.74,USD,pre-market,0,,0.0712,0.336,-0.037,105.31,36583000000,,,,95.42,94.73,33.8462,,,,,,,58232000000,,15.54,,128.18,80.6
2025-12-28,UPS,6.47,89483002000.0,15.54,,1.094,18.66,,,,,,,,,,,,,,,None,28557000000,28557000000,,,,,,None,1867000000,,6.55,0.0651,,,,-0.141,0.44,7034000000,8901000000,1.3,2013-12-31,13.64,,19410000000.0,26881000000,6674000000,2302000000,,,None,380000000,None,,None,,,,,4372000000,4372000000,None,None,0.102,,19847000000,7034000000,,,,,20000000,,,,,1.566,5.39,0.953,,,,,,,,0.0615,,,2025-10-28,annual,1.74,USD,pre-market,0,,0.0712,0.336,-0.037,105.31,32834000000,,,,95.42,94.73,33.8462,,,,,,,55438000000,,15.54,,128.18,80.6
2025-12-28,UPS,6.47,89483002000.0,15.54,,1.094,18.66,,,,,,,,,,,,,,,None,33102000000,33102000000,,,,,,None,1858000000,,6.55,0.0651,,,,-0.141,0.44,1343000000,3201000000,1.3,2012-12-31,13.64,,19410000000.0,21025000000,974000000,167000000,,,None,393000000,None,,None,,,,,807000000,807000000,None,None,0.102,,19682000000,1343000000,,,,,24000000,,,,,1.566,5.39,0.953,,,,,,,,0.0615,,,2025-10-28,annual,1.74,USD,pre-market,0,,0.0712,0.336,-0.037,105.31,37352000000,,,,95.42,94.73,33.8462,,,,,,,54127000000,,15.54,,128.18,80.6
2025-12-28,UPS,6.47,89483002000.0,15.54,,1.094,18.66,,,,,,,,,,,,,,,None,42046000000,42046000000,,,,,,None,1782000000,,6.55,0.0651,,,,-0.141,0.44,6430000000,8212000000,1.3,2011-12-31,13.64,,19410000000.0,11160000000,5776000000,1972000000,,,None,654000000,None,,None,,,,,3804000000,3804000000,None,None,0.102,,5022000000,6138000000,,,,,44000000,,,,,1.566,5.39,0.953,,,,,,,,0.0615,,,2025-10-28,annual,1.74,USD,pre-market,0,,0.0712,0.336,-0.037,105.31,27575000000,,,,95.42,94.73,33.8462,,,,,,,53206000000,,15.54,,128.18,80.6
2025-12-28,UPS,6.47,89483002000.0,15.54,,1.094,18.66,,,,,,,,,,,,,,,None,39700000000,39700000000,,,,,,None,1792000000,,6.55,0.0651,,,,-0.141,0.44,5966000000,7758000000,1.3,2010-12-31,13.64,,19410000000.0,9749000000,5523000000,2035000000,,,None,443000000,None,,None,,,,,3488000000,3488000000,None,None,0.102,,4007000000,5742000000,,,,,3000000,,,,,1.566,5.39,0.953,,,,,,,,0.0615,,,2025-10-28,annual,1.74,USD,pre-market,0,,0.0712,0.336,-0.037,105.31,31136000000,,,,95.42,94.73,33.8462,,,,,,,49449000000,,15.54,,128.18,80.6
2025-12-28,UPS,6.47,89483002000.0,15.54,,1.094,18.66,,,,,,,,,,,,,,,None,37191000000,37191000000,,,,,,None,1747000000,,6.55,0.0651,,,,-0.141,0.44,3860000000,5607000000,1.3,2009-12-31,13.64,,19410000000.0,7928000000,3366000000,1214000000,,,None,494000000,None,,None,,,,,2152000000,2152000000,None,None,0.102,,4066000000,3862000000,,,,,10000000,,,,,1.566,5.39,0.953,,,,,,,,0.0615,,,2025-10-28,annual,1.74,USD,pre-market,0,,0.0712,0.336,-0.037,105.31,30930000000,,,,95.42,94.73,33.8462,,,,,,,45119000000,,15.54,,128.18,80.6
2025-12-28,UPS,6.47,89483002000.0,15.54,,1.094,18.66,,,,,,,,,,,,,,,None,40754000000,40754000000,,,,,,None,1814000000,,6.55,0.0651,,,,-0.141,0.44,5457000000,7271000000,1.3,2008-12-31,13.64,,19410000000.0,10732000000,5015000000,2012000000,,,None,442000000,None,,None,,,,,3003000000,None,None,None,0.102,,4779000000,5953000000,,,,,None,,,,,1.566,5.39,0.953,,,,,,,,0.0615,,,2025-10-28,annual,1.74,USD,pre-market,None,,0.0712,0.336,-0.037,105.31,32412000000,,,,95.42,94.73,33.8462,,,,,,,51486000000,,15.54,,128.18,80.6
2025-12-28,UPS,6.47,89483002000.0,15.54,,1.094,18.66,,,,,,,,,,,,,,,None,44367000000,44367000000,,,,,,None,1745000000,,6.55,0.0651,,,,-0.141,0.44,677000000,2422000000,1.3,2007-12-31,13.64,,19410000000.0,5325000000,431000000,49000000,,,None,246000000,None,,None,,,,,382000000,None,None,None,0.102,,4452000000,873000000,,,,,None,,,,,1.566,5.39,0.953,,,,,,,,0.0615,,,2025-10-28,annual,1.74,USD,pre-market,None,,0.0712,0.336,-0.037,105.31,37336000000,,,,95.42,94.73,33.8462,,,,,,,49692000000,,15.54,,128.18,80.6
2025-12-28,UPS,6.47,89483002000.0,15.54,,1.094,18.66,,,,,,,,,,,,,,,None,36413000000,36413000000,,,,,,None,1748000000,,6.55,0.0651,,,,-0.141,0.44,6721000000,8469000000,1.3,2006-12-31,13.64,,19410000000.0,11134000000,6510000000,2308000000,,,None,211000000,None,,None,,,,,4202000000,None,None,None,0.102,,4485000000,6649000000,,,,,None,,,,,1.566,5.39,0.953,,,,,,,,0.0615,,,2025-10-28,annual,1.74,USD,pre-market,None,,0.0712,0.336,-0.037,105.31,24421000000,,,,95.42,94.73,33.8462,,,,,,,47547000000,,15.54,,128.18,80.6
2025-12-28,UPS,6.47,89483002000.0,15.54,,1.094,18.66,,,,,,,,,,,,,,,None,32265000000,32265000000,,,,,,None,1644000000,,6.55,0.0651,,,,-0.141,0.44,6247000000,7891000000,1.3,2005-12-31,13.64,,19410000000.0,10316000000,6075000000,2205000000,,,None,172000000,None,,None,,,,,3870000000,None,None,None,0.102,,4125000000,6191000000,,,,,None,,,,,1.566,5.39,0.953,,,,,,,,0.0615,,,2025-10-28,annual,1.74,USD,pre-market,None,,0.0712,0.336,-0.037,105.31,22517000000,,,,95.42,94.73,33.8462,,,,,,,42581000000,,15.54,,128.18,80.6
2025-12-28,UPS,6.47,89483002000.0,15.54,None,1.094,18.66,,4429000000,6764000000,6764000000,,,,,,,,,9000000,849000000,None,32265000000,32265000000,5784000000,None,932000000,9967000000,None,None,1644000000,,6.55,0.0651,,,,-0.141,0.44,6247000000,7891000000,1.3,2025-09-30,13.64,4810000000,19410000000.0,10316000000,6075000000,2205000000,3455000000,3455000000,None,172000000,None,None,None,None,23850000000,None,None,3870000000,None,None,None,0.102,,4125000000,6191000000,2186000000,7094000000,None,3687000000,None,,,,,1.566,5.39,0.953,,,,,,,,0.0615,,41960000000,2025-10-28,quarterly,1.74,USD,pre-market,None,19753000000,0.0712,0.336,-0.037,105.31,22517000000,29211000000,1674000000,68000000,95.42,94.73,33.8462,71392000000,18985000000,14552000000,55544000000,52407000000,40992000000,42581000000,15823000000,15.54,None,128.18,80.6
2025-12-28,UPS,6.47,89483002000.0,15.54,None,1.094,18.66,,4169000000,6194000000,6194000000,,,,,,,,,9000000,847000000,None,32265000000,32265000000,6040000000,None,920000000,10430000000,None,None,1644000000,,6.55,0.0651,,,,-0.141,0.44,6247000000,7891000000,1.3,2025-06-30,13.64,4806000000,19410000000.0,10316000000,6075000000,2205000000,3356000000,3356000000,None,172000000,None,None,None,None,23820000000,None,None,3870000000,None,None,None,0.102,,4125000000,6191000000,2134000000,6556000000,None,3754000000,None,,,,,1.566,5.39,0.953,,,,,,,,0.0615,,41690000000,2025-10-28,quarterly,1.74,USD,pre-market,None,19832000000,0.0712,0.336,-0.037,105.31,22517000000,28909000000,1644000000,92000000,95.42,94.73,33.8462,70923000000,18850000000,14240000000,55146000000,52073000000,40906000000,42581000000,15750000000,15.54,None,128.18,80.6
2025-12-28,UPS,6.47,89483002000.0,15.54,None,1.094,18.66,,4225000000,4802000000,4802000000,,,,,,,,,9000000,850000000,None,32265000000,32265000000,5454000000,None,1858000000,9887000000,None,None,1644000000,,6.55,0.0651,,,,-0.141,0.44,6247000000,7891000000,1.3,2025-03-31,13.64,4691000000,19410000000.0,10316000000,6075000000,2205000000,3301000000,3301000000,None,172000000,None,None,None,None,19511000000,None,None,3870000000,None,None,None,0.102,,4125000000,6191000000,2138000000,7628000000,None,3492000000,None,,,,,1.566,5.39,0.953,,,,,,,,0.0615,,41265000000,2025-10-28,quarterly,1.74,USD,pre-market,None,19939000000,0.0712,0.336,-0.037,105.31,22517000000,25594000000,2578000000,263000000,95.42,94.73,33.8462,68466000000,17090000000,15660000000,52782000000,51376000000,37122000000,42581000000,15660000000,15.54,None,128.18,80.6
2025-12-28,UPS,6.47,89483002000.0,15.54,None,1.094,18.66,,4368000000,6112000000,6112000000,,,,,,,,,9000000,858000000,None,32265000000,32265000000,6302000000,None,1838000000,10871000000,None,None,1644000000,,6.55,0.0651,,,,-0.141,0.44,6247000000,7891000000,1.3,2024-12-31,13.64,4300000000,19410000000.0,10316000000,6075000000,2205000000,3064000000,3064000000,None,172000000,None,826000000,None,None,19446000000,None,None,3870000000,None,None,None,0.102,,4125000000,6191000000,1295000000,7568000000,None,3351000000,None,,,,,1.566,5.39,0.953,,,,,,,,0.0615,,41328000000,2025-10-28,quarterly,1.74,USD,pre-market,None,20882000000,0.0712,0.336,-0.037,105.31,22517000000,25652000000,2571000000,206000000,95.42,94.73,33.8462,70070000000,19310000000,16441000000,53327000000,50760000000,36886000000,42581000000,16718000000,15.54,None,128.18,80.6
2025-12-28,UPS,6.47,89483002000.0,15.54,None,1.094,18.66,,4312000000,5855000000,5855000000,,,,,,,,,9000000,852900000,None,32265000000,32265000000,5410000000,None,1606000000,9195000000,None,None,1644000000,,6.55,0.0651,,,,-0.141,0.44,6247000000,7891000000,1.3,2024-09-30,13.64,4411000000,19410000000.0,10316000000,6075000000,2205000000,3108000000,3108000000,None,172000000,None,None,None,None,20324000000,None,None,3870000000,None,None,None,0.102,,4125000000,6191000000,2009000000,7366000000,None,3216000000,None,,,,,1.566,5.39,0.953,,,,,,,,0.0615,,41518000000,2025-10-28,quarterly,1.74,USD,pre-market,None,20552000000,0.0712,0.336,-0.037,105.31,22517000000,26242000000,2305000000,205000000,95.42,94.73,33.8462,68263000000,17264000000,15081000000,51379000000,50999000000,36298000000,42581000000,16857000000,15.54,None,128.18,80.6
2025-12-28,UPS,6.47,89483002000.0,15.54,None,1.094,18.66,,4244000000,6319000000,6319000000,,,,,,,,,9000000,857000000,None,32265000000,32265000000,5299000000,None,2008000000,9048000000,None,None,1644000000,,6.55,0.0651,,,,-0.141,0.44,6247000000,7891000000,1.3,2024-06-30,13.64,4350000000,19410000000.0,10316000000,6075000000,2205000000,3106000000,3106000000,None,172000000,None,None,None,None,20197000000,None,None,3870000000,None,None,None,0.102,,4125000000,6191000000,3243000000,7095000000,None,3232000000,None,,,,,1.566,5.39,0.953,,,,,,,,0.0615,,None,2025-10-28,quarterly,1.74,USD,pre-market,None,20692000000,0.0712,0.336,-0.037,105.31,22517000000,26449000000,2691000000,213000000,95.42,94.73,33.8462,69418000000,18823000000,15085000000,52365000000,50595000000,37280000000,42581000000,17030000000,15.54,None,128.18,80.6
2025-12-28,UPS,6.47,89483002000.0,15.54,None,1.094,18.66,,4384000000,4281000000,4281000000,,,,,,,,,9000000,857000000,None,32265000000,32265000000,5397000000,None,1164000000,9554000000,None,None,1644000000,,6.55,0.0651,,,,-0.141,0.44,6247000000,7891000000,1.3,2024-03-31,13.64,4846000000,19410000000.0,10316000000,6075000000,2205000000,3308000000,3308000000,None,172000000,None,898000000,None,None,18849000000,None,None,3870000000,None,None,None,0.102,,4125000000,6191000000,1212000000,7441000000,None,3312000000,None,,,,,1.566,5.39,0.953,,,,,,,,0.0615,,None,2025-10-28,quarterly,1.74,USD,pre-market,None,20681000000,0.0712,0.336,-0.037,105.31,22517000000,24397000000,1858000000,232000000,95.42,94.73,33.8462,67628000000,16177000000,14696000000,50695000000,51451000000,35999000000,42581000000,16909000000,15.54,None,128.18,80.6
2025-12-28,UPS,6.47,89483002000.0,15.54,None,1.094,18.66,,4465000000,3169000000,3169000000,,,,,,,,,9000000,858000000,None,32265000000,32265000000,6340000000,None,3348000000,11216000000,None,None,1644000000,,6.55,0.0651,,,,-0.141,0.44,6247000000,7891000000,1.3,2023-12-31,13.64,4872000000,19410000000.0,10316000000,6075000000,2205000000,3305000000,3305000000,None,172000000,None,935000000,None,None,18916000000,None,None,3870000000,None,None,None,0.102,,4125000000,6191000000,1227000000,7279000000,None,3264000000,None,,,,,1.566,5.39,0.953,,,,,,,,0.0615,,None,2025-10-28,quarterly,1.74,USD,pre-market,None,21055000000,0.0712,0.336,-0.037,105.31,22517000000,26729000000,4057000000,2866000000,95.42,94.73,33.8462,70857000000,19413000000,17676000000,53543000000,51444000000,35867000000,42581000000,17306000000,15.54,None,128.18,80.6
2025-12-28,UPS,6.47,89483002000.0,15.54,None,1.094,18.66,,4315000000,4311000000,4311000000,,,,,,,,,9000000,858000000,None,32265000000,32265000000,5972000000,None,2243000000,9461000000,None,None,1644000000,,6.55,0.0651,,,,-0.141,0.44,6247000000,7891000000,1.3,2023-09-30,13.64,4097000000,19410000000.0,10316000000,6075000000,2205000000,2892000000,2892000000,None,172000000,None,None,None,None,18882000000,None,None,3870000000,None,None,None,0.102,,4125000000,6191000000,2512000000,6938000000,None,3480000000,None,,,,,1.566,5.39,0.953,,,,,,,,0.0615,,40175000000,2025-10-28,quarterly,1.74,USD,pre-market,None,20699000000,0.0712,0.336,-0.037,105.31,22517000000,25440000000,2907000000,2967000000,95.42,94.73,33.8462,70281000000,19251000000,15817000000,51101000000,51030000000,35284000000,42581000000,19168000000,15.54,None,128.18,80.6
2025-12-28,UPS,6.47,89483002000.0,15.54,None,1.094,18.66,,4353000000,4812000000,4812000000,,,,,,,,,9000000,861000000,None,32265000000,32265000000,6085000000,None,1412000000,9587000000,None,None,1644000000,,6.55,0.0651,,,,-0.141,0.44,6247000000,7891000000,1.3,2023-06-30,13.64,4250000000,19410000000.0,10316000000,6075000000,2205000000,2890000000,2890000000,None,172000000,None,None,None,None,19351000000,None,None,3870000000,None,None,None,0.102,,4125000000,6191000000,1969000000,6516000000,None,8172000000,None,,,,,1.566,5.39,0.953,,,,,,,,0.0615,,39720000000,2025-10-28,quarterly,1.74,USD,pre-market,None,21584000000,0.0712,0.336,-0.037,105.31,22517000000,25116000000,2085000000,3071000000,95.42,94.73,33.8462,70347000000,19439000000,14686000000,50310000000,50908000000,35624000000,42581000000,20019000000,15.54,-9000000,128.18,80.6
2025-12-28,UPS,6.47,89483002000.0,15.54,None,1.094,18.66,,4207000000,6190000000,6190000000,,,,,,,,,9000000,865000000,None,32265000000,32265000000,6302000000,None,2332000000,10299000000,None,None,1644000000,,6.55,0.0651,,,,-0.141,0.44,6247000000,7891000000,1.3,2023-03-31,13.64,4249000000,19410000000.0,10316000000,6075000000,2205000000,2811000000,2811000000,None,172000000,None,None,None,None,19856000000,None,None,3870000000,None,None,None,0.102,,4125000000,6191000000,2028000000,6960000000,None,3532000000,None,,,,,1.566,5.39,0.953,,,,,,,,0.0615,,39084000000,2025-10-28,quarterly,1.74,USD,pre-market,None,21510000000,0.0712,0.336,-0.037,105.31,22517000000,26395000000,3000000000,3208000000,95.42,94.73,33.8462,72189000000,21725000000,16262000000,52136000000,50464000000,35874000000,42581000000,20038000000,15.54,-9000000,128.18,80.6
2025-12-28,UPS,6.47,89483002000.0,15.54,None,1.094,18.66,,3859000000,5602000000,5602000000,,,,,,,,,9000000,871000000,None,32265000000,32265000000,7515000000,None,2341000000,12583000000,None,None,1644000000,,6.55,0.0651,,,,-0.141,0.44,6247000000,7891000000,1.3,2022-12-31,13.64,4223000000,19410000000.0,10316000000,6075000000,2205000000,2796000000,2796000000,None,172000000,None,889000000,None,None,17321000000,None,20000000,3870000000,None,None,None,0.102,,4125000000,6191000000,1150000000,7663000000,None,8320000000,None,,,,,1.566,5.39,0.953,,,,,,,,0.0615,,38474000000,2025-10-28,quarterly,1.74,USD,pre-market,None,21326000000,0.0712,0.336,-0.037,105.31,22517000000,23521000000,2962000000,1993000000,95.42,94.73,33.8462,71124000000,22217000000,18140000000,51321000000,48907000000,33181000000,42581000000,19786000000,15.54,-13000000,128.18,80.6
2025-12-28,UPS,6.47,89483002000.0,15.54,None,1.094,18.66,,3520000000,11045000000,11045000000,,,,,,,,,9000000,872000000,None,32265000000,32265000000,6731000000,None,2581000000,10975000000,None,None,1644000000,,6.55,0.0651,,,,-0.141,0.44,6247000000,7891000000,1.3,2022-09-30,13.64,3624000000,19410000000.0,10316000000,6075000000,2205000000,2439000000,2439000000,None,172000000,None,None,None,None,17769000000,None,20000000,3870000000,None,None,None,0.102,,4125000000,6191000000,2247000000,7807000000,None,3640000000,None,,,,,1.566,5.39,0.953,,,,,,,,0.0615,,37042000000,2025-10-28,quarterly,1.74,USD,pre-market,None,20177000000,0.0712,0.336,-0.037,105.31,22517000000,23870000000,3141000000,331000000,95.42,94.73,33.8462,69544000000,24598000000,17679000000,52556000000,44946000000,34877000000,42581000000,16968000000,15.54,-12000000,128.18,80.6
2025-12-28,UPS,6.47,89483002000.0,15.54,None,1.094,18.66,,3524000000,11735000000,11735000000,,,,,,,,,9000000,876000000,None,32265000000,32265000000,7168000000,None,2579000000,11396000000,None,None,1644000000,,6.55,0.0651,,,,-0.141,0.44,6247000000,7891000000,1.3,2022-06-30,13.64,3675000000,19410000000.0,10316000000,6075000000,2205000000,2476000000,2476000000,None,172000000,None,None,None,None,17997000000,None,21000000,3870000000,None,None,None,0.102,,4125000000,6191000000,2104000000,7028000000,None,3563000000,None,,,,,1.566,5.39,0.953,,,,,,,,0.0615,,36923000000,2025-10-28,quarterly,1.74,USD,pre-market,None,18958000000,0.0712,0.336,-0.037,105.31,22517000000,24100000000,3141000000,336000000,95.42,94.73,33.8462,70089000000,25571000000,17337000000,53779000000,44518000000,36442000000,42581000000,16289000000,15.54,-12000000,128.18,80.6
2025-12-28,UPS,6.47,89483002000.0,15.54,None,1.094,18.66,,3549000000,12208000000,12208000000,,,,,,,,,9000000,879000000,None,32265000000,32265000000,7036000000,None,2141000000,11199000000,None,None,1644000000,,6.55,0.0651,,,,-0.141,0.44,6247000000,7891000000,1.3,2022-03-31,13.64,3668000000,19410000000.0,10316000000,6075000000,2205000000,2465000000,2465000000,None,172000000,None,-3000000,None,None,19740000000,None,22000000,3870000000,None,None,None,0.102,,4125000000,6191000000,1857000000,7086000000,None,3568000000,None,,,,,1.566,5.39,0.953,,,,,,,,0.0615,,37076000000,2025-10-28,quarterly,1.74,USD,pre-market,None,17433000000,0.0712,0.336,-0.037,105.31,22517000000,25430000000,2720000000,337000000,95.42,94.73,33.8462,70113000000,25601000000,16842000000,54679000000,44512000000,37837000000,42581000000,15416000000,15.54,-12000000,128.18,80.6
2025-12-28,UPS,6.47,89483002000.0,15.54,None,1.094,18.66,,3613000000,10255000000,10255000000,,,,,,,,,9000000,879000000,None,32265000000,32265000000,7523000000,None,2131000000,12541000000,None,None,1644000000,,6.55,0.0651,,,,-0.141,0.44,6247000000,7891000000,1.3,2021-12-31,13.64,3692000000,19410000000.0,10316000000,6075000000,2205000000,2486000000,2486000000,None,172000000,None,717000000,None,None,19784000000,None,26000000,3870000000,None,None,None,0.102,,4125000000,6191000000,1083000000,7335000000,None,3578000000,None,,,,,1.566,5.39,0.953,,,,,,,,0.0615,,37037000000,2025-10-28,quarterly,1.74,USD,pre-market,None,16179000000,0.0712,0.336,-0.037,105.31,22517000000,25528000000,2711000000,338000000,95.42,94.73,33.8462,69405000000,24934000000,17569000000,55136000000,44471000000,37567000000,42581000000,14253000000,15.54,-16000000,128.18,80.6
2025-12-28,UPS,6.47,89483002000.0,15.54,None,1.094,18.66,,3490000000,10212000000,10212000000,,,,,,,,,9000000,879000000,None,32265000000,32265000000,6445000000,None,1268000000,10474000000,None,None,1644000000,,6.55,0.0651,,,,-0.141,0.44,6247000000,7891000000,1.3,2021-09-30,13.64,3332000000,19410000000.0,10316000000,6075000000,2205000000,2224000000,2224000000,None,172000000,None,None,None,None,20838000000,None,24000000,3870000000,None,None,None,0.102,,4125000000,6191000000,1809000000,7207000000,None,3987000000,None,,,,,1.566,5.39,0.953,,,,,,,,0.0615,,36319000000,2025-10-28,quarterly,1.74,USD,pre-market,None,13973000000,0.0712,0.336,-0.037,105.31,22517000000,25596000000,1820000000,348000000,95.42,94.73,33.8462,65739000000,22843000000,15472000000,53682000000,42896000000,38210000000,42581000000,12041000000,15.54,-16000000,128.18,80.6
2025-12-28,UPS,6.47,89483002000.0,15.54,None,1.094,18.66,,3594000000,9608000000,9608000000,,,,,,,,,9000000,878000000,None,32265000000,32265000000,6563000000,None,1564000000,10137000000,None,None,1644000000,,6.55,0.0651,,,,-0.141,0.44,6247000000,7891000000,1.3,2021-06-30,13.64,3357000000,19410000000.0,10316000000,6075000000,2205000000,2238000000,2238000000,None,172000000,None,None,None,None,21027000000,None,25000000,3870000000,None,None,None,0.102,,4125000000,6191000000,1897000000,7087000000,None,3953000000,None,,,,,1.566,5.39,0.953,,,,,,,,0.0615,,36199000000,2025-10-28,quarterly,1.74,USD,pre-market,None,12531000000,0.0712,0.336,-0.037,105.31,22517000000,26185000000,2120000000,346000000,95.42,94.73,33.8462,64869000000,21988000000,15770000000,54047000000,42881000000,38277000000,42581000000,10805000000,15.54,-16000000,128.18,80.6
2025-12-28,UPS,6.47,89483002000.0,15.54,None,1.094,18.66,,3072000000,7731000000,7731000000,,,,,,,,,9000000,876000000,None,32265000000,32265000000,6305000000,None,1811000000,10127000000,None,None,1644000000,,6.55,0.0651,,,,-0.141,0.44,6247000000,7891000000,1.3,2021-03-31,13.64,3346000000,19410000000.0,10316000000,6075000000,2205000000,2268000000,2268000000,None,172000000,None,1135000000,None,None,21916000000,None,25000000,3870000000,None,None,None,0.102,,4125000000,6191000000,2776000000,7642000000,None,13410000000,None,,,,,1.566,5.39,0.953,,,,,,,,0.0615,,32455000000,2025-10-28,quarterly,1.74,USD,pre-market,None,10748000000,0.0712,0.336,-0.037,105.31,22517000000,26799000000,2359000000,351000000,95.42,94.73,33.8462,63312000000,20985000000,16306000000,56153000000,42327000000,39847000000,42581000000,7147000000,15.54,-15000000,128.18,80.6
2025-12-28,UPS,6.47,89483002000.0,15.54,None,1.094,18.66,,3100000000,5910000000,5910000000,,,,,,,,,9000000,871000000,None,32265000000,32265000000,6455000000,None,2623000000,10750000000,None,None,1644000000,,6.55,0.0651,,,,-0.141,0.44,6247000000,7891000000,1.3,2020-12-31,13.64,3367000000,19410000000.0,10316000000,6075000000,2205000000,2274000000,2274000000,None,172000000,None,620000000,None,None,22031000000,None,25000000,3870000000,None,None,None,0.102,,4125000000,6191000000,2530000000,7378000000,None,19664000000,None,,,,,1.566,5.39,0.953,,,,,,,,0.0615,,32254000000,2025-10-28,quarterly,1.74,USD,pre-market,None,6896000000,0.0712,0.336,-0.037,105.31,22517000000,27754000000,3183000000,406000000,95.42,94.73,33.8462,62408000000,20216000000,17016000000,61739000000,42192000000,44723000000,42581000000,657000000,15.54,-20000000,128.18,80.6
2025-12-28,UPS,6.47,89483002000.0,15.54,None,1.094,18.66,,3033000000,8839000000,8839000000,,,,,,,,,9000000,872000000,None,32265000000,32265000000,5609000000,None,2382000000,8993000000,None,None,1644000000,,6.55,0.0651,,,,-0.141,0.44,6247000000,7891000000,1.3,2020-09-30,13.64,3816000000,19410000000.0,10316000000,6075000000,2205000000,2289000000,2289000000,None,172000000,None,-18000000,None,None,23336000000,None,22000000,3870000000,None,None,None,0.102,,4125000000,6191000000,1696000000,6905000000,None,13390000000,None,,,,,1.566,5.39,0.953,,,,,,,,0.0615,,32164000000,2025-10-28,quarterly,1.74,USD,pre-market,None,11115000000,0.0712,0.336,-0.037,105.31,22517000000,28751000000,2942000000,402000000,95.42,94.73,33.8462,62406000000,19930000000,15456000000,56800000000,42476000000,41344000000,42581000000,5592000000,15.54,-20000000,128.18,80.6
2025-12-28,UPS,6.47,89483002000.0,15.54,None,1.094,18.66,,2997000000,8813000000,8813000000,,,,,,,,,9000000,869000000,None,32265000000,32265000000,5271000000,None,3749000000,9230000000,None,None,1644000000,,6.55,0.0651,,,,-0.141,0.44,6247000000,7891000000,1.3,2020-06-30,13.64,3787000000,19410000000.0,10316000000,6075000000,2205000000,2207000000,2207000000,None,172000000,None,-32000000,None,None,23199000000,None,24000000,3870000000,None,None,None,0.102,,4125000000,6191000000,1780000000,6717000000,None,13830000000,None,,,,,1.566,5.39,0.953,,,,,,,,0.0615,,31439000000,2025-10-28,quarterly,1.74,USD,pre-market,None,10032000000,0.0712,0.336,-0.037,105.31,22517000000,29945000000,4283000000,403000000,95.42,94.73,33.8462,62057000000,20226000000,16271000000,57681000000,41831000000,41410000000,42581000000,4363000000,15.54,-20000000,128.18,80.6
2025-12-28,UPS,6.47,89483002000.0,15.54,None,1.094,18.66,,3019000000,8955000000,8955000000,,,,,,,,,9000000,869000000,None,32265000000,32265000000,4779000000,None,4405000000,8126000000,None,None,1644000000,,6.55,0.0651,,,,-0.141,0.44,6247000000,7891000000,1.3,2020-03-31,13.64,3776000000,19410000000.0,10316000000,6075000000,2205000000,2176000000,2176000000,None,172000000,None,-8126000000,None,None,24196000000,None,23000000,3870000000,None,None,None,0.102,,4125000000,6191000000,9929000000,1760000000,None,13260000000,None,,,,,1.566,5.39,0.953,,,,,,,,0.0615,,30908000000,2025-10-28,quarterly,1.74,USD,pre-market,None,9137000000,0.0712,0.336,-0.037,105.31,22517000000,29127000000,4931000000,505000000,95.42,94.73,33.8462,60895000000,19389000000,15846000000,57582000000,41506000000,41736000000,42581000000,3313000000,15.54,-19000000,128.18,80.6
2025-12-28,UPS,6.47,89483002000.0,15.54,None,1.094,18.66,,2929000000,5238000000,5238000000,,,,,,,,,9000000,863000000,None,32265000000,32265000000,5555000000,None,3420000000,9934000000,None,None,1644000000,,6.55,0.0651,,,,-0.141,0.44,6247000000,7891000000,1.3,2019-12-31,13.64,3813000000,19410000000.0,10316000000,6075000000,2205000000,2167000000,2167000000,None,172000000,None,511000000,None,None,21818000000,None,55000000,3870000000,None,None,None,0.102,,4125000000,6191000000,11362000000,5570000000,None,13320000000,None,,,,,1.566,5.39,0.953,,,,,,,,0.0615,,30482000000,2025-10-28,quarterly,1.74,USD,pre-market,None,9105000000,0.0712,0.336,-0.037,105.31,22517000000,25776000000,3958000000,503000000,95.42,94.73,33.8462,57857000000,17103000000,15413000000,54574000000,40754000000,39161000000,42581000000,3283000000,15.54,-26000000,128.18,80.6
2025-12-28,UPS,6.47,89483002000.0,15.54,None,1.094,18.66,,2563000000,4040000000,4040000000,,,,,,,,,9000000,870000000,None,32265000000,32265000000,4218000000,None,2161000000,8155000000,None,None,1644000000,,6.55,0.0651,,,,-0.141,0.44,6247000000,7891000000,1.3,2019-09-30,13.64,3783000000,19410000000.0,10316000000,6075000000,2205000000,2131000000,2131000000,None,172000000,None,-8155000000,None,None,21740000000,None,65000000,3870000000,None,None,None,0.102,,4125000000,6191000000,9646000000,2012000000,None,9184000000,None,,,,,1.566,5.39,0.953,,,,,,,,0.0615,,29071000000,2025-10-28,quarterly,1.74,USD,pre-market,None,10037000000,0.0712,0.336,-0.037,105.31,22517000000,24401000000,2661000000,498000000,95.42,94.73,33.8462,53282000000,14184000000,12835000000,47708000000,39098000000,34873000000,42581000000,5574000000,15.54,-25000000,128.18,80.6
2025-12-28,UPS,6.47,89483002000.0,15.54,None,1.094,18.66,,2513000000,4072000000,4072000000,,,,,,,,,9000000,869000000,None,32265000000,32265000000,4291000000,None,2952000000,8672000000,None,None,1644000000,,6.55,0.0651,,,,-0.141,0.44,6247000000,7891000000,1.3,2019-06-30,13.64,3811000000,19410000000.0,10316000000,6075000000,2205000000,2121000000,2121000000,None,172000000,None,-8672000000,None,None,20427000000,None,63000000,3870000000,None,None,None,0.102,,4125000000,6191000000,10046000000,1635000000,None,10331000000,None,,,,,1.566,5.39,0.953,,,,,,,,0.0615,,28095000000,2025-10-28,quarterly,1.74,USD,pre-market,None,9109000000,0.0712,0.336,-0.037,105.31,22517000000,23866000000,3439000000,725000000,95.42,94.73,33.8462,52787000000,14843000000,13633000000,48364000000,37944000000,34731000000,42581000000,4423000000,15.54,-25000000,128.18,80.6
2025-12-28,UPS,6.47,89483002000.0,15.54,None,1.094,18.66,,2585000000,4399000000,4399000000,,,,,,,,,9000000,869000000,None,32265000000,32265000000,3907000000,None,2789000000,8460000000,None,None,1644000000,,6.55,0.0651,,,,-0.141,0.44,6247000000,7891000000,1.3,2019-03-31,13.64,3813000000,19410000000.0,10316000000,6075000000,2205000000,2093000000,2093000000,None,172000000,None,-8460000000,None,None,20377000000,None,32000000,3870000000,None,None,None,0.102,,4125000000,6191000000,9793000000,1660000000,None,11139000000,None,,,,,1.566,5.39,0.953,,,,,,,,0.0615,,27247000000,2025-10-28,quarterly,1.74,USD,pre-market,None,8249000000,0.0712,0.336,-0.037,105.31,22517000000,23658000000,3281000000,712000000,95.42,94.73,33.8462,52061000000,14904000000,13209000000,48576000000,37157000000,35367000000,42581000000,3485000000,15.54,-25000000,128.18,80.6
2025-12-28,UPS,6.47,89483002000.0,15.54,None,1.094,18.66,,None,4225000000,4225000000,,,,,,,,,9000000,869000000,None,32265000000,32265000000,5188000000,None,3000000,9898000000,None,None,1644000000,,6.55,0.0651,,,,-0.141,0.44,6247000000,7891000000,1.3,2018-12-31,13.64,3811000000,19410000000.0,10316000000,6075000000,2205000000,2076000000,2076000000,None,172000000,None,421000000,None,None,19931000000,None,32000000,3870000000,None,None,None,0.102,,4125000000,6191000000,10696000000,5953000000,None,11342000000,None,,,,,1.566,5.39,0.953,,,,,,,,0.0615,,26576000000,2025-10-28,quarterly,1.74,USD,pre-market,None,8006000000,0.0712,0.336,-0.037,105.31,22517000000,22736000000,2805000000,810000000,95.42,94.73,33.8462,49589000000,15731000000,14087000000,46552000000,33858000000,32465000000,42581000000,3037000000,15.54,-32000000,128.18,80.6
2025-12-28,UPS,6.47,89483002000.0,15.54,None,1.094,18.66,,None,4097000000,4097000000,,,,,,,,,9000000,870000000,None,32265000000,32265000000,3689000000,None,385000000,7814000000,None,None,1644000000,,6.55,0.0651,,,,-0.141,0.44,6247000000,7891000000,1.3,2018-09-30,13.64,3825000000,19410000000.0,10316000000,6075000000,2205000000,2070000000,2070000000,None,172000000,None,-7814000000,None,None,20101000000,None,30000000,3870000000,None,None,None,0.102,,4125000000,6191000000,9150000000,1209000000,None,10171000000,None,,,,,1.566,5.39,0.953,,,,,,,,0.0615,,25379000000,2025-10-28,quarterly,1.74,USD,pre-market,None,8377000000,0.0712,0.336,-0.037,105.31,22517000000,23301000000,3200000000,744000000,95.42,94.73,33.8462,46689000000,13991000000,12222000000,43563000000,32698000000,31341000000,42581000000,3126000000,15.54,-32000000,128.18,80.6
2025-12-28,UPS,6.47,89483002000.0,15.54,None,1.094,18.66,,None,4214000000,4214000000,,,,,,,,,9000000,870000000,None,32265000000,32265000000,3785000000,None,61000000,7670000000,None,None,1644000000,,6.55,0.0651,,,,-0.141,0.44,6247000000,7891000000,1.3,2018-06-30,13.64,3837000000,19410000000.0,10316000000,6075000000,2205000000,2028000000,2028000000,None,172000000,None,-7670000000,None,None,20120000000,None,36000000,3870000000,None,None,None,0.102,,4125000000,6191000000,8940000000,1171000000,None,10284000000,None,,,,,1.566,5.39,0.953,,,,,,,,0.0615,,23901000000,2025-10-28,quarterly,1.74,USD,pre-market,None,7665000000,0.0712,0.336,-0.037,105.31,22517000000,22711000000,2591000000,720000000,95.42,94.73,33.8462,45223000000,13874000000,12487000000,42867000000,31349000000,30380000000,42581000000,2356000000,15.54,-31000000,128.18,80.6
2025-12-28,UPS,6.47,89483002000.0,15.54,None,1.094,18.66,,None,3544000000,3544000000,,,,,,,,,9000000,870000000,None,32265000000,32265000000,3501000000,None,61000000,7894000000,None,None,1644000000,,6.55,0.0651,,,,-0.141,0.44,6247000000,7891000000,1.3,2018-03-31,13.64,3893000000,19410000000.0,10316000000,6075000000,2205000000,2025000000,2025000000,None,172000000,None,-7894000000,None,None,20409000000,None,55000000,3870000000,None,None,None,0.102,,4125000000,6191000000,9411000000,1064000000,None,10694000000,None,,,,,1.566,5.39,0.953,,,,,,,,0.0615,,23239000000,2025-10-28,quarterly,1.74,USD,pre-market,None,6973000000,0.0712,0.336,-0.037,105.31,22517000000,23092000000,2683000000,665000000,95.42,94.73,33.8462,44464000000,13620000000,11149000000,43089000000,30844000000,31940000000,42581000000,1375000000,15.54,-31000000,128.18,80.6
2025-12-28,UPS,6.47,89483002000.0,15.54,None,1.094,18.66,,None,3320000000,3320000000,,,,,,,,,9000000,872000000,None,32265000000,32265000000,3872000000,None,757000000,10346000000,None,None,1644000000,,6.55,0.0651,,,,-0.141,0.44,6247000000,7891000000,1.3,2017-12-31,13.64,3872000000,19410000000.0,10316000000,6075000000,2205000000,1964000000,1964000000,None,172000000,None,404000000,None,None,20278000000,None,85000000,3870000000,None,None,None,0.102,,4125000000,6191000000,11479000000,4560000000,None,10630000000,None,,,,,1.566,5.39,0.953,,,,,,,,0.0615,,22118000000,2025-10-28,quarterly,1.74,USD,pre-market,None,5858000000,0.0712,0.336,-0.037,105.31,22517000000,24289000000,4011000000,749000000,95.42,94.73,33.8462,45403000000,15548000000,12708000000,44373000000,29855000000,31665000000,42581000000,1030000000,15.54,-37000000,128.18,80.6
2025-12-28,UPS,6.47,89483002000.0,15.54,None,1.094,18.66,,None,3418000000,3418000000,,,,,,,,,9000000,874000000,None,32265000000,32265000000,2808000000,None,435000000,6937000000,None,None,1644000000,,6.55,0.0651,,,,-0.141,0.44,6247000000,7891000000,1.3,2017-09-30,13.64,3838000000,19410000000.0,10316000000,6075000000,2205000000,1897000000,1897000000,None,172000000,None,-6937000000,None,None,14355000000,None,None,3870000000,None,None,None,0.102,,4125000000,6191000000,8449000000,1012000000,None,13220000000,None,,,,,1.566,5.39,0.953,,,,,,,,0.0615,,20988000000,2025-10-28,quarterly,1.74,USD,pre-market,None,5724000000,0.0712,0.336,-0.037,105.31,22517000000,18910000000,4555000000,1043000000,95.42,94.73,33.8462,41356000000,12910000000,12167000000,39817000000,28446000000,27650000000,42581000000,1539000000,15.54,-37000000,128.18,80.6
2025-12-28,UPS,6.47,89483002000.0,15.54,None,1.094,18.66,,None,3544000000,3544000000,,,,,,,,,9000000,876000000,None,32265000000,32265000000,2648000000,None,18099000000,6553000000,None,None,1644000000,,6.55,0.0651,,,,-0.141,0.44,6247000000,7891000000,1.3,2017-06-30,13.64,3845000000,19410000000.0,10316000000,6075000000,2205000000,1829000000,1829000000,None,172000000,None,-6553000000,None,None,14257000000,None,None,3870000000,None,None,None,0.102,,4125000000,6191000000,7790000000,1012000000,None,13016000000,None,,,,,1.566,5.39,0.953,,,,,,,,0.0615,,19841000000,2025-10-28,quarterly,1.74,USD,pre-market,None,5437000000,0.0712,0.336,-0.037,105.31,22517000000,18074000000,3817000000,1060000000,95.42,94.73,33.8462,39724000000,12394000000,11082000000,38450000000,27330000000,27368000000,42581000000,1274000000,15.54,-36000000,128.18,80.6
2025-12-28,UPS,6.47,89483002000.0,15.54,None,1.094,18.66,,None,2687000000,2687000000,,,,,,,,,9000000,879000000,None,32265000000,32265000000,2404000000,None,4634000000,6475000000,None,None,1644000000,,6.55,0.0651,,,,-0.141,0.44,6247000000,7891000000,1.3,2017-03-31,13.64,3777000000,19410000000.0,10316000000,6075000000,2205000000,1780000000,1780000000,None,172000000,None,-6475000000,None,None,12938000000,None,None,3870000000,None,None,None,0.102,,4125000000,6191000000,7776000000,1166000000,None,13369000000,None,,,,,1.566,5.39,0.953,,,,,,,,0.0615,,19225000000,2025-10-28,quarterly,1.74,USD,pre-market,None,4988000000,0.0712,0.336,-0.037,105.31,22517000000,17240000000,4302000000,1031000000,95.42,94.73,33.8462,38380000000,11494000000,11406000000,37820000000,26886000000,26414000000,42581000000,560000000,15.54,-36000000,128.18,80.6
2025-12-28,UPS,6.47,89483002000.0,15.54,None,1.094,18.66,,None,3476000000,3476000000,,,,,,,,,9000000,876000000,None,32265000000,32265000000,3042000000,None,432000000,7695000000,None,None,1644000000,,6.55,0.0651,,,,-0.141,0.44,6247000000,7891000000,1.3,2016-12-31,13.64,3757000000,19410000000.0,10316000000,6075000000,2205000000,1758000000,1758000000,None,172000000,None,342000000,None,None,12394000000,None,179000000,3870000000,None,None,None,0.102,,4125000000,6191000000,8821000000,4541000000,None,15712000000,None,,,,,1.566,5.39,0.953,,,,,,,,0.0615,,18800000000,2025-10-28,quarterly,1.74,USD,pre-market,None,4879000000,0.0712,0.336,-0.037,105.31,22517000000,16075000000,3681000000,1091000000,95.42,94.73,33.8462,40401000000,13388000000,11855000000,39972000000,27013000000,28117000000,42581000000,429000000,15.54,-45000000,128.18,80.6
2025-12-28,UPS,6.47,89483002000.0,15.54,None,1.094,18.66,,None,3299000000,3299000000,,,,,,,,,9000000,885000000,None,32265000000,32265000000,2287000000,None,4307000000,6272000000,None,None,1644000000,,6.55,0.0651,,,,-0.141,0.44,6247000000,7891000000,1.3,2016-09-30,13.64,3436000000,19410000000.0,10316000000,6075000000,2205000000,1537000000,1537000000,None,172000000,None,0,None,None,11506000000,None,None,3870000000,None,None,None,0.102,,4125000000,6191000000,1223000000,4454000000,None,13108000000,None,,,,,1.566,5.39,0.953,,,,,,,,0.0615,,18489000000,2025-10-28,quarterly,1.74,USD,pre-market,None,6385000000,0.0712,0.336,-0.037,105.31,22517000000,15326000000,3820000000,2059000000,95.42,94.73,33.8462,38342000000,12853000000,10889000000,35575000000,25489000000,24686000000,42581000000,2743000000,15.54,-44000000,128.18,80.6
2025-12-28,UPS,6.47,89483002000.0,15.54,None,1.094,18.66,,None,3059000000,3059000000,,,,,,,,,9000000,890000000,None,32265000000,32265000000,2405000000,None,3398000000,6111000000,None,None,1644000000,,6.55,0.0651,,,,-0.141,0.44,6247000000,7891000000,1.3,2016-06-30,13.64,3427000000,19410000000.0,10316000000,6075000000,2205000000,1550000000,1550000000,None,172000000,None,0,None,None,11550000000,None,None,3870000000,None,None,None,0.102,,4125000000,6191000000,1340000000,4474000000,None,14106000000,None,,,,,1.566,5.39,0.953,,,,,,,,0.0615,,18251000000,2025-10-28,quarterly,1.74,USD,pre-market,None,6223000000,0.0712,0.336,-0.037,105.31,22517000000,14366000000,2816000000,2613000000,95.42,94.73,33.8462,38339000000,13123000000,9961000000,35689000000,25216000000,25728000000,42581000000,2626000000,15.54,-44000000,128.18,80.6
2025-12-28,UPS,6.47,89483002000.0,15.54,None,1.094,18.66,,None,3887000000,3887000000,,,,,,,,,9000000,894000000,None,32265000000,32265000000,2040000000,None,4510000000,6241000000,None,None,1644000000,,6.55,0.0651,,,,-0.141,0.44,6247000000,7891000000,1.3,2016-03-31,13.64,3440000000,19410000000.0,10316000000,6075000000,2205000000,1569000000,1569000000,None,172000000,None,0,None,None,11569000000,None,None,3870000000,None,None,None,0.102,,4125000000,6191000000,1404000000,4113000000,None,13917000000,None,,,,,1.566,5.39,0.953,,,,,,,,0.0615,,18285000000,2025-10-28,quarterly,1.74,USD,pre-market,None,6095000000,0.0712,0.336,-0.037,105.31,22517000000,15438000000,3869000000,2380000000,95.42,94.73,33.8462,39168000000,13912000000,11098000000,36688000000,25256000000,25590000000,42581000000,2457000000,15.54,-43000000,128.18,80.6
2025-12-28,UPS,6.47,89483002000.0,15.54,None,1.094,18.66,,None,2730000000,2730000000,,,,,,,,,9000000,898000000,None,32265000000,32265000000,2587000000,None,53000000,7134000000,None,None,1644000000,,6.55,0.0651,,,,-0.141,0.44,6247000000,7891000000,1.3,2015-12-31,13.64,3419000000,19410000000.0,10316000000,6075000000,2205000000,1549000000,1549000000,None,172000000,None,308000000,None,None,11316000000,None,261000000,3870000000,None,None,None,0.102,,4125000000,6191000000,1040000000,5045000000,None,13693000000,None,,,,,1.566,5.39,0.953,,,,,,,,0.0615,,18352000000,2025-10-28,quarterly,1.74,USD,pre-market,None,6001000000,0.0712,0.336,-0.037,105.31,22517000000,14809000000,3064000000,1996000000,95.42,94.73,33.8462,38311000000,13208000000,10696000000,35820000000,25103000000,25124000000,42581000000,2470000000,15.54,-51000000,128.18,80.6
2025-12-28,UPS,6.47,89483002000.0,15.54,None,1.094,18.66,,None,3441000000,3441000000,,,,,,,,,9000000,903000000,None,32265000000,32265000000,2058000000,None,None,6055000000,None,None,1644000000,,6.55,0.0651,,,,-0.141,0.44,6247000000,7891000000,1.3,2015-09-30,13.64,3442000000,19410000000.0,10316000000,6075000000,2205000000,1523000000,1523000000,None,172000000,None,554000000,None,None,10044000000,None,455000000,3870000000,None,None,None,0.102,,4125000000,6191000000,1837000000,5254000000,None,15064000000,None,,,,,1.566,5.39,0.953,,,,,,,,0.0615,,18163000000,2025-10-28,quarterly,1.74,USD,pre-market,None,5771000000,0.0712,0.336,-0.037,105.31,22517000000,14601000000,4557000000,2248000000,95.42,94.73,33.8462,39002000000,13581000000,11869000000,37054000000,25421000000,25185000000,42581000000,1929000000,15.54,-51000000,128.18,80.6
2025-12-28,UPS,6.47,89483002000.0,15.54,None,1.094,18.66,,None,3430000000,3430000000,,,,,,,,,9000000,908000000,None,32265000000,32265000000,2150000000,None,None,5618000000,None,None,1644000000,,6.55,0.0651,,,,-0.141,0.44,6247000000,7891000000,1.3,2015-06-30,13.64,2214000000,19410000000.0,10316000000,6075000000,2205000000,878000000,878000000,None,172000000,None,554000000,None,None,9900000000,None,435000000,3870000000,None,None,None,0.102,,4125000000,6191000000,1928000000,4901000000,None,15080000000,None,,,,,1.566,5.39,0.953,,,,,,,,0.0615,,17970000000,2025-10-28,quarterly,1.74,USD,pre-market,None,5668000000,0.0712,0.336,-0.037,105.31,22517000000,13152000000,3252000000,2792000000,95.42,94.73,33.8462,37251000000,13768000000,10303000000,35283000000,23483000000,24980000000,42581000000,1950000000,15.54,-50000000,128.18,80.6
2025-12-28,UPS,6.47,89483002000.0,15.54,None,1.094,18.66,,None,4482000000,4482000000,,,,,,,,,9000000,913000000,None,32265000000,32265000000,2055000000,None,None,5724000000,None,None,1644000000,,6.55,0.0651,,,,-0.141,0.44,6247000000,7891000000,1.3,2015-03-31,13.64,2140000000,19410000000.0,10316000000,6075000000,2205000000,844000000,844000000,None,172000000,None,411000000,None,None,9941000000,None,620000000,3870000000,None,None,None,0.102,,4125000000,6191000000,1774000000,4490000000,None,14885000000,None,,,,,1.566,5.39,0.953,,,,,,,,0.0615,,17901000000,2025-10-28,quarterly,1.74,USD,pre-market,None,5508000000,0.0712,0.336,-0.037,105.31,22517000000,13104000000,3163000000,1935000000,95.42,94.73,33.8462,37332000000,13915000000,10610000000,35485000000,23417000000,24875000000,42581000000,1829000000,15.54,-49000000,128.18,80.6
2025-12-28,UPS,6.47,89483002000.0,15.54,None,1.094,18.66,,None,2291000000,2291000000,,,,,,,,,9000000,917000000,None,32265000000,32265000000,2754000000,None,152000000,6661000000,None,None,1644000000,,6.55,0.0651,,,,-0.141,0.44,6247000000,7891000000,1.3,2014-12-31,13.64,2184000000,19410000000.0,10316000000,6075000000,2205000000,847000000,847000000,None,172000000,None,344000000,None,None,9864000000,None,515000000,3870000000,None,None,None,0.102,,4125000000,6191000000,930000000,4897000000,None,14727000000,None,,,,,1.566,5.39,0.953,,,,,,,,0.0615,,18281000000,2025-10-28,quarterly,1.74,USD,pre-market,None,5726000000,0.0712,0.336,-0.037,105.31,22517000000,11284000000,970000000,992000000,95.42,94.73,33.8462,35440000000,11218000000,8639000000,33282000000,24222000000,24661000000,42581000000,2141000000,15.54,-59000000,128.18,80.6
2025-12-28,UPS,6.47,89483002000.0,15.54,None,1.094,18.66,,None,4204000000,4204000000,,,,,,,,,9000000,922000000,None,32265000000,32265000000,2112000000,None,None,5822000000,None,None,1644000000,,6.55,0.0651,,,,-0.141,0.44,6247000000,7891000000,1.3,2014-09-30,13.64,2154000000,19410000000.0,10316000000,6075000000,2205000000,828000000,828000000,None,172000000,None,591000000,None,None,9858000000,None,441000000,3870000000,None,None,None,0.102,,4125000000,6191000000,1925000000,4591000000,None,10032000000,None,,,,,1.566,5.39,0.953,,,,,,,,0.0615,,17843000000,2025-10-28,quarterly,1.74,USD,pre-market,None,6229000000,0.0712,0.336,-0.037,105.31,22517000000,12251000000,2393000000,1367000000,95.42,94.73,33.8462,35906000000,13318000000,9096000000,30262000000,22588000000,21166000000,42581000000,5627000000,15.54,-59000000,128.18,80.6
2025-12-28,UPS,6.47,89483002000.0,15.54,None,1.094,18.66,,None,3056000000,3056000000,,,,,,,,,9000000,927000000,None,32265000000,32265000000,2106000000,None,None,5845000000,None,None,1644000000,,6.55,0.0651,,,,-0.141,0.44,6247000000,7891000000,1.3,2014-06-30,13.64,2202000000,19410000000.0,10316000000,6075000000,2205000000,830000000,830000000,None,172000000,None,638000000,None,None,9940000000,None,342000000,3870000000,None,None,None,0.102,,4125000000,6191000000,1897000000,4329000000,None,10066000000,None,,,,,1.566,5.39,0.953,,,,,,,,0.0615,,17787000000,2025-10-28,quarterly,1.74,USD,pre-market,None,6155000000,0.0712,0.336,-0.037,105.31,22517000000,11842000000,1902000000,1543000000,95.42,94.73,33.8462,34861000000,12341000000,8337000000,29276000000,22520000000,20939000000,42581000000,5568000000,15.54,-58000000,128.18,80.6
2025-12-28,UPS,6.47,89483002000.0,15.54,None,1.094,18.66,,None,5946000000,5946000000,,,,,,,,,9000000,931000000,None,32265000000,32265000000,2126000000,None,None,5804000000,None,None,1644000000,,6.55,0.0651,,,,-0.141,0.44,6247000000,7891000000,1.3,2014-03-31,13.64,2208000000,19410000000.0,10316000000,6075000000,2205000000,796000000,796000000,None,172000000,None,685000000,None,None,9860000000,None,305000000,3870000000,None,None,None,0.102,,4125000000,6191000000,1781000000,3853000000,None,10593000000,None,,,,,1.566,5.39,0.953,,,,,,,,0.0615,,17769000000,2025-10-28,quarterly,1.74,USD,pre-market,None,6727000000,0.0712,0.336,-0.037,105.31,22517000000,12082000000,2222000000,1089000000,95.42,94.73,33.8462,37085000000,14620000000,9193000000,30823000000,22465000000,21630000000,42581000000,6247000000,15.54,-58000000,128.18,80.6
2025-12-28,UPS,6.47,89483002000.0,15.54,None,1.094,18.66,,None,4665000000,4665000000,,,,,,,,,9000000,937000000,None,32265000000,32265000000,2478000000,None,None,6502000000,None,None,1644000000,,6.55,0.0651,,,,-0.141,0.44,6247000000,7891000000,1.3,2013-12-31,13.64,2190000000,19410000000.0,10316000000,6075000000,2205000000,775000000,775000000,None,172000000,None,403000000,None,None,10824000000,None,323000000,3870000000,None,None,None,0.102,,4125000000,6191000000,1237000000,4566000000,None,10525000000,None,,,,,1.566,5.39,0.953,,,,,,,,0.0615,,17961000000,2025-10-28,quarterly,1.74,USD,pre-market,None,6925000000,0.0712,0.336,-0.037,105.31,22517000000,11345000000,87000000,580000000,95.42,94.73,33.8462,36212000000,13387000000,7131000000,29724000000,22825000000,22593000000,42581000000,6474000000,15.54,-69000000,128.18,80.6
2025-12-28,UPS,6.47,89483002000.0,15.54,None,1.094,18.66,,None,5182000000,5182000000,,,,,,,,,9000000,944000000,None,32265000000,32265000000,1817000000,None,None,5592000000,None,None,1644000000,,6.55,0.0651,,,,-0.141,0.44,6247000000,7891000000,1.3,2013-09-30,13.64,2180000000,19410000000.0,10316000000,6075000000,2205000000,771000000,771000000,None,172000000,None,587000000,None,None,10897000000,None,337000000,3870000000,None,None,None,0.102,,4125000000,6191000000,1517000000,4064000000,None,15103000000,None,,,,,1.566,5.39,0.953,,,,,,,,0.0615,,17992000000,2025-10-28,quarterly,1.74,USD,pre-market,None,7102000000,0.0712,0.336,-0.037,105.31,22517000000,12600000000,1703000000,1467000000,95.42,94.73,33.8462,37476000000,13758000000,7821000000,33821000000,23718000000,26000000000,42581000000,3642000000,15.54,-68000000,128.18,80.6
2025-12-28,UPS,6.47,89483002000.0,15.54,None,1.094,18.66,,None,4808000000,4808000000,,,,,,,,,9000000,952000000,None,32265000000,32265000000,2008000000,None,None,5438000000,None,None,1644000000,,6.55,0.0651,,,,-0.141,0.44,6247000000,7891000000,1.3,2013-06-30,13.64,2149000000,19410000000.0,10316000000,6075000000,2205000000,678000000,678000000,None,172000000,None,564000000,None,None,10837000000,None,331000000,3870000000,None,None,None,0.102,,4125000000,6191000000,1596000000,3868000000,None,15053000000,None,,,,,1.566,5.39,0.953,,,,,,,,0.0615,,17880000000,2025-10-28,quarterly,1.74,USD,pre-market,None,7185000000,0.0712,0.336,-0.037,105.31,22517000000,11923000000,1086000000,1384000000,95.42,94.73,33.8462,36703000000,13226000000,7183000000,33073000000,23477000000,25890000000,42581000000,3617000000,15.54,-67000000,128.18,80.6
2025-12-28,UPS,6.47,89483002000.0,15.54,None,1.094,18.66,,None,6456000000,6456000000,,,,,,,,,9000000,960000000,None,32265000000,32265000000,1956000000,None,None,5617000000,None,None,1644000000,,6.55,0.0651,,,,-0.141,0.44,6247000000,7891000000,1.3,2013-03-31,13.64,2151000000,19410000000.0,10316000000,6075000000,2205000000,654000000,654000000,None,172000000,None,582000000,None,None,11051000000,None,488000000,3870000000,None,None,None,0.102,,4125000000,6191000000,1532000000,3874000000,None,14877000000,None,,,,,1.566,5.39,0.953,,,,,,,,0.0615,,17888000000,2025-10-28,quarterly,1.74,USD,pre-market,None,7614000000,0.0712,0.336,-0.037,105.31,22517000000,12666000000,1615000000,876000000,95.42,94.73,33.8462,38005000000,14481000000,8034000000,33962000000,23524000000,25928000000,42581000000,4028000000,15.54,-66000000,128.18,80.6
2025-12-28,UPS,6.47,89483002000.0,15.54,None,1.094,18.66,,None,7327000000,7327000000,,,,,,,,,10000000,956000000,None,32265000000,32265000000,2278000000,None,None,6111000000,None,None,1644000000,,6.55,0.0651,,,,-0.141,0.44,6247000000,7891000000,1.3,2012-12-31,13.64,2173000000,19410000000.0,10316000000,6075000000,2205000000,603000000,603000000,None,172000000,None,393000000,None,None,11089000000,None,535000000,3870000000,None,None,None,0.102,,4125000000,6191000000,1163000000,4300000000,None,14603000000,None,,,,,1.566,5.39,0.953,,,,,,,,0.0615,,17894000000,2025-10-28,quarterly,1.74,USD,pre-market,None,7997000000,0.0712,0.336,-0.037,105.31,22517000000,13310000000,1812000000,597000000,95.42,94.73,33.8462,38863000000,15591000000,8390000000,34130000000,23272000000,25740000000,42581000000,4653000000,15.54,-78000000,128.18,80.6
2025-12-28,UPS,6.47,89483002000.0,15.54,None,1.094,18.66,,None,8430000000,8430000000,,,,,,,,,10000000,970000000,None,32265000000,32265000000,1863000000,None,None,5545000000,None,None,1644000000,,6.55,0.0651,,,,-0.141,0.44,6247000000,7891000000,1.3,2012-09-30,13.64,2170000000,19410000000.0,10316000000,6075000000,2205000000,614000000,614000000,None,172000000,None,569000000,None,None,11148000000,None,None,3870000000,None,None,None,0.102,,4125000000,6191000000,1783000000,4176000000,None,8681000000,None,,,,,1.566,5.39,0.953,,,,,,,,0.0615,,17829000000,2025-10-28,quarterly,1.74,USD,pre-market,None,10448000000,0.0712,0.336,-0.037,105.31,22517000000,15007000000,3859000000,586000000,95.42,94.73,33.8462,39064000000,16344000000,10289000000,31450000000,22720000000,21161000000,42581000000,7529000000,15.54,-77000000,128.18,80.6
2025-12-28,UPS,6.47,89483002000.0,15.54,None,1.094,18.66,,None,6718000000,6718000000,,,,,,,,,10000000,971000000,None,32265000000,32265000000,2046000000,None,None,5541000000,None,None,1644000000,,6.55,0.0651,,,,-0.141,0.44,6247000000,7891000000,1.3,2012-06-30,13.64,2147000000,19410000000.0,10316000000,6075000000,2205000000,620000000,620000000,None,172000000,None,593000000,None,None,11112000000,None,None,3870000000,None,None,None,0.102,,4125000000,6191000000,1839000000,4053000000,None,8162000000,None,,,,,1.566,5.39,0.953,,,,,,,,0.0615,,17597000000,2025-10-28,quarterly,1.74,USD,pre-market,None,10827000000,0.0712,0.336,-0.037,105.31,22517000000,13023000000,1911000000,604000000,95.42,94.73,33.8462,37177000000,14702000000,8400000000,29452000000,22475000000,21052000000,42581000000,7645000000,15.54,-76000000,128.18,80.6
2025-12-28,UPS,6.47,89483002000.0,15.54,None,1.094,18.66,,None,5133000000,5133000000,,,,,,,,,10000000,972000000,None,32265000000,32265000000,2000000000,None,None,5637000000,None,None,1644000000,,6.55,0.0651,,,,-0.141,0.44,6247000000,7891000000,1.3,2012-03-31,13.64,2177000000,19410000000.0,10316000000,6075000000,2205000000,634000000,634000000,None,172000000,None,635000000,None,None,11079000000,None,None,3870000000,None,None,None,0.102,,4125000000,6191000000,1756000000,4057000000,None,7972000000,None,,,,,1.566,5.39,0.953,,,,,,,,0.0615,,17614000000,2025-10-28,quarterly,1.74,USD,pre-market,None,10433000000,0.0712,0.336,-0.037,105.31,22517000000,11998000000,919000000,947000000,95.42,94.73,33.8462,35963000000,13473000000,7543000000,28464000000,22490000000,20921000000,42581000000,7423000000,15.54,-76000000,128.18,80.6
2025-12-28,UPS,6.47,89483002000.0,15.54,None,1.094,18.66,,None,3034000000,3034000000,,,,,,,,,10000000,972000000,None,32265000000,32265000000,2300000000,None,None,6246000000,None,None,1644000000,,6.55,0.0651,,,,-0.141,0.44,6247000000,7891000000,1.3,2011-12-31,13.64,2101000000,19410000000.0,10316000000,6075000000,2205000000,585000000,585000000,None,172000000,None,345000000,None,None,11095000000,None,None,3870000000,None,None,None,0.102,,4125000000,6191000000,1418000000,4181000000,None,6278000000,None,,,,,1.566,5.39,0.953,,,,,,,,0.0615,,17621000000,2025-10-28,quarterly,1.74,USD,pre-market,None,10128000000,0.0712,0.336,-0.037,105.31,22517000000,11128000000,33000000,1241000000,95.42,94.73,33.8462,34701000000,12284000000,6514000000,27593000000,22417000000,21079000000,42581000000,7035000000,15.54,-88000000,128.18,80.6
2025-12-28,UPS,6.47,89483002000.0,15.54,None,1.094,18.66,,None,4133000000,4133000000,,,,,,,,,10000000,987000000,None,32265000000,32265000000,1974000000,None,None,5584000000,None,None,1644000000,,6.55,0.0651,,,,-0.141,0.44,6247000000,7891000000,1.3,2011-09-30,13.64,2066000000,19410000000.0,10316000000,6075000000,2205000000,622000000,622000000,None,172000000,None,634000000,None,None,11092000000,None,231000000,3870000000,None,None,None,0.102,,4125000000,6191000000,1591000000,4227000000,None,4559000000,None,,,,,1.566,5.39,0.953,,,,,,,,0.0615,,17581000000,2025-10-28,quarterly,1.74,USD,pre-market,None,13828000000,0.0712,0.336,-0.037,105.31,22517000000,12402000000,1310000000,1320000000,95.42,94.73,33.8462,35238000000,12628000000,7511000000,27369000000,22610000000,19858000000,42581000000,7798000000,15.54,-87000000,128.18,80.6
2025-12-28,UPS,6.47,89483002000.0,15.54,None,1.094,18.66,,None,4691000000,4691000000,,,,,,,,,10000000,998000000,None,32265000000,32265000000,2078000000,None,None,5951000000,None,None,1644000000,,6.55,0.0651,,,,-0.141,0.44,6247000000,7891000000,1.3,2011-06-30,13.64,2101000000,19410000000.0,10316000000,6075000000,2205000000,593000000,593000000,None,172000000,None,661000000,None,None,10787000000,None,248000000,3870000000,None,None,None,0.102,,4125000000,6191000000,1362000000,4166000000,None,4435000000,None,,,,,1.566,5.39,0.953,,,,,,,,0.0615,,17489000000,2025-10-28,quarterly,1.74,USD,pre-market,None,14218000000,0.0712,0.336,-0.037,105.31,22517000000,12161000000,1374000000,946000000,95.42,94.73,33.8462,35152000000,12950000000,7618000000,26823000000,22202000000,19205000000,42581000000,8254000000,15.54,-86000000,128.18,80.6
2025-12-28,UPS,6.47,89483002000.0,15.54,None,1.094,18.66,,None,4657000000,4657000000,,,,,,,,,10000000,1002000000,None,32265000000,32265000000,2017000000,None,None,5781000000,None,None,1644000000,,6.55,0.0651,,,,-0.141,0.44,6247000000,7891000000,1.3,2011-03-31,13.64,2107000000,19410000000.0,10316000000,6075000000,2205000000,599000000,599000000,None,172000000,None,695000000,None,None,10504000000,None,275000000,3870000000,None,None,None,0.102,,4125000000,6191000000,1393000000,3727000000,None,4451000000,None,,,,,1.566,5.39,0.953,,,,,,,,0.0615,,17407000000,2025-10-28,quarterly,1.74,USD,pre-market,None,14206000000,0.0712,0.336,-0.037,105.31,22517000000,12058000000,1554000000,787000000,95.42,94.73,33.8462,34594000000,12618000000,7605000000,26360000000,21976000000,18755000000,42581000000,8164000000,15.54,-85000000,128.18,80.6
2025-12-28,UPS,6.47,89483002000.0,15.54,None,1.094,18.66,,None,3370000000,3370000000,,,,,,,,,10000000,1002000000,None,32265000000,32265000000,1974000000,None,None,5627000000,None,None,1644000000,,6.55,0.0651,,,,-0.141,0.44,6247000000,7891000000,1.3,2010-12-31,13.64,2081000000,19410000000.0,10316000000,6075000000,2205000000,599000000,599000000,None,172000000,None,659000000,None,None,10491000000,None,288000000,3870000000,None,None,None,0.102,,4125000000,6191000000,1861000000,3573000000,None,5478000000,None,,,,,1.566,5.39,0.953,,,,,,,,0.0615,,17387000000,2025-10-28,quarterly,1.74,USD,pre-market,None,14164000000,0.0712,0.336,-0.037,105.31,22517000000,10846000000,355000000,711000000,95.42,94.73,33.8462,33597000000,11569000000,5902000000,25550000000,22028000000,19648000000,42581000000,7979000000,15.54,-103000000,128.18,80.6
2025-12-28,UPS,6.47,89483002000.0,15.54,None,1.094,18.66,,None,3020000000,3020000000,,,,,,,,,10000000,1004000000,None,32265000000,32265000000,1840000000,None,None,5629000000,None,None,1644000000,,6.55,0.0651,,,,-0.141,0.44,6247000000,7891000000,1.3,2010-09-30,13.64,2085000000,19410000000.0,10316000000,6075000000,2205000000,609000000,609000000,None,172000000,None,662000000,None,None,8648000000,None,313000000,3870000000,None,None,None,0.102,,4125000000,6191000000,1375000000,3838000000,None,5712000000,None,,,,,1.566,5.39,0.953,,,,,,,,0.0615,,17471000000,2025-10-28,quarterly,1.74,USD,pre-market,None,13603000000,0.0712,0.336,-0.037,105.31,22517000000,9642000000,994000000,732000000,95.42,94.73,33.8462,32907000000,10756000000,6801000000,24381000000,22151000000,17580000000,42581000000,8460000000,15.54,-101000000,128.18,80.6
2025-12-28,UPS,6.47,89483002000.0,15.54,None,1.094,18.66,,None,3252000000,3252000000,,,,,,,,,10000000,1003000000,None,32265000000,32265000000,1708000000,None,None,5660000000,None,None,1644000000,,6.55,0.0651,,,,-0.141,0.44,6247000000,7891000000,1.3,2010-06-30,13.64,2050000000,19410000000.0,10316000000,6075000000,2205000000,628000000,628000000,None,172000000,None,552000000,None,None,8614000000,None,312000000,3870000000,None,None,None,0.102,,4125000000,6191000000,1357000000,4051000000,None,5845000000,None,,,,,1.566,5.39,0.953,,,,,,,,0.0615,,17615000000,2025-10-28,quarterly,1.74,USD,pre-market,None,13067000000,0.0712,0.336,-0.037,105.31,22517000000,10251000000,1637000000,755000000,95.42,94.73,33.8462,33269000000,11024000000,7687000000,25339000000,22245000000,17652000000,42581000000,7865000000,15.54,-101000000,128.18,80.6
2025-12-28,UPS,6.47,89483002000.0,15.54,None,1.094,18.66,,None,2544000000,2544000000,,,,,,,,,10000000,1004000000,None,32265000000,32265000000,1788000000,None,None,5599000000,None,None,1644000000,,6.55,0.0651,,,,-0.141,0.44,6247000000,7891000000,1.3,2010-03-31,13.64,2070000000,19410000000.0,10316000000,6075000000,2205000000,628000000,628000000,None,172000000,None,563000000,None,None,8548000000,None,337000000,3870000000,None,None,None,0.102,,4125000000,6191000000,1346000000,3824000000,None,5781000000,None,,,,,1.566,5.39,0.953,,,,,,,,0.0615,,17758000000,2025-10-28,quarterly,1.74,USD,pre-market,None,12692000000,0.0712,0.336,-0.037,105.31,22517000000,9954000000,1406000000,571000000,95.42,94.73,33.8462,32504000000,10060000000,7366000000,24891000000,22444000000,17525000000,42581000000,7547000000,15.54,-99000000,128.18,80.6
2025-12-28,UPS,6.47,89483002000.0,15.54,None,1.094,18.66,,None,1542000000,1542000000,,,,,,,,,10000000,1004000000,None,32265000000,32265000000,1766000000,None,None,5922000000,None,None,1644000000,,6.55,0.0651,,,,-0.141,0.44,6247000000,7891000000,1.3,2009-12-31,13.64,2089000000,19410000000.0,10316000000,6075000000,2205000000,596000000,596000000,None,172000000,None,585000000,None,None,8668000000,None,337000000,3870000000,None,None,None,0.102,,4125000000,6191000000,1253000000,3362000000,None,6255000000,None,,,,,1.566,5.39,0.953,,,,,,,,0.0615,,17979000000,2025-10-28,quarterly,1.74,USD,pre-market,None,12745000000,0.0712,0.336,-0.037,105.31,22517000000,9521000000,853000000,558000000,95.42,94.73,33.8462,31883000000,9275000000,6239000000,24187000000,22608000000,17948000000,42581000000,7630000000,15.54,-108000000,128.18,80.6
2025-12-28,UPS,6.47,89483002000.0,15.54,None,1.094,18.66,,None,2242000000,2242000000,,,,,,,,,10000000,1004000000,None,32265000000,32265000000,1486000000,None,None,5156000000,None,None,1644000000,,6.55,0.0651,,,,-0.141,0.44,6247000000,7891000000,1.3,2009-09-30,13.64,2111000000,19410000000.0,10316000000,6075000000,2205000000,509000000,509000000,None,172000000,None,698000000,None,None,8908000000,None,362000000,3870000000,None,None,None,0.102,,4125000000,6191000000,1622000000,3891000000,None,6936000000,None,,,,,1.566,5.39,0.953,,,,,,,,0.0615,,18092000000,2025-10-28,quarterly,1.74,USD,pre-market,None,12453000000,0.0712,0.336,-0.037,105.31,22517000000,10305000000,1397000000,546000000,95.42,94.73,33.8462,32211000000,9566000000,6774000000,25165000000,22645000000,18391000000,42581000000,6981000000,15.54,-108000000,128.18,80.6
2025-12-28,UPS,6.47,89483002000.0,15.54,None,1.094,18.66,,None,2818000000,2818000000,,,,,,,,,10000000,1004000000,None,32265000000,32265000000,1517000000,None,None,4894000000,None,None,1644000000,,6.55,0.0651,,,,-0.141,0.44,6247000000,7891000000,1.3,2009-06-30,13.64,1991000000,19410000000.0,10316000000,6075000000,2205000000,497000000,497000000,None,172000000,None,630000000,None,None,8866000000,None,379000000,3870000000,None,None,None,0.102,,4125000000,6191000000,1941000000,3623000000,None,738000000,None,,,,,1.566,5.39,0.953,,,,,,,,0.0615,,17974000000,2025-10-28,quarterly,1.74,USD,pre-market,None,12352000000,0.0712,0.336,-0.037,105.31,22517000000,10883000000,2017000000,529000000,95.42,94.73,33.8462,32540000000,10182000000,7157000000,25747000000,22358000000,18590000000,42581000000,6793000000,15.54,-107000000,128.18,80.6
2025-12-28,UPS,6.47,89483002000.0,15.54,None,1.094,18.66,,None,3738000000,3738000000,,,,,,,,,10000000,1003000000,None,32265000000,32265000000,1677000000,None,None,5088000000,None,None,1644000000,,6.55,0.0651,,,,-0.141,0.44,6247000000,7891000000,1.3,2009-03-31,13.64,1964000000,19410000000.0,10316000000,6075000000,2205000000,509000000,509000000,None,172000000,None,503000000,None,None,8737000000,None,None,3870000000,None,None,None,0.102,,4125000000,6191000000,1934000000,3771000000,None,None,None,,,,,1.566,5.39,0.953,,,,,,,,0.0615,,18000000000,2025-10-28,quarterly,1.74,USD,pre-market,None,12363000000,0.0712,0.336,-0.037,105.31,22517000000,12083000000,3346000000,608000000,95.42,94.73,33.8462,33773000000,11368000000,8794000000,26993000000,22405000000,18199000000,42581000000,6780000000,15.54,-106000000,128.18,80.6
2025-12-28,UPS,6.47,89483002000.0,15.54,None,1.094,18.66,,None,507000000,507000000,,,,,,,,,10000000,1003000000,None,32265000000,32265000000,1855000000,None,None,6194000000,None,None,1644000000,,6.55,0.0651,,,,-0.141,0.44,6247000000,7891000000,1.3,2008-12-31,13.64,1986000000,19410000000.0,10316000000,6075000000,2205000000,511000000,511000000,None,172000000,None,494000000,None,None,7797000000,None,None,3870000000,None,None,None,0.102,,4125000000,6191000000,1602000000,3888000000,None,None,None,,,,,1.566,5.39,0.953,,,,,,,,0.0615,,18265000000,2025-10-28,quarterly,1.74,USD,pre-market,None,12412000000,0.0712,0.336,-0.037,105.31,22517000000,9871000000,2074000000,542000000,95.42,94.73,33.8462,31879000000,8845000000,7817000000,25099000000,23034000000,17282000000,42581000000,6780000000,15.54,-121000000,128.18,80.6
2025-12-28,UPS,6.47,89483002000.0,15.54,None,1.094,18.66,,None,1239000000,1239000000,,,,,,,,,10000000,1013000000,None,32265000000,32265000000,2010000000,None,None,6711000000,None,None,1644000000,,6.55,0.0651,,,,-0.141,0.44,6247000000,7891000000,1.3,2008-09-30,13.64,2576000000,19410000000.0,10316000000,6075000000,2205000000,575000000,575000000,None,172000000,None,520000000,None,None,8064000000,None,None,3870000000,None,None,None,0.102,,4125000000,6191000000,1599000000,4067000000,None,None,None,,,,,1.566,5.39,0.953,,,,,,,,0.0615,,18361000000,2025-10-28,quarterly,1.74,USD,pre-market,None,12711000000,0.0712,0.336,-0.037,105.31,22517000000,10959000000,2895000000,523000000,95.42,94.73,33.8462,38165000000,10072000000,8972000000,27063000000,28093000000,18091000000,42581000000,11102000000,15.54,-120000000,128.18,80.6
2025-12-28,UPS,6.47,89483002000.0,15.54,None,1.094,18.66,,None,1178000000,1178000000,,,,,,,,,10000000,1029000000,None,32265000000,32265000000,2284000000,None,None,6722000000,None,None,1644000000,,6.55,0.0651,,,,-0.141,0.44,6247000000,7891000000,1.3,2008-06-30,13.64,2616000000,19410000000.0,10316000000,6075000000,2205000000,604000000,604000000,None,172000000,None,524000000,None,None,7233000000,None,None,3870000000,None,None,None,0.102,,4125000000,6191000000,1513000000,4062000000,None,None,None,,,,,1.566,5.39,0.953,,,,,,,,0.0615,,18213000000,2025-10-28,quarterly,1.74,USD,pre-market,None,12841000000,0.0712,0.336,-0.037,105.31,22517000000,10854000000,3621000000,511000000,95.42,94.73,33.8462,38056000000,9924000000,9967000000,27036000000,28132000000,17069000000,42581000000,11020000000,15.54,-119000000,128.18,80.6
2025-12-28,UPS,6.47,89483002000.0,15.54,None,1.094,18.66,,None,1009000000,1009000000,,,,,,,,,10000000,1044000000,None,32265000000,32265000000,1946000000,None,None,6596000000,None,None,1644000000,,6.55,0.0651,,,,-0.141,0.44,6247000000,7891000000,1.3,2008-03-31,13.64,2607000000,19410000000.0,10316000000,6075000000,2205000000,612000000,612000000,None,172000000,None,641000000,None,None,7294000000,None,None,3870000000,None,None,None,0.102,,4125000000,6191000000,1522000000,4164000000,None,None,None,,,,,1.566,5.39,0.953,,,,,,,,0.0615,,17921000000,2025-10-28,quarterly,1.74,USD,pre-market,None,13517000000,0.0712,0.336,-0.037,105.31,22517000000,9802000000,2508000000,475000000,95.42,94.73,33.8462,37470000000,9602000000,8977000000,25877000000,27868000000,16900000000,42581000000,11593000000,15.54,-118000000,128.18,80.6
2025-12-28,UPS,6.47,89483002000.0,15.54,None,1.094,18.66,,None,2027000000,2027000000,,,,,,,,,10000000,1041379310,None,32265000000,32265000000,1819000000,None,None,7808000000,None,None,1644000000,,6.55,0.0651,,,,-0.141,0.44,6247000000,7891000000,1.3,2007-12-31,13.64,2577000000,19410000000.0,10316000000,6075000000,2205000000,628000000,628000000,None,172000000,None,606000000,None,None,7506000000,None,None,3870000000,None,None,None,0.102,,4125000000,6191000000,1348000000,4509000000,None,None,None,,,,,1.566,5.39,0.953,,,,,,,,0.0615,,17663000000,2025-10-28,quarterly,1.74,USD,pre-market,None,14186000000,0.0712,0.336,-0.037,105.31,22517000000,11018000000,3512000000,577000000,95.42,94.73,33.8462,39042000000,11760000000,9840000000,26859000000,27282000000,17019000000,42581000000,12183000000,15.54,-137000000,128.18,80.6
2025-12-28,UPS,6.47,89483002000.0,15.54,None,1.094,18.66,,None,1245000000,1245000000,,,,,,,,,10000000,1058000000,None,32265000000,32265000000,1620000000,None,None,6146000000,None,None,1644000000,,6.55,0.0651,,,,-0.141,0.44,6247000000,7891000000,1.3,2007-09-30,13.64,2580000000,19410000000.0,10316000000,6075000000,2205000000,650000000,650000000,None,172000000,None,601000000,None,None,3287000000,None,None,3870000000,None,None,None,0.102,,4125000000,6191000000,1397000000,4292000000,None,None,None,,,,,1.566,5.39,0.953,,,,,,,,0.0615,,17327000000,2025-10-28,quarterly,1.74,USD,pre-market,None,17733000000,0.0712,0.336,-0.037,105.31,22517000000,4661000000,1374000000,754000000,95.42,94.73,33.8462,34496000000,9542000000,7849000000,18927000000,24954000000,11078000000,42581000000,15569000000,15.54,-137000000,128.18,80.6
2025-12-28,UPS,6.47,89483002000.0,15.54,None,1.094,18.66,,None,856000000,856000000,,,,,,,,,11000000,1066000000,None,32265000000,32265000000,1664000000,None,None,5967000000,None,None,1644000000,,6.55,0.0651,,,,-0.141,0.44,6247000000,7891000000,1.3,2007-06-30,13.64,2553000000,19410000000.0,10316000000,6075000000,2205000000,672000000,672000000,None,172000000,None,533000000,None,None,3101000000,None,None,3870000000,None,None,None,0.102,,4125000000,6191000000,1374000000,3951000000,None,None,None,,,,,1.566,5.39,0.953,,,,,,,,0.0615,,16987000000,2025-10-28,quarterly,1.74,USD,pre-market,None,17431000000,0.0712,0.336,-0.037,105.31,22517000000,4588000000,1487000000,1265000000,95.42,94.73,33.8462,33513000000,9462000000,7210000000,18269000000,24051000000,11059000000,42581000000,15244000000,15.54,-136000000,128.18,80.6
2025-12-28,UPS,6.47,89483002000.0,15.54,None,1.094,18.66,,None,871000000,871000000,,,,,,,,,11000000,1080769231,None,32265000000,32265000000,1797000000,None,None,5899000000,None,None,1644000000,,6.55,0.0651,,,,-0.141,0.44,6247000000,7891000000,1.3,2007-03-31,13.64,2543000000,19410000000.0,10316000000,6075000000,2205000000,703000000,703000000,None,172000000,None,489000000,None,None,3139000000,None,None,3870000000,None,None,None,0.102,,4125000000,6191000000,1225000000,3705000000,None,None,None,,,,,1.566,5.39,0.953,,,,,,,,0.0615,,16738000000,2025-10-28,quarterly,1.74,USD,pre-market,None,17476000000,0.0712,0.336,-0.037,105.31,22517000000,4115000000,976000000,1527000000,95.42,94.73,33.8462,33375000000,9522000000,7017000000,18067000000,23853000000,11050000000,42581000000,15308000000,15.54,-135000000,128.18,80.6
2025-12-28,UPS,6.47,89483002000.0,15.54,None,1.094,18.66,,None,794000000,794000000,,,,,,,,,11000000,1080769231,None,32265000000,32265000000,1841000000,None,None,6285000000,None,None,1644000000,,6.55,0.0651,,,,-0.141,0.44,6247000000,7891000000,1.3,2006-12-31,13.64,2533000000,19410000000.0,10316000000,6075000000,2205000000,688000000,688000000,None,172000000,None,414000000,None,None,3133000000,None,None,3870000000,None,None,None,0.102,,4125000000,6191000000,1109000000,3794000000,None,None,None,,,,,1.566,5.39,0.953,,,,,,,,0.0615,,16779000000,2025-10-28,quarterly,1.74,USD,pre-market,None,17676000000,0.0712,0.336,-0.037,105.31,22517000000,4116000000,983000000,1189000000,95.42,94.73,33.8462,33210000000,9377000000,6719000000,17728000000,23833000000,11009000000,42581000000,15482000000,15.54,-147000000,128.18,80.6
2025-12-28,UPS,6.47,89483002000.0,15.54,None,1.094,18.66,,None,1139000000,1139000000,,,,,,,,,11000000,1081250000,None,32265000000,32265000000,2371000000,None,None,6360000000,None,None,1644000000,,6.55,0.0651,,,,-0.141,0.44,6247000000,7891000000,1.3,2006-09-30,13.64,2484000000,19410000000.0,10316000000,6075000000,2205000000,712000000,712000000,None,172000000,None,5356000000,None,None,3113000000,None,None,3870000000,None,None,None,0.102,,4125000000,6191000000,1540000000,3798000000,None,None,None,,,,,1.566,5.39,0.953,,,,,,,,0.0615,,16353000000,2025-10-28,quarterly,1.74,USD,pre-market,None,17278000000,0.0712,0.336,-0.037,105.31,22517000000,4763000000,1650000000,1102000000,95.42,94.73,33.8462,36172000000,10141000000,7819000000,18995000000,26031000000,11176000000,42581000000,17177000000,15.54,-147000000,128.18,80.6
2025-12-28,UPS,6.47,89483002000.0,15.54,None,1.094,18.66,,None,945000000,945000000,,,,,,,,,11000000,1093814433,None,32265000000,32265000000,2360000000,None,None,6187000000,None,None,1644000000,,6.55,0.0651,,,,-0.141,0.44,6247000000,7891000000,1.3,2006-06-30,13.64,2539000000,19410000000.0,10316000000,6075000000,2205000000,737000000,737000000,None,172000000,None,3932000000,None,None,3077000000,None,None,3870000000,None,None,None,0.102,,4125000000,6191000000,1488000000,3708000000,None,None,None,,,,,1.566,5.39,0.953,,,,,,,,0.0615,,15903000000,2025-10-28,quarterly,1.74,USD,pre-market,None,17122000000,0.0712,0.336,-0.037,105.31,22517000000,3622000000,545000000,1905000000,95.42,94.73,33.8462,34874000000,10525000000,6613000000,17859000000,24349000000,11246000000,42581000000,17015000000,15.54,-146000000,128.18,80.6
2025-12-28,UPS,6.47,89483002000.0,15.54,None,1.094,18.66,,None,1124000000,1124000000,,,,,,,,,11000000,1095505618,None,32265000000,32265000000,2227000000,None,None,6178000000,None,None,1644000000,,6.55,0.0651,,,,-0.141,0.44,6247000000,7891000000,1.3,2006-03-31,13.64,2501000000,19410000000.0,10316000000,6075000000,2205000000,756000000,756000000,None,172000000,None,3941000000,None,None,3046000000,None,None,3870000000,None,None,None,0.102,,4125000000,6191000000,1534000000,3610000000,None,None,None,,,,,1.566,5.39,0.953,,,,,,,,0.0615,,15450000000,2025-10-28,quarterly,1.74,USD,pre-market,None,16861000000,0.0712,0.336,-0.037,105.31,22517000000,3739000000,693000000,2007000000,95.42,94.73,33.8462,34791000000,10843000000,7006000000,18075000000,23948000000,11069000000,42581000000,16716000000,15.54,-145000000,128.18,80.6
2025-12-28,UPS,6.47,89483002000.0,15.54,None,1.094,18.66,,None,1369000000,1369000000,,,,,,,,,11000000,1095505618,None,32265000000,32265000000,1806000000,None,None,6154000000,None,None,1644000000,,6.55,0.0651,,,,-0.141,0.44,6247000000,7891000000,1.3,2005-12-31,13.64,2549000000,19410000000.0,10316000000,6075000000,2205000000,684000000,684000000,None,172000000,None,4407000000,None,None,3159000000,None,None,3870000000,None,None,None,0.102,,4125000000,6191000000,1533000000,3711000000,None,None,None,,,,,1.566,5.39,0.953,,,,,,,,0.0615,,15289000000,2025-10-28,quarterly,1.74,USD,pre-market,None,17037000000,0.0712,0.336,-0.037,105.31,22517000000,3980000000,821000000,1672000000,95.42,94.73,33.8462,34947000000,10728000000,6793000000,18063000000,24219000000,11545000000,42581000000,16884000000,15.54,-161000000,128.18,80.6
2025-12-28,UPS,6.47,89483002000.0,15.54,None,1.094,18.66,,None,1708000000,1708000000,,,,,,,,,11000000,1108139535,None,32265000000,32265000000,2374000000,None,None,5946000000,None,None,1644000000,,6.55,0.0651,,,,-0.141,0.44,6247000000,7891000000,1.3,2005-09-30,13.64,2483000000,19410000000.0,10316000000,6075000000,2205000000,3129000000,3129000000,None,172000000,None,4455000000,None,None,3182000000,None,None,3870000000,None,None,None,0.102,,4125000000,6191000000,1581000000,3645000000,None,None,None,,,,,1.566,5.39,0.953,,,,,,,,0.0615,,14889000000,2025-10-28,quarterly,1.74,USD,pre-market,None,16734000000,0.0712,0.336,-0.037,105.31,22517000000,5032000000,1850000000,2198000000,95.42,94.73,33.8462,35079000000,11433000000,7869000000,18462000000,23646000000,10593000000,42581000000,16617000000,15.54,-161000000,128.18,80.6
2025-12-28,UPS,6.47,89483002000.0,15.54,None,1.094,18.66,,4368000000,6112000000,6112000000,,,,,,,,,9000000,856000000,None,32265000000,32265000000,6302000000,None,1838000000,10871000000,None,None,1644000000,,6.55,0.0651,,,,-0.141,0.44,6247000000,7891000000,1.3,2024-12-31,13.64,4300000000,19410000000.0,10316000000,6075000000,2205000000,3064000000,3064000000,None,172000000,None,826000000,None,None,19446000000,None,None,3870000000,None,None,None,0.102,,4125000000,6191000000,1295000000,7568000000,None,3351000000,None,,,,,1.566,5.39,0.953,,,,,,,,0.0615,,41328000000,2025-10-28,annual,1.74,USD,pre-market,None,20882000000,0.0712,0.336,-0.037,105.31,22517000000,25652000000,2571000000,206000000,95.42,94.73,33.8462,70070000000,19310000000,16441000000,53327000000,50760000000,36886000000,42581000000,16718000000,15.54,None,128.18,80.6
2025-12-28,UPS,6.47,89483002000.0,15.54,None,1.094,18.66,,4465000000,3169000000,3169000000,,,,,,,,,9000000,860000000,None,32265000000,32265000000,6340000000,None,3348000000,11216000000,None,None,1644000000,,6.55,0.0651,,,,-0.141,0.44,6247000000,7891000000,1.3,2023-12-31,13.64,4872000000,19410000000.0,10316000000,6075000000,2205000000,3305000000,3305000000,None,172000000,None,935000000,None,None,18916000000,None,None,3870000000,None,None,None,0.102,,4125000000,6191000000,1227000000,7279000000,None,3264000000,None,,,,,1.566,5.39,0.953,,,,,,,,0.0615,,41253000000,2025-10-28,annual,1.74,USD,pre-market,None,21055000000,0.0712,0.336,-0.037,105.31,22517000000,26729000000,4057000000,2866000000,95.42,94.73,33.8462,70857000000,19413000000,17676000000,53543000000,51444000000,35867000000,42581000000,17306000000,15.54,None,128.18,80.6
2025-12-28,UPS,6.47,89483002000.0,15.54,None,1.094,18.66,,3859000000,5602000000,5602000000,,,,,,,,,9000000,871000000,None,32265000000,32265000000,7515000000,None,2341000000,12583000000,None,None,1644000000,,6.55,0.0651,,,,-0.141,0.44,6247000000,7891000000,1.3,2022-12-31,13.64,4223000000,19410000000.0,10316000000,6075000000,2205000000,2796000000,2796000000,None,172000000,None,889000000,None,None,17321000000,None,20000000,3870000000,None,None,None,0.102,,4125000000,6191000000,1150000000,7663000000,None,8320000000,None,,,,,1.566,5.39,0.953,,,,,,,,0.0615,,38474000000,2025-10-28,annual,1.74,USD,pre-market,None,21326000000,0.0712,0.336,-0.037,105.31,22517000000,23521000000,2962000000,1993000000,95.42,94.73,33.8462,71124000000,22217000000,18140000000,51321000000,48907000000,33181000000,42581000000,19786000000,15.54,-13000000,128.18,80.6
2025-12-28,UPS,6.47,89483002000.0,15.54,None,1.094,18.66,,3613000000,10255000000,10255000000,,,,,,,,,9000000,878000000,None,32265000000,32265000000,7523000000,None,2131000000,12541000000,None,None,1644000000,,6.55,0.0651,,,,-0.141,0.44,6247000000,7891000000,1.3,2021-12-31,13.64,3692000000,19410000000.0,10316000000,6075000000,2205000000,2486000000,2486000000,None,172000000,None,717000000,None,None,19784000000,None,26000000,3870000000,None,None,None,0.102,,4125000000,6191000000,1083000000,7335000000,None,3578000000,None,,,,,1.566,5.39,0.953,,,,,,,,0.0615,,37037000000,2025-10-28,annual,1.74,USD,pre-market,None,16179000000,0.0712,0.336,-0.037,105.31,22517000000,25528000000,2711000000,338000000,95.42,94.73,33.8462,69405000000,24934000000,17569000000,55136000000,44471000000,37567000000,42581000000,14253000000,15.54,-16000000,128.18,80.6
2025-12-28,UPS,6.47,89483002000.0,15.54,None,1.094,18.66,,3100000000,5910000000,5910000000,,,,,,,,,9000000,871000000,None,32265000000,32265000000,6455000000,None,2623000000,10750000000,None,None,1644000000,,6.55,0.0651,,,,-0.141,0.44,6247000000,7891000000,1.3,2020-12-31,13.64,3367000000,19410000000.0,10316000000,6075000000,2205000000,2274000000,2274000000,None,172000000,None,620000000,None,None,22031000000,None,25000000,3870000000,None,None,None,0.102,,4125000000,6191000000,2530000000,7378000000,None,19664000000,None,,,,,1.566,5.39,0.953,,,,,,,,0.0615,,32254000000,2025-10-28,annual,1.74,USD,pre-market,None,6896000000,0.0712,0.336,-0.037,105.31,22517000000,27754000000,3183000000,406000000,95.42,94.73,33.8462,62408000000,20216000000,17016000000,61739000000,42192000000,44723000000,42581000000,657000000,15.54,-20000000,128.18,80.6
2025-12-28,UPS,6.47,89483002000.0,15.54,None,1.094,18.66,,2929000000,5238000000,5238000000,,,,,,,,,9000000,869000000,None,32265000000,32265000000,5555000000,None,3420000000,9934000000,None,None,1644000000,,6.55,0.0651,,,,-0.141,0.44,6247000000,7891000000,1.3,2019-12-31,13.64,3813000000,19410000000.0,10316000000,6075000000,2205000000,2167000000,2167000000,None,172000000,None,511000000,None,None,21818000000,None,55000000,3870000000,None,None,None,0.102,,4125000000,6191000000,11362000000,1641000000,None,13320000000,None,,,,,1.566,5.39,0.953,,,,,,,,0.0615,,30482000000,2025-10-28,annual,1.74,USD,pre-market,None,9105000000,0.0712,0.336,-0.037,105.31,22517000000,25776000000,3958000000,503000000,95.42,94.73,33.8462,57857000000,17103000000,15413000000,54574000000,40754000000,39161000000,42581000000,3283000000,15.54,-26000000,128.18,80.6
2025-12-28,UPS,6.47,89483002000.0,15.54,None,1.094,18.66,,534000000,4225000000,4225000000,,,,,,,,,9000000,870000000,None,32265000000,32265000000,5188000000,None,2665000000,9898000000,None,None,1644000000,,6.55,0.0651,,,,-0.141,0.44,6247000000,7891000000,1.3,2018-12-31,13.64,3811000000,19410000000.0,10316000000,6075000000,2205000000,2076000000,2076000000,None,172000000,None,421000000,None,None,19931000000,None,53000000,3870000000,None,None,None,0.102,,4125000000,6191000000,10696000000,1522000000,None,11342000000,None,,,,,1.566,5.39,0.953,,,,,,,,0.0615,,26576000000,2025-10-28,annual,1.74,USD,pre-market,None,8006000000,0.0712,0.336,-0.037,105.31,22517000000,22736000000,2805000000,810000000,95.42,94.73,33.8462,49589000000,15731000000,14087000000,46552000000,33858000000,32465000000,42581000000,3037000000,15.54,-32000000,128.18,80.6
2025-12-28,UPS,6.47,89483002000.0,15.54,None,1.094,18.66,,500000000,3320000000,3320000000,,,,,,,,,9000000,875000000,None,32265000000,32265000000,3872000000,None,3960000000,10346000000,None,None,1644000000,,6.55,0.0651,,,,-0.141,0.44,6247000000,7891000000,1.3,2017-12-31,13.64,3872000000,19410000000.0,10316000000,6075000000,2205000000,1964000000,1964000000,None,172000000,None,404000000,None,None,20278000000,None,85000000,3870000000,None,None,None,0.102,,4125000000,6191000000,11479000000,922000000,None,10630000000,None,,,,,1.566,5.39,0.953,,,,,,,,0.0615,,22118000000,2025-10-28,annual,1.74,USD,pre-market,None,5858000000,0.0712,0.336,-0.037,105.31,22517000000,24289000000,4011000000,749000000,95.42,94.73,33.8462,45403000000,15548000000,12708000000,44373000000,29855000000,31665000000,42581000000,1030000000,15.54,-37000000,128.18,80.6
2025-12-28,UPS,6.47,89483002000.0,15.54,None,1.094,18.66,,447000000,3476000000,3476000000,,,,,,,,,9000000,887000000,None,32265000000,32265000000,3042000000,None,3635000000,7695000000,None,None,1644000000,,6.55,0.0651,,,,-0.141,0.44,6247000000,7891000000,1.3,2016-12-31,13.64,3757000000,19410000000.0,10316000000,6075000000,2205000000,1758000000,1758000000,None,172000000,None,342000000,None,None,12394000000,None,179000000,3870000000,None,None,None,0.102,,4125000000,6191000000,8821000000,1422000000,None,15712000000,None,,,,,1.566,5.39,0.953,,,,,,,,0.0615,,18800000000,2025-10-28,annual,1.74,USD,pre-market,None,4879000000,0.0712,0.336,-0.037,105.31,22517000000,16075000000,3681000000,1091000000,95.42,94.73,33.8462,40401000000,13388000000,11855000000,39972000000,27013000000,28117000000,42581000000,429000000,15.54,-45000000,128.18,80.6
2025-12-28,UPS,6.47,89483002000.0,15.54,None,1.094,18.66,,None,2730000000,2730000000,,,,,,,,,9000000,906000000,None,32265000000,32265000000,2587000000,None,53000000,7134000000,None,None,1644000000,,6.55,0.0651,,,,-0.141,0.44,6247000000,7891000000,1.3,2015-12-31,13.64,3419000000,19410000000.0,10316000000,6075000000,2205000000,1549000000,1549000000,None,172000000,None,308000000,None,None,11316000000,None,261000000,3870000000,None,None,None,0.102,,4125000000,6191000000,1040000000,5045000000,None,13693000000,None,,,,,1.566,5.39,0.953,,,,,,,,0.0615,,18352000000,2025-10-28,annual,1.74,USD,pre-market,None,6001000000,0.0712,0.336,-0.037,105.31,22517000000,14809000000,3064000000,1996000000,95.42,94.73,33.8462,38311000000,13208000000,10696000000,35820000000,25103000000,25124000000,42581000000,2470000000,15.54,-51000000,128.18,80.6
2025-12-28,UPS,6.47,89483002000.0,15.54,None,1.094,18.66,,None,2291000000,2291000000,,,,,,,,,9000000,924000000,None,32265000000,32265000000,2754000000,None,152000000,6661000000,None,None,1644000000,,6.55,0.0651,,,,-0.141,0.44,6247000000,7891000000,1.3,2014-12-31,13.64,2184000000,19410000000.0,10316000000,6075000000,2205000000,847000000,847000000,None,172000000,None,344000000,None,None,9864000000,None,515000000,3870000000,None,None,None,0.102,,4125000000,6191000000,930000000,4915000000,None,14727000000,None,,,,,1.566,5.39,0.953,,,,,,,,0.0615,,18281000000,2025-10-28,annual,1.74,USD,pre-market,None,5726000000,0.0712,0.336,-0.037,105.31,22517000000,11284000000,970000000,992000000,95.42,94.73,33.8462,35440000000,11218000000,8639000000,33282000000,24222000000,24661000000,42581000000,2141000000,15.54,-59000000,128.18,80.6
2025-12-28,UPS,6.47,89483002000.0,15.54,None,1.094,18.66,,None,4665000000,4665000000,,,,,,,,,9000000,948000000,None,32265000000,32265000000,2478000000,None,None,6502000000,None,None,1644000000,,6.55,0.0651,,,,-0.141,0.44,6247000000,7891000000,1.3,2013-12-31,13.64,2190000000,19410000000.0,10316000000,6075000000,2205000000,775000000,775000000,None,172000000,None,403000000,None,None,10824000000,None,323000000,3870000000,None,None,None,0.102,,4125000000,6191000000,1237000000,4566000000,None,10525000000,None,,,,,1.566,5.39,0.953,,,,,,,,0.0615,,17961000000,2025-10-28,annual,1.74,USD,pre-market,None,6925000000,0.0712,0.336,-0.037,105.31,22517000000,11345000000,87000000,580000000,95.42,94.73,33.8462,36212000000,13387000000,7131000000,29724000000,22825000000,22593000000,42581000000,6474000000,15.54,-69000000,128.18,80.6
2025-12-28,UPS,6.47,89483002000.0,15.54,None,1.094,18.66,,None,7327000000,7327000000,,,,,,,,,10000000,969000000,None,32265000000,32265000000,2278000000,None,None,6111000000,None,None,1644000000,,6.55,0.0651,,,,-0.141,0.44,6247000000,7891000000,1.3,2012-12-31,13.64,2173000000,19410000000.0,10316000000,6075000000,2205000000,603000000,603000000,None,172000000,None,393000000,None,None,11089000000,None,535000000,3870000000,None,None,None,0.102,,4125000000,6191000000,1163000000,4300000000,None,14603000000,None,,,,,1.566,5.39,0.953,,,,,,,,0.0615,,17894000000,2025-10-28,annual,1.74,USD,pre-market,None,7997000000,0.0712,0.336,-0.037,105.31,22517000000,13310000000,1812000000,597000000,95.42,94.73,33.8462,38863000000,15591000000,8390000000,34130000000,23272000000,25740000000,42581000000,4653000000,15.54,-78000000,128.18,80.6
2025-12-28,UPS,6.47,89483002000.0,15.54,None,1.094,18.66,,None,3034000000,3034000000,,,,,,,,,10000000,991000000,None,32265000000,32265000000,2300000000,None,None,6246000000,None,None,1644000000,,6.55,0.0651,,,,-0.141,0.44,6247000000,7891000000,1.3,2011-12-31,13.64,2101000000,19410000000.0,10316000000,6075000000,2205000000,585000000,585000000,None,172000000,None,345000000,None,None,11095000000,None,None,3870000000,None,None,None,0.102,,4125000000,6191000000,1418000000,4212000000,None,6278000000,None,,,,,1.566,5.39,0.953,,,,,,,,0.0615,,17621000000,2025-10-28,annual,1.74,USD,pre-market,None,10128000000,0.0712,0.336,-0.037,105.31,22517000000,11128000000,33000000,1241000000,95.42,94.73,33.8462,34701000000,12284000000,6514000000,27593000000,22417000000,21079000000,42581000000,7035000000,15.54,-88000000,128.18,80.6
2025-12-28,UPS,6.47,89483002000.0,15.54,None,1.094,18.66,,None,3370000000,3370000000,,,,,,,,,10000000,1003000000,None,32265000000,32265000000,1974000000,None,None,5627000000,None,None,1644000000,,6.55,0.0651,,,,-0.141,0.44,6247000000,7891000000,1.3,2010-12-31,13.64,2081000000,19410000000.0,10316000000,6075000000,2205000000,599000000,599000000,None,172000000,None,659000000,None,None,10491000000,None,288000000,3870000000,None,None,None,0.102,,4125000000,6191000000,1861000000,3573000000,None,5478000000,None,,,,,1.566,5.39,0.953,,,,,,,,0.0615,,17387000000,2025-10-28,annual,1.74,USD,pre-market,None,14164000000,0.0712,0.336,-0.037,105.31,22517000000,10846000000,355000000,711000000,95.42,94.73,33.8462,33597000000,11569000000,5902000000,25550000000,22028000000,19648000000,42581000000,7979000000,15.54,-103000000,128.18,80.6
2025-12-28,UPS,6.47,89483002000.0,15.54,None,1.094,18.66,,None,1542000000,1542000000,,,,,,,,,10000000,1004000000,None,32265000000,32265000000,1766000000,None,None,5922000000,None,None,1644000000,,6.55,0.0651,,,,-0.141,0.44,6247000000,7891000000,1.3,2009-12-31,13.64,2089000000,19410000000.0,10316000000,6075000000,2205000000,596000000,596000000,None,172000000,None,585000000,None,None,8668000000,None,337000000,3870000000,None,None,None,0.102,,4125000000,6191000000,1253000000,3362000000,None,6255000000,None,,,,,1.566,5.39,0.953,,,,,,,,0.0615,,17979000000,2025-10-28,annual,1.74,USD,pre-market,None,12745000000,0.0712,0.336,-0.037,105.31,22517000000,9521000000,853000000,558000000,95.42,94.73,33.8462,31883000000,9275000000,6239000000,24187000000,22608000000,17948000000,42581000000,7630000000,15.54,-108000000,128.18,80.6
2025-12-28,UPS,6.47,89483002000.0,15.54,None,1.094,18.66,,None,507000000,507000000,,,,,,,,,10000000,1022000000,None,32265000000,32265000000,1855000000,None,None,6194000000,None,None,1644000000,,6.55,0.0651,,,,-0.141,0.44,6247000000,7891000000,1.3,2008-12-31,13.64,1986000000,19410000000.0,10316000000,6075000000,2205000000,511000000,511000000,None,172000000,None,494000000,None,None,7797000000,None,None,3870000000,None,None,None,0.102,,4125000000,6191000000,1602000000,3888000000,None,None,None,,,,,1.566,5.39,0.953,,,,,,,,0.0615,,18265000000,2025-10-28,annual,1.74,USD,pre-market,None,12412000000,0.0712,0.336,-0.037,105.31,22517000000,9871000000,2074000000,542000000,95.42,94.73,33.8462,31879000000,8845000000,7817000000,25099000000,23034000000,17282000000,42581000000,6780000000,15.54,-121000000,128.18,80.6
2025-12-28,UPS,6.47,89483002000.0,15.54,None,1.094,18.66,,None,2027000000,2027000000,,,,,,,,,10000000,1063000000,None,32265000000,32265000000,1819000000,None,None,7808000000,None,None,1644000000,,6.55,0.0651,,,,-0.141,0.44,6247000000,7891000000,1.3,2007-12-31,13.64,2577000000,19410000000.0,10316000000,6075000000,2205000000,628000000,628000000,None,172000000,None,606000000,None,None,7506000000,None,None,3870000000,None,None,None,0.102,,4125000000,6191000000,1348000000,4509000000,None,None,None,,,,,1.566,5.39,0.953,,,,,,,,0.0615,,17663000000,2025-10-28,annual,1.74,USD,pre-market,None,14186000000,0.0712,0.336,-0.037,105.31,22517000000,11018000000,3512000000,577000000,95.42,94.73,33.8462,39042000000,11760000000,9840000000,26859000000,27282000000,17019000000,42581000000,12183000000,15.54,-137000000,128.18,80.6
2025-12-28,UPS,6.47,89483002000.0,15.54,None,1.094,18.66,,None,794000000,794000000,,,,,,,,,11000000,1089000000,None,32265000000,32265000000,1841000000,None,None,6285000000,None,None,1644000000,,6.55,0.0651,,,,-0.141,0.44,6247000000,7891000000,1.3,2006-12-31,13.64,2533000000,19410000000.0,10316000000,6075000000,2205000000,688000000,688000000,None,172000000,None,414000000,None,None,3133000000,None,None,3870000000,None,None,None,0.102,,4125000000,6191000000,1109000000,3794000000,None,None,None,,,,,1.566,5.39,0.953,,,,,,,,0.0615,,16779000000,2025-10-28,annual,1.74,USD,pre-market,None,17676000000,0.0712,0.336,-0.037,105.31,22517000000,4116000000,983000000,1189000000,95.42,94.73,33.8462,33210000000,9377000000,6719000000,17728000000,23833000000,11009000000,42581000000,15482000000,15.54,-147000000,128.18,80.6
2025-12-28,UPS,6.47,89483002000.0,15.54,None,1.094,18.66,,None,1369000000,1369000000,,,,,,,,,11000000,1115273775,None,32265000000,32265000000,2352000000,None,None,6154000000,None,None,1644000000,,6.55,0.0651,,,,-0.141,0.44,6247000000,7891000000,1.3,2005-12-31,13.64,2549000000,19410000000.0,10316000000,6075000000,2205000000,684000000,684000000,None,172000000,None,4407000000,None,None,3159000000,None,None,3870000000,None,None,None,0.102,,4125000000,6191000000,1533000000,3347000000,None,None,None,,,,,1.566,5.39,0.953,,,,,,,,0.0615,,15289000000,2025-10-28,annual,1.74,USD,pre-market,None,17037000000,0.0712,0.336,-0.037,105.31,22517000000,3980000000,821000000,1672000000,95.42,94.73,33.8462,34947000000,10728000000,6793000000,18063000000,24219000000,11545000000,42581000000,16884000000,15.54,-161000000,128.18,80.6
2025-12-28,UPS,6.47,89483002000.0,15.54,None,1.094,18.66,970000000,None,1369000000,1369000000,-1428000000,-456000000,None,None,None,None,None,None,11000000,1115273775,None,32265000000,32265000000,2352000000,None,None,6154000000,None,None,1644000000,926000000,6.55,0.0651,1348000000,1348000000,None,-0.141,0.44,6247000000,7891000000,1.3,2025-09-30,13.64,2549000000,19410000000.0,10316000000,6075000000,2205000000,684000000,684000000,None,172000000,None,4407000000,None,None,3159000000,None,None,1311000000,None,None,None,0.102,2482000000,4125000000,6191000000,1533000000,3347000000,None,None,None,None,None,None,None,1.566,5.39,0.953,None,None,None,None,None,-867000000,None,0.0615,None,15289000000,2025-10-28,quarterly,1.74,USD,pre-market,None,17037000000,0.0712,0.336,-0.037,105.31,22517000000,3980000000,821000000,1672000000,95.42,94.73,33.8462,34947000000,10728000000,6793000000,18063000000,24219000000,11545000000,42581000000,16884000000,15.54,-161000000,128.18,80.6
2025-12-28,UPS,6.47,89483002000.0,15.54,None,1.094,18.66,1123000000,None,1369000000,1369000000,1794000000,-923000000,None,None,None,None,None,None,11000000,1115273775,None,32265000000,32265000000,2352000000,None,None,6154000000,None,None,1644000000,936000000,6.55,0.0651,1349000000,1349000000,None,-0.141,0.44,6247000000,7891000000,1.3,2025-06-30,13.64,2549000000,19410000000.0,10316000000,6075000000,2205000000,684000000,684000000,None,172000000,None,4407000000,None,None,3159000000,None,None,1283000000,None,None,None,0.102,348000000,4125000000,6191000000,1533000000,3347000000,None,None,None,None,None,None,None,1.566,5.39,0.953,None,None,None,None,None,-898000000,None,0.0615,None,15289000000,2025-10-28,quarterly,1.74,USD,pre-market,None,17037000000,0.0712,0.336,-0.037,105.31,22517000000,3980000000,821000000,1672000000,95.42,94.73,33.8462,34947000000,10728000000,6793000000,18063000000,24219000000,11545000000,42581000000,16884000000,15.54,-161000000,128.18,80.6
2025-12-28,UPS,6.47,89483002000.0,15.54,None,1.094,18.66,876000000,None,1369000000,1369000000,-2313000000,-1355000000,None,None,None,None,None,None,11000000,1115273775,None,32265000000,32265000000,2352000000,None,None,6154000000,None,None,1644000000,912000000,6.55,0.0651,1348000000,1348000000,None,-0.141,0.44,6247000000,7891000000,1.3,2025-03-31,13.64,2549000000,19410000000.0,10316000000,6075000000,2205000000,684000000,684000000,None,172000000,None,4407000000,None,None,3159000000,None,None,1187000000,None,None,None,0.102,2318000000,4125000000,6191000000,1533000000,3347000000,None,None,None,None,None,None,None,1.566,5.39,0.953,None,None,None,None,None,-1000000000,None,0.0615,None,15289000000,2025-10-28,quarterly,1.74,USD,pre-market,None,17037000000,0.0712,0.336,-0.037,105.31,22517000000,3980000000,821000000,1672000000,95.42,94.73,33.8462,34947000000,10728000000,6793000000,18063000000,24219000000,11545000000,42581000000,16884000000,15.54,-161000000,128.18,80.6
2025-12-28,UPS,6.47,89483002000.0,15.54,None,1.094,18.66,1098000000,None,1369000000,1369000000,-1847000000,-1057000000,None,None,None,None,None,None,11000000,1115273775,None,32265000000,32265000000,2352000000,None,None,6154000000,None,None,1644000000,919000000,6.55,0.0651,1350000000,1350000000,None,-0.141,0.44,6247000000,7891000000,1.3,2024-12-31,13.64,2549000000,19410000000.0,10316000000,6075000000,2205000000,684000000,684000000,None,172000000,None,4407000000,None,None,3159000000,None,None,1721000000,None,None,None,0.102,3315000000,4125000000,6191000000,1533000000,3347000000,None,None,None,None,None,None,None,1.566,5.39,0.953,None,None,None,None,None,-1000000000,None,0.0615,None,15289000000,2025-10-28,quarterly,1.74,USD,pre-market,None,17037000000,0.0712,0.336,-0.037,105.31,22517000000,3980000000,821000000,1672000000,95.42,94.73,33.8462,34947000000,10728000000,6793000000,18063000000,24219000000,11545000000,42581000000,16884000000,15.54,-161000000,128.18,80.6
2025-12-28,UPS,6.47,89483002000.0,15.54,None,1.094,18.66,843000000,None,1369000000,1369000000,-2236000000,187000000,None,None,None,None,None,None,11000000,1115273775,None,32265000000,32265000000,2352000000,None,None,6154000000,None,None,1644000000,905000000,6.55,0.0651,1348000000,1348000000,None,-0.141,0.44,6247000000,7891000000,1.3,2024-09-30,13.64,2549000000,19410000000.0,10316000000,6075000000,2205000000,684000000,684000000,None,172000000,None,4407000000,None,None,3159000000,None,None,1539000000,None,None,None,0.102,1498000000,4125000000,6191000000,1533000000,3347000000,None,None,None,None,None,None,None,1.566,5.39,0.953,None,None,None,None,None,-500000000,None,0.0615,None,15289000000,2025-10-28,quarterly,1.74,USD,pre-market,None,17037000000,0.0712,0.336,-0.037,105.31,22517000000,3980000000,821000000,1672000000,95.42,94.73,33.8462,34947000000,10728000000,6793000000,18063000000,24219000000,11545000000,42581000000,16884000000,15.54,-161000000,128.18,80.6
2025-12-28,UPS,6.47,89483002000.0,15.54,None,1.094,18.66,933000000,None,1369000000,1369000000,899000000,-913000000,None,None,None,None,None,None,11000000,1115273775,None,32265000000,32265000000,2352000000,None,None,6154000000,None,None,1644000000,887000000,6.55,0.0651,1353000000,1353000000,None,-0.141,0.44,6247000000,7891000000,1.3,2024-06-30,13.64,2549000000,19410000000.0,10316000000,6075000000,2205000000,684000000,684000000,None,172000000,None,4407000000,None,None,3159000000,None,None,1409000000,None,None,None,0.102,1993000000,4125000000,6191000000,1533000000,3347000000,None,None,None,None,None,None,None,1.566,5.39,0.953,None,None,None,None,None,0,None,0.0615,None,15289000000,2025-10-28,quarterly,1.74,USD,pre-market,None,17037000000,0.0712,0.336,-0.037,105.31,22517000000,3980000000,821000000,1672000000,95.42,94.73,33.8462,34947000000,10728000000,6793000000,18063000000,24219000000,11545000000,42581000000,16884000000,15.54,-161000000,128.18,80.6
2025-12-28,UPS,6.47,89483002000.0,15.54,None,1.094,18.66,1035000000,None,1369000000,1369000000,-3666000000,1566000000,None,None,None,None,None,None,11000000,1115273775,None,32265000000,32265000000,2352000000,None,None,6154000000,None,None,1644000000,898000000,6.55,0.0651,1348000000,1348000000,None,-0.141,0.44,6247000000,7891000000,1.3,2024-03-31,13.64,2549000000,19410000000.0,10316000000,6075000000,2205000000,684000000,684000000,None,172000000,None,4407000000,None,None,3159000000,None,None,1113000000,None,None,None,0.102,3316000000,4125000000,6191000000,1533000000,3347000000,None,None,None,None,None,None,None,1.566,5.39,0.953,None,None,None,None,None,0,None,0.0615,None,15289000000,2025-10-28,quarterly,1.74,USD,pre-market,None,17037000000,0.0712,0.336,-0.037,105.31,22517000000,3980000000,821000000,1672000000,95.42,94.73,33.8462,34947000000,10728000000,6793000000,18063000000,24219000000,11545000000,42581000000,16884000000,15.54,-161000000,128.18,80.6
2025-12-28,UPS,6.47,89483002000.0,15.54,None,1.094,18.66,2049000000,None,1369000000,1369000000,-349000000,-3204000000,None,None,None,None,None,None,11000000,1115273775,None,32265000000,32265000000,2352000000,None,None,6154000000,None,None,1644000000,867000000,6.55,0.0651,1338000000,1338000000,None,-0.141,0.44,6247000000,7891000000,1.3,2023-12-31,13.64,2549000000,19410000000.0,10316000000,6075000000,2205000000,684000000,684000000,None,172000000,None,4407000000,None,None,3159000000,None,None,1605000000,None,None,None,0.102,2411000000,4125000000,6191000000,1533000000,3347000000,None,None,None,None,None,None,None,1.566,5.39,0.953,None,None,None,None,None,1872000000,None,0.0615,None,15289000000,2025-10-28,quarterly,1.74,USD,pre-market,None,17037000000,0.0712,0.336,-0.037,105.31,22517000000,3980000000,821000000,1672000000,95.42,94.73,33.8462,34947000000,10728000000,6793000000,18063000000,24219000000,11545000000,42581000000,16884000000,15.54,-161000000,128.18,80.6
2025-12-28,UPS,6.47,89483002000.0,15.54,None,1.094,18.66,1289000000,None,1369000000,1369000000,-1603000000,-3929000000,None,None,None,None,None,None,11000000,1115273775,None,32265000000,32265000000,2352000000,None,None,6154000000,None,None,1644000000,837000000,6.55,0.0651,1341000000,1341000000,None,-0.141,0.44,6247000000,7891000000,1.3,2023-09-30,13.64,2549000000,19410000000.0,10316000000,6075000000,2205000000,684000000,684000000,None,172000000,None,4407000000,None,None,3159000000,None,None,1127000000,None,None,None,0.102,2233000000,4125000000,6191000000,1533000000,3347000000,None,None,None,None,None,None,None,1.566,5.39,0.953,None,None,None,None,None,-752000000,None,0.0615,None,15289000000,2025-10-28,quarterly,1.74,USD,pre-market,None,17037000000,0.0712,0.336,-0.037,105.31,22517000000,3980000000,821000000,1672000000,95.42,94.73,33.8462,34947000000,10728000000,6793000000,18063000000,24219000000,11545000000,42581000000,16884000000,15.54,-161000000,128.18,80.6
2025-12-28,UPS,6.47,89483002000.0,15.54,None,1.094,18.66,1211000000,None,1369000000,1369000000,-3586000000,-1046000000,-1395000000,None,None,None,None,644000000,11000000,1115273775,None,32265000000,32265000000,2352000000,None,None,6154000000,None,None,1644000000,828000000,6.55,0.0651,1345000000,1345000000,None,-0.141,0.44,6247000000,7891000000,1.3,2023-06-30,13.64,2549000000,19410000000.0,10316000000,6075000000,2205000000,684000000,684000000,None,172000000,None,4407000000,None,None,3159000000,None,None,2081000000,None,None,None,0.102,3237000000,4125000000,6191000000,1533000000,3347000000,None,None,None,None,None,None,None,1.566,5.39,0.953,None,None,None,None,None,-747000000,None,0.0615,None,15289000000,2025-10-28,quarterly,1.74,USD,pre-market,None,17037000000,0.0712,0.336,-0.037,105.31,22517000000,3980000000,821000000,1672000000,95.42,94.73,33.8462,34947000000,10728000000,6793000000,18063000000,24219000000,11545000000,42581000000,16884000000,15.54,-161000000,128.18,80.6
2025-12-28,UPS,6.47,89483002000.0,15.54,None,1.094,18.66,609000000,None,1369000000,1369000000,4000000,-1813000000,548000000,None,None,None,None,2254000000,11000000,1115273775,None,32265000000,32265000000,2352000000,None,None,6154000000,None,None,1644000000,834000000,6.55,0.0651,1348000000,1348000000,None,-0.141,0.44,6247000000,7891000000,1.3,2023-03-31,13.64,2549000000,19410000000.0,10316000000,6075000000,2205000000,684000000,684000000,None,172000000,None,4407000000,None,None,3159000000,None,None,1895000000,None,None,None,0.102,2357000000,4125000000,6191000000,1533000000,3347000000,None,None,None,None,None,None,None,1.566,5.39,0.953,None,None,None,None,None,-751000000,None,0.0615,None,15289000000,2025-10-28,quarterly,1.74,USD,pre-market,None,17037000000,0.0712,0.336,-0.037,105.31,22517000000,3980000000,821000000,1672000000,95.42,94.73,33.8462,34947000000,10728000000,6793000000,18063000000,24219000000,11545000000,42581000000,16884000000,15.54,-161000000,128.18,80.6
2025-12-28,UPS,6.47,89483002000.0,15.54,None,1.094,18.66,2491000000,None,1369000000,1369000000,-3710000000,-5064000000,-5442000000,None,None,None,None,-1344000000,11000000,1115273775,None,32265000000,32265000000,2352000000,None,None,6154000000,None,None,1644000000,888000000,6.55,0.0651,1272000000,1272000000,None,-0.141,0.44,6247000000,7891000000,1.3,2022-12-31,13.64,2549000000,19410000000.0,10316000000,6075000000,2205000000,684000000,684000000,None,172000000,None,4407000000,None,None,3159000000,None,None,3453000000,None,None,None,0.102,3332000000,4125000000,6191000000,1533000000,3347000000,None,None,None,None,None,None,None,1.566,5.39,0.953,None,None,None,None,None,-1306000000,None,0.0615,None,15289000000,2025-10-28,quarterly,1.74,USD,pre-market,None,17037000000,0.0712,0.336,-0.037,105.31,22517000000,3980000000,821000000,1672000000,95.42,94.73,33.8462,34947000000,10728000000,6793000000,18063000000,24219000000,11545000000,42581000000,16884000000,15.54,-161000000,128.18,80.6
2025-12-28,UPS,6.47,89483002000.0,15.54,None,1.094,18.66,890000000,None,1369000000,1369000000,-2189000000,-909000000,-619000000,None,None,None,None,202000000,11000000,1115273775,None,32265000000,32265000000,2352000000,None,None,6154000000,None,None,1644000000,774000000,6.55,0.0651,1275000000,1275000000,None,-0.141,0.44,6247000000,7891000000,1.3,2022-09-30,13.64,2549000000,19410000000.0,10316000000,6075000000,2205000000,684000000,684000000,None,172000000,None,4407000000,None,None,3159000000,None,None,2584000000,None,None,None,0.102,2479000000,4125000000,6191000000,1533000000,3347000000,None,None,None,None,None,None,None,1.566,5.39,0.953,None,None,None,None,None,-952000000,None,0.0615,None,15289000000,2025-10-28,quarterly,1.74,USD,pre-market,None,17037000000,0.0712,0.336,-0.037,105.31,22517000000,3980000000,821000000,1672000000,95.42,94.73,33.8462,34947000000,10728000000,6793000000,18063000000,24219000000,11545000000,42581000000,16884000000,15.54,-161000000,128.18,80.6
2025-12-28,UPS,6.47,89483002000.0,15.54,None,1.094,18.66,840000000,None,1369000000,1369000000,-3316000000,-927000000,-430000000,None,None,None,None,-407000000,11000000,1115273775,None,32265000000,32265000000,2352000000,None,None,6154000000,None,None,1644000000,762000000,6.55,0.0651,1283000000,1283000000,None,-0.141,0.44,6247000000,7891000000,1.3,2022-06-30,13.64,2549000000,19410000000.0,10316000000,6075000000,2205000000,684000000,684000000,None,172000000,None,4407000000,None,None,3159000000,None,None,2849000000,None,None,None,0.102,3813000000,4125000000,6191000000,1533000000,3347000000,None,None,None,None,None,None,None,1.566,5.39,0.953,None,None,None,None,None,-988000000,None,0.0615,None,15289000000,2025-10-28,quarterly,1.74,USD,pre-market,None,17037000000,0.0712,0.336,-0.037,105.31,22517000000,3980000000,821000000,1672000000,95.42,94.73,33.8462,34947000000,10728000000,6793000000,18063000000,24219000000,11545000000,42581000000,16884000000,15.54,-161000000,128.18,80.6
2025-12-28,UPS,6.47,89483002000.0,15.54,None,1.094,18.66,548000000,None,1369000000,1369000000,-1970000000,-572000000,1938000000,None,None,None,None,1227000000,11000000,1115273775,None,32265000000,32265000000,2352000000,None,None,6154000000,None,None,1644000000,764000000,6.55,0.0651,1284000000,1284000000,None,-0.141,0.44,6247000000,7891000000,1.3,2022-03-31,13.64,2549000000,19410000000.0,10316000000,6075000000,2205000000,684000000,684000000,None,172000000,None,4407000000,None,None,3159000000,None,None,2662000000,None,None,None,0.102,4480000000,4125000000,6191000000,1533000000,3347000000,None,None,None,None,None,None,None,1.566,5.39,0.953,None,None,None,None,None,-254000000,None,0.0615,None,15289000000,2025-10-28,quarterly,1.74,USD,pre-market,None,17037000000,0.0712,0.336,-0.037,105.31,22517000000,3980000000,821000000,1672000000,95.42,94.73,33.8462,34947000000,10728000000,6793000000,18063000000,24219000000,11545000000,42581000000,16884000000,15.54,-161000000,128.18,80.6
2025-12-28,UPS,6.47,89483002000.0,15.54,None,1.094,18.66,1624000000,None,1369000000,1369000000,-967000000,-2218000000,61000000,None,None,None,None,-2126000000,11000000,1115273775,None,32265000000,32265000000,2352000000,None,None,6154000000,None,None,1644000000,754000000,6.55,0.0651,859000000,859000000,None,-0.141,0.44,6247000000,7891000000,1.3,2021-12-31,13.64,2549000000,19410000000.0,10316000000,6075000000,2205000000,684000000,684000000,None,172000000,None,4407000000,None,None,3159000000,None,None,3093000000,None,None,None,0.102,3246000000,4125000000,6191000000,1533000000,3347000000,None,None,None,None,None,None,None,1.566,5.39,0.953,None,None,None,None,None,-249000000,None,0.0615,None,15289000000,2025-10-28,quarterly,1.74,USD,pre-market,None,17037000000,0.0712,0.336,-0.037,105.31,22517000000,3980000000,821000000,1672000000,95.42,94.73,33.8462,34947000000,10728000000,6793000000,18063000000,24219000000,11545000000,42581000000,16884000000,15.54,-161000000,128.18,80.6
2025-12-28,UPS,6.47,89483002000.0,15.54,None,1.094,18.66,900000000,None,1369000000,1369000000,-1818000000,-866000000,623000000,None,None,None,None,-460000000,11000000,1115273775,None,32265000000,32265000000,2352000000,None,None,6154000000,None,None,1644000000,738000000,6.55,0.0651,860000000,860000000,None,-0.141,0.44,6247000000,7891000000,1.3,2021-09-30,13.64,2549000000,19410000000.0,10316000000,6075000000,2205000000,684000000,684000000,None,172000000,None,4407000000,None,None,3159000000,None,None,2329000000,None,None,None,0.102,3307000000,4125000000,6191000000,1533000000,3347000000,None,None,None,None,None,None,None,1.566,5.39,0.953,None,None,None,None,None,-500000000,None,0.0615,None,15289000000,2025-10-28,quarterly,1.74,USD,pre-market,None,17037000000,0.0712,0.336,-0.037,105.31,22517000000,3980000000,821000000,1672000000,95.42,94.73,33.8462,34947000000,10728000000,6793000000,18063000000,24219000000,11545000000,42581000000,16884000000,15.54,-161000000,128.18,80.6
2025-12-28,UPS,6.47,89483002000.0,15.54,None,1.094,18.66,836000000,None,1369000000,1369000000,-2093000000,32000000,1862000000,None,None,None,None,4000000,11000000,1115273775,None,32265000000,32265000000,2352000000,None,None,6154000000,None,None,1644000000,739000000,6.55,0.0651,860000000,860000000,None,-0.141,0.44,6247000000,7891000000,1.3,2021-06-30,13.64,2549000000,19410000000.0,10316000000,6075000000,2205000000,684000000,684000000,None,172000000,None,4407000000,None,None,3159000000,None,None,2676000000,None,None,None,0.102,3923000000,4125000000,6191000000,1533000000,3347000000,None,None,None,None,None,None,None,1.566,5.39,0.953,None,None,None,None,None,-199000000,None,0.0615,None,15289000000,2025-10-28,quarterly,1.74,USD,pre-market,None,17037000000,0.0712,0.336,-0.037,105.31,22517000000,3980000000,821000000,1672000000,95.42,94.73,33.8462,34947000000,10728000000,6793000000,18063000000,24219000000,11545000000,42581000000,16884000000,15.54,-161000000,128.18,80.6
2025-12-28,UPS,6.47,89483002000.0,15.54,None,1.094,18.66,834000000,None,1369000000,1369000000,-1945000000,-766000000,1820000000,None,-3937000000,None,None,435000000,11000000,1115273775,None,32265000000,32265000000,2352000000,None,None,6154000000,None,None,1644000000,722000000,6.55,0.0651,858000000,858000000,None,-0.141,0.44,6247000000,7891000000,1.3,2021-03-31,13.64,2549000000,19410000000.0,10316000000,6075000000,2205000000,684000000,684000000,None,172000000,None,4407000000,None,None,3159000000,None,None,4792000000,None,None,None,0.102,4531000000,4125000000,6191000000,1533000000,3347000000,None,None,None,None,None,None,None,1.566,5.39,0.953,None,None,None,None,None,697000000,None,0.0615,None,15289000000,2025-10-28,quarterly,1.74,USD,pre-market,None,17037000000,0.0712,0.336,-0.037,105.31,22517000000,3980000000,821000000,1672000000,95.42,94.73,33.8462,34947000000,10728000000,6793000000,18063000000,24219000000,11545000000,42581000000,16884000000,15.54,-161000000,128.18,80.6
2025-12-28,UPS,6.47,89483002000.0,15.54,None,1.094,18.66,2193000000,None,1369000000,1369000000,-1961000000,-2177000000,-2962000000,None,-3302000000,None,None,-1914000000,11000000,1115273775,None,32265000000,32265000000,2352000000,None,None,6154000000,None,None,1644000000,712000000,6.55,0.0651,846000000,846000000,None,-0.141,0.44,6247000000,7891000000,1.3,2020-12-31,13.64,2549000000,19410000000.0,10316000000,6075000000,2205000000,684000000,684000000,None,172000000,None,4407000000,None,None,3159000000,None,None,-3263000000,None,None,None,0.102,1176000000,4125000000,6191000000,1533000000,3347000000,None,None,None,None,None,None,None,1.566,5.39,0.953,None,None,None,None,None,-538000000,None,0.0615,None,15289000000,2025-10-28,quarterly,1.74,USD,pre-market,None,17037000000,0.0712,0.336,-0.037,105.31,22517000000,3980000000,821000000,1672000000,95.42,94.73,33.8462,34947000000,10728000000,6793000000,18063000000,24219000000,11545000000,42581000000,16884000000,15.54,-161000000,128.18,80.6
2025-12-28,UPS,6.47,89483002000.0,15.54,None,1.094,18.66,1154000000,None,1369000000,1369000000,-2157000000,-1163000000,16000000,None,-3944000000,None,None,247000000,11000000,1115273775,None,32265000000,32265000000,2352000000,None,None,6154000000,None,None,1644000000,677000000,6.55,0.0651,845000000,845000000,None,-0.141,0.44,6247000000,7891000000,1.3,2020-09-30,13.64,2549000000,19410000000.0,10316000000,6075000000,2205000000,684000000,684000000,None,172000000,None,4407000000,None,None,3159000000,None,None,1957000000,None,None,None,0.102,3336000000,4125000000,6191000000,1533000000,3347000000,None,None,None,None,None,None,None,1.566,5.39,0.953,None,None,None,None,None,7000000,None,0.0615,None,15289000000,2025-10-28,quarterly,1.74,USD,pre-market,None,17037000000,0.0712,0.336,-0.037,105.31,22517000000,3980000000,821000000,1672000000,95.42,94.73,33.8462,34947000000,10728000000,6793000000,18063000000,24219000000,11545000000,42581000000,16884000000,15.54,-161000000,128.18,80.6
2025-12-28,UPS,6.47,89483002000.0,15.54,None,1.094,18.66,1132000000,None,1369000000,1369000000,-2566000000,-1009000000,-178000000,None,-3038000000,None,None,-1118000000,11000000,1115273775,None,32265000000,32265000000,2352000000,None,None,6154000000,None,None,1644000000,661000000,6.55,0.0651,843000000,843000000,None,-0.141,0.44,6247000000,7891000000,1.3,2020-06-30,13.64,2549000000,19410000000.0,10316000000,6075000000,2205000000,684000000,684000000,None,172000000,None,4407000000,None,None,3159000000,None,None,1768000000,None,None,None,0.102,3397000000,4125000000,6191000000,1533000000,3347000000,None,None,None,None,None,None,None,1.566,5.39,0.953,None,None,None,None,None,-11000000,None,0.0615,None,15289000000,2025-10-28,quarterly,1.74,USD,pre-market,None,17037000000,0.0712,0.336,-0.037,105.31,22517000000,3980000000,821000000,1672000000,95.42,94.73,33.8462,34947000000,10728000000,6793000000,18063000000,24219000000,11545000000,42581000000,16884000000,15.54,-161000000,128.18,80.6
2025-12-28,UPS,6.47,89483002000.0,15.54,None,1.094,18.66,933000000,None,1369000000,1369000000,2167000000,-934000000,3783000000,None,-3149000000,None,None,1223000000,11000000,1115273775,None,32265000000,32265000000,2352000000,None,None,6154000000,None,None,1644000000,648000000,6.55,0.0651,840000000,840000000,None,-0.141,0.44,6247000000,7891000000,1.3,2020-03-31,13.64,2549000000,19410000000.0,10316000000,6075000000,2205000000,684000000,684000000,None,172000000,None,4407000000,None,None,3159000000,None,None,965000000,None,None,None,0.102,2550000000,4125000000,6191000000,1533000000,3347000000,None,None,None,None,None,None,None,1.566,5.39,0.953,None,None,None,None,None,-220000000,None,0.0615,None,15289000000,2025-10-28,quarterly,1.74,USD,pre-market,None,17037000000,0.0712,0.336,-0.037,105.31,22517000000,3980000000,821000000,1672000000,95.42,94.73,33.8462,34947000000,10728000000,6793000000,18063000000,24219000000,11545000000,42581000000,16884000000,15.54,-161000000,128.18,80.6
2025-12-28,UPS,6.47,89483002000.0,15.54,None,1.094,18.66,2044000000,None,1369000000,1369000000,127000000,-2034000000,1039000000,None,-1921000000,None,None,-1560000000,11000000,1115273775,None,32265000000,32265000000,2352000000,None,None,6154000000,None,None,1644000000,630000000,6.55,0.0651,797000000,797000000,None,-0.141,0.44,6247000000,7891000000,1.3,2019-12-31,13.64,2549000000,19410000000.0,10316000000,6075000000,2205000000,684000000,684000000,None,172000000,None,4407000000,None,None,3159000000,None,None,-106000000,None,None,None,0.102,2946000000,4125000000,6191000000,1533000000,3347000000,None,None,None,None,None,None,None,1.566,5.39,0.953,None,None,None,None,None,-253000000,None,0.0615,None,15289000000,2025-10-28,quarterly,1.74,USD,pre-market,None,17037000000,0.0712,0.336,-0.037,105.31,22517000000,3980000000,821000000,1672000000,95.42,94.73,33.8462,34947000000,10728000000,6793000000,18063000000,24219000000,11545000000,42581000000,16884000000,15.54,-161000000,128.18,80.6
2025-12-28,UPS,6.47,89483002000.0,15.54,None,1.094,18.66,1475000000,None,1369000000,1369000000,-320000000,-1180000000,-14000000,None,-883000000,None,None,26000000,11000000,1115273775,None,32265000000,32265000000,2352000000,None,None,6154000000,None,None,1644000000,587000000,6.55,0.0651,798000000,798000000,None,-0.141,0.44,6247000000,7891000000,1.3,2019-09-30,13.64,2549000000,19410000000.0,10316000000,6075000000,2205000000,684000000,684000000,None,172000000,None,4407000000,None,None,3159000000,None,None,1750000000,None,None,None,0.102,1486000000,4125000000,6191000000,1533000000,3347000000,None,None,None,None,None,None,None,1.566,5.39,0.953,None,None,None,None,None,-248000000,None,0.0615,None,15289000000,2025-10-28,quarterly,1.74,USD,pre-market,None,17037000000,0.0712,0.336,-0.037,105.31,22517000000,3980000000,821000000,1672000000,95.42,94.73,33.8462,34947000000,10728000000,6793000000,18063000000,24219000000,11545000000,42581000000,16884000000,15.54,-161000000,128.18,80.6
2025-12-28,UPS,6.47,89483002000.0,15.54,None,1.094,18.66,1347000000,None,1369000000,1369000000,-839000000,-1431000000,-340000000,None,-1132000000,None,None,-484000000,11000000,1115273775,None,32265000000,32265000000,2352000000,None,None,6154000000,None,None,1644000000,575000000,6.55,0.0651,800000000,800000000,None,-0.141,0.44,6247000000,7891000000,1.3,2019-06-30,13.64,2549000000,19410000000.0,10316000000,6075000000,2205000000,684000000,684000000,None,172000000,None,4407000000,None,None,3159000000,None,None,1685000000,None,None,None,0.102,1930000000,4125000000,6191000000,1533000000,3347000000,None,None,None,None,None,None,None,1.566,5.39,0.953,None,None,None,None,None,-257000000,None,0.0615,None,15289000000,2025-10-28,quarterly,1.74,USD,pre-market,None,17037000000,0.0712,0.336,-0.037,105.31,22517000000,3980000000,821000000,1672000000,95.42,94.73,33.8462,34947000000,10728000000,6793000000,18063000000,24219000000,11545000000,42581000000,16884000000,15.54,-161000000,128.18,80.6
2025-12-28,UPS,6.47,89483002000.0,15.54,None,1.094,18.66,1514000000,None,1369000000,1369000000,-695000000,-1416000000,166000000,None,-1574000000,None,None,1301000000,11000000,1115273775,None,32265000000,32265000000,2352000000,None,None,6154000000,None,None,1644000000,568000000,6.55,0.0651,799000000,799000000,None,-0.141,0.44,6247000000,7891000000,1.3,2019-03-31,13.64,2549000000,19410000000.0,10316000000,6075000000,2205000000,684000000,684000000,None,172000000,None,4407000000,None,None,3159000000,None,None,1111000000,None,None,None,0.102,2277000000,4125000000,6191000000,1533000000,3347000000,None,None,None,None,None,None,None,1.566,5.39,0.953,None,None,None,None,None,-246000000,None,0.0615,None,15289000000,2025-10-28,quarterly,1.74,USD,pre-market,None,17037000000,0.0712,0.336,-0.037,105.31,22517000000,3980000000,821000000,1672000000,95.42,94.73,33.8462,34947000000,10728000000,6793000000,18063000000,24219000000,11545000000,42581000000,16884000000,15.54,-161000000,128.18,80.6
2025-12-28,UPS,6.47,89483002000.0,15.54,None,1.094,18.66,1793000000,None,1369000000,1369000000,-1432000000,-1831000000,26000000,None,-2228000000,None,None,-1517000000,11000000,1115273775,None,32265000000,32265000000,2352000000,None,None,6154000000,None,None,1644000000,545000000,6.55,0.0651,751000000,751000000,None,-0.141,0.44,6247000000,7891000000,1.3,2018-12-31,13.64,2549000000,19410000000.0,10316000000,6075000000,2205000000,684000000,684000000,None,172000000,None,4407000000,None,None,3159000000,None,None,453000000,None,None,None,0.102,3289000000,4125000000,6191000000,1533000000,3347000000,None,None,None,None,None,None,None,1.566,5.39,0.953,None,None,None,None,None,-241000000,None,0.0615,None,15289000000,2025-10-28,quarterly,1.74,USD,pre-market,None,17037000000,0.0712,0.336,-0.037,105.31,22517000000,3980000000,821000000,1672000000,95.42,94.73,33.8462,34947000000,10728000000,6793000000,18063000000,24219000000,11545000000,42581000000,16884000000,15.54,-161000000,128.18,80.6
2025-12-28,UPS,6.47,89483002000.0,15.54,None,1.094,18.66,1641000000,None,1369000000,1369000000,-653000000,-1679000000,-110000000,None,-1593000000,None,None,-174000000,11000000,1115273775,None,32265000000,32265000000,2352000000,None,None,6154000000,None,None,1644000000,524000000,6.55,0.0651,753000000,753000000,None,-0.141,0.44,6247000000,7891000000,1.3,2018-09-30,13.64,2549000000,19410000000.0,10316000000,6075000000,2205000000,684000000,684000000,None,172000000,None,4407000000,None,None,3159000000,None,None,1508000000,None,None,None,0.102,2222000000,4125000000,6191000000,1533000000,3347000000,None,None,None,None,None,None,None,1.566,5.39,0.953,None,None,None,None,None,-249000000,None,0.0615,None,15289000000,2025-10-28,quarterly,1.74,USD,pre-market,None,17037000000,0.0712,0.336,-0.037,105.31,22517000000,3980000000,821000000,1672000000,95.42,94.73,33.8462,34947000000,10728000000,6793000000,18063000000,24219000000,11545000000,42581000000,16884000000,15.54,-161000000,128.18,80.6
2025-12-28,UPS,6.47,89483002000.0,15.54,None,1.094,18.66,1312000000,None,1369000000,1369000000,-1057000000,-1374000000,702000000,None,-2037000000,None,None,69000000,11000000,1115273775,None,32265000000,32265000000,2352000000,None,None,6154000000,None,None,1644000000,542000000,6.55,0.0651,753000000,753000000,None,-0.141,0.44,6247000000,7891000000,1.3,2018-06-30,13.64,2549000000,19410000000.0,10316000000,6075000000,2205000000,684000000,684000000,None,172000000,None,4407000000,None,None,3159000000,None,None,1485000000,None,None,None,0.102,3133000000,4125000000,6191000000,1533000000,3347000000,None,None,None,None,None,None,None,1.566,5.39,0.953,None,None,None,None,None,-260000000,None,0.0615,None,15289000000,2025-10-28,quarterly,1.74,USD,pre-market,None,17037000000,0.0712,0.336,-0.037,105.31,22517000000,3980000000,821000000,1672000000,95.42,94.73,33.8462,34947000000,10728000000,6793000000,18063000000,24219000000,11545000000,42581000000,16884000000,15.54,-161000000,128.18,80.6
2025-12-28,UPS,6.47,89483002000.0,15.54,None,1.094,18.66,1537000000,None,1369000000,1369000000,-2550000000,-1446000000,71000000,None,-1462000000,None,None,1201000000,11000000,1115273775,None,32265000000,32265000000,2352000000,None,None,6154000000,None,None,1644000000,596000000,6.55,0.0651,754000000,754000000,None,-0.141,0.44,6247000000,7891000000,1.3,2018-03-31,13.64,2549000000,19410000000.0,10316000000,6075000000,2205000000,684000000,684000000,None,172000000,None,4407000000,None,None,3159000000,None,None,1345000000,None,None,None,0.102,4067000000,4125000000,6191000000,1533000000,3347000000,None,None,None,None,None,None,None,1.566,5.39,0.953,None,None,None,None,None,-261000000,None,0.0615,None,15289000000,2025-10-28,quarterly,1.74,USD,pre-market,None,17037000000,0.0712,0.336,-0.037,105.31,22517000000,3980000000,821000000,1672000000,95.42,94.73,33.8462,34947000000,10728000000,6793000000,18063000000,24219000000,11545000000,42581000000,16884000000,15.54,-161000000,128.18,80.6
2025-12-28,UPS,6.47,89483002000.0,15.54,None,1.094,18.66,1519000000,None,1369000000,1369000000,4201000000,-1357000000,-98000000,-3000000,-3592000000,None,None,-1840000000,11000000,1115273775,None,32265000000,32265000000,2352000000,None,None,6154000000,None,None,1644000000,594000000,6.55,0.0651,686000000,686000000,None,-0.141,0.44,6247000000,7891000000,1.3,2017-12-31,13.64,2549000000,19410000000.0,10316000000,6075000000,2205000000,684000000,684000000,None,172000000,None,4407000000,None,None,3159000000,None,None,1104000000,None,None,None,0.102,-2939000000,4125000000,6191000000,1533000000,3347000000,None,None,None,None,None,None,None,1.566,5.39,0.953,None,None,None,None,None,-467000000,None,0.0615,None,15289000000,2025-10-28,quarterly,1.74,USD,pre-market,None,17037000000,0.0712,0.336,-0.037,105.31,22517000000,3980000000,821000000,1672000000,95.42,94.73,33.8462,34947000000,10728000000,6793000000,18063000000,24219000000,11545000000,42581000000,16884000000,15.54,-161000000,128.18,80.6
2025-12-28,UPS,6.47,89483002000.0,15.54,None,1.094,18.66,1699000000,None,1369000000,1369000000,-358000000,-1591000000,-126000000,26000000,-987000000,None,None,-320000000,11000000,1115273775,None,32265000000,32265000000,2352000000,None,None,6154000000,None,None,1644000000,572000000,6.55,0.0651,696000000,696000000,None,-0.141,0.44,6247000000,7891000000,1.3,2017-09-30,13.64,2549000000,19410000000.0,10316000000,6075000000,2205000000,684000000,684000000,None,172000000,None,4407000000,None,None,3159000000,None,None,1264000000,None,None,None,0.102,1797000000,4125000000,6191000000,1533000000,3347000000,None,None,None,None,None,None,None,1.566,5.39,0.953,None,None,None,None,None,-448000000,None,0.0615,None,15289000000,2025-10-28,quarterly,1.74,USD,pre-market,None,17037000000,0.0712,0.336,-0.037,105.31,22517000000,3980000000,821000000,1672000000,95.42,94.73,33.8462,34947000000,10728000000,6793000000,18063000000,24219000000,11545000000,42581000000,16884000000,15.54,-161000000,128.18,80.6
2025-12-28,UPS,6.47,89483002000.0,15.54,None,1.094,18.66,1071000000,None,1369000000,1369000000,-432000000,-1107000000,857000000,14000000,-1436000000,None,None,4000000,11000000,1115273775,None,32265000000,32265000000,2352000000,None,None,6154000000,None,None,1644000000,562000000,6.55,0.0651,694000000,694000000,None,-0.141,0.44,6247000000,7891000000,1.3,2017-06-30,13.64,2549000000,19410000000.0,10316000000,6075000000,2205000000,684000000,684000000,None,172000000,None,4407000000,None,None,3159000000,None,None,1384000000,None,None,None,0.102,2382000000,4125000000,6191000000,1533000000,3347000000,None,None,None,None,None,None,None,1.566,5.39,0.953,None,None,None,None,None,-460000000,None,0.0615,None,15289000000,2025-10-28,quarterly,1.74,USD,pre-market,None,17037000000,0.0712,0.336,-0.037,105.31,22517000000,3980000000,821000000,1672000000,95.42,94.73,33.8462,34947000000,10728000000,6793000000,18063000000,24219000000,11545000000,42581000000,16884000000,15.54,-161000000,128.18,80.6
2025-12-28,UPS,6.47,89483002000.0,15.54,None,1.094,18.66,938000000,None,1369000000,1369000000,-124000000,-920000000,-789000000,16000000,2000000,None,None,1134000000,11000000,1115273775,None,32265000000,32265000000,2352000000,None,None,6154000000,None,None,1644000000,554000000,6.55,0.0651,695000000,695000000,None,-0.141,0.44,6247000000,7891000000,1.3,2017-03-31,13.64,2549000000,19410000000.0,10316000000,6075000000,2205000000,684000000,684000000,None,172000000,None,4407000000,None,None,3159000000,None,None,1158000000,None,None,None,0.102,239000000,4125000000,6191000000,1533000000,3347000000,None,None,None,None,None,None,None,1.566,5.39,0.953,None,None,None,None,None,-438000000,None,0.0615,None,15289000000,2025-10-28,quarterly,1.74,USD,pre-market,None,17037000000,0.0712,0.336,-0.037,105.31,22517000000,3980000000,821000000,1672000000,95.42,94.73,33.8462,34947000000,10728000000,6793000000,18063000000,24219000000,11545000000,42581000000,16884000000,15.54,-161000000,128.18,80.6
2025-12-28,UPS,6.47,89483002000.0,15.54,None,1.094,18.66,1128000000,None,1369000000,1369000000,-359000000,-539000000,177000000,-35000000,-2510000000,None,None,-1486000000,11000000,1115273775,None,32265000000,32265000000,2352000000,None,None,6154000000,None,None,1644000000,563000000,6.55,0.0651,656000000,656000000,None,-0.141,0.44,6247000000,7891000000,1.3,2016-12-31,13.64,2549000000,19410000000.0,10316000000,6075000000,2205000000,684000000,684000000,None,172000000,None,4407000000,None,None,3159000000,None,None,-239000000,None,None,None,0.102,1110000000,4125000000,6191000000,1533000000,3347000000,None,None,None,None,None,None,None,1.566,5.39,0.953,None,None,None,None,None,-671000000,None,0.0615,None,15289000000,2025-10-28,quarterly,1.74,USD,pre-market,None,17037000000,0.0712,0.336,-0.037,105.31,22517000000,3980000000,821000000,1672000000,95.42,94.73,33.8462,34947000000,10728000000,6793000000,18063000000,24219000000,11545000000,42581000000,16884000000,15.54,-161000000,128.18,80.6
2025-12-28,UPS,6.47,89483002000.0,15.54,None,1.094,18.66,874000000,None,1369000000,1369000000,-197000000,-233000000,240000000,None,-1840000000,None,None,-272000000,11000000,1115273775,None,32265000000,32265000000,2352000000,None,None,6154000000,None,None,1644000000,554000000,6.55,0.0651,660000000,660000000,None,-0.141,0.44,6247000000,7891000000,1.3,2016-09-30,13.64,2549000000,19410000000.0,10316000000,6075000000,2205000000,684000000,684000000,None,172000000,None,4407000000,None,None,3159000000,None,None,1270000000,None,None,None,0.102,670000000,4125000000,6191000000,1533000000,3347000000,None,None,None,None,None,None,None,1.566,5.39,0.953,None,None,None,None,None,-678000000,None,0.0615,None,15289000000,2025-10-28,quarterly,1.74,USD,pre-market,None,17037000000,0.0712,0.336,-0.037,105.31,22517000000,3980000000,821000000,1672000000,95.42,94.73,33.8462,34947000000,10728000000,6793000000,18063000000,24219000000,11545000000,42581000000,16884000000,15.54,-161000000,128.18,80.6
2025-12-28,UPS,6.47,89483002000.0,15.54,None,1.094,18.66,536000000,None,1369000000,1369000000,-2144000000,-686000000,-828000000,-21000000,-3524000000,None,None,-28000000,11000000,1115273775,None,32265000000,32265000000,2352000000,None,None,6154000000,None,None,1644000000,555000000,6.55,0.0651,661000000,661000000,None,-0.141,0.44,6247000000,7891000000,1.3,2016-06-30,13.64,2549000000,19410000000.0,10316000000,6075000000,2205000000,684000000,684000000,None,172000000,None,4407000000,None,None,3159000000,None,None,1269000000,None,None,None,0.102,2023000000,4125000000,6191000000,1533000000,3347000000,None,None,None,None,None,None,None,1.566,5.39,0.953,None,None,None,None,None,-689000000,None,0.0615,None,15289000000,2025-10-28,quarterly,1.74,USD,pre-market,None,17037000000,0.0712,0.336,-0.037,105.31,22517000000,3980000000,821000000,1672000000,95.42,94.73,33.8462,34947000000,10728000000,6793000000,18063000000,24219000000,11545000000,42581000000,16884000000,15.54,-161000000,128.18,80.6
2025-12-28,UPS,6.47,89483002000.0,15.54,None,1.094,18.66,427000000,None,1369000000,1369000000,-440000000,-1108000000,1157000000,35000000,-2651000000,None,None,1082000000,11000000,1115273775,None,32265000000,32265000000,2352000000,None,None,6154000000,None,None,1644000000,552000000,6.55,0.0651,666000000,666000000,None,-0.141,0.44,6247000000,7891000000,1.3,2016-03-31,13.64,2549000000,19410000000.0,10316000000,6075000000,2205000000,684000000,684000000,None,172000000,None,4407000000,None,None,3159000000,None,None,1131000000,None,None,None,0.102,2670000000,4125000000,6191000000,1533000000,3347000000,None,None,None,None,None,None,None,1.566,5.39,0.953,None,None,None,None,None,-640000000,None,0.0615,None,15289000000,2025-10-28,quarterly,1.74,USD,pre-market,None,17037000000,0.0712,0.336,-0.037,105.31,22517000000,3980000000,821000000,1672000000,95.42,94.73,33.8462,34947000000,10728000000,6793000000,18063000000,24219000000,11545000000,42581000000,16884000000,15.54,-161000000,128.18,80.6
2025-12-28,UPS,6.47,89483002000.0,15.54,None,1.094,18.66,731000000,None,1369000000,1369000000,-1405000000,-350000000,-711000000,29000000,-2897000000,None,None,-1190000000,11000000,1115273775,None,32265000000,32265000000,2352000000,None,None,6154000000,None,None,1644000000,541000000,6.55,0.0651,626000000,626000000,None,-0.141,0.44,6247000000,7891000000,1.3,2015-12-31,13.64,2549000000,19410000000.0,10316000000,6075000000,2205000000,684000000,684000000,None,172000000,None,4407000000,None,None,3159000000,None,None,1331000000,None,None,None,0.102,1015000000,4125000000,6191000000,1533000000,3347000000,None,None,None,None,None,None,None,1.566,5.39,0.953,None,None,None,None,None,-674000000,None,0.0615,None,15289000000,2025-10-28,quarterly,1.74,USD,pre-market,None,17037000000,0.0712,0.336,-0.037,105.31,22517000000,3980000000,821000000,1672000000,95.42,94.73,33.8462,34947000000,10728000000,6793000000,18063000000,24219000000,11545000000,42581000000,16884000000,15.54,-161000000,128.18,80.6
2025-12-28,UPS,6.47,89483002000.0,15.54,None,1.094,18.66,690000000,None,1369000000,1369000000,92000000,-2183000000,11000000,-74000000,-1118000000,None,None,-142000000,11000000,1115273775,None,32265000000,32265000000,2352000000,None,None,6154000000,None,None,1644000000,527000000,6.55,0.0651,629000000,629000000,None,-0.141,0.44,6247000000,7891000000,1.3,2015-09-30,13.64,2549000000,19410000000.0,10316000000,6075000000,2205000000,684000000,684000000,None,172000000,None,4407000000,None,None,3159000000,None,None,1257000000,None,None,None,0.102,2176000000,4125000000,6191000000,1533000000,3347000000,None,None,None,None,None,None,None,1.566,5.39,0.953,None,None,None,None,None,-680000000,None,0.0615,None,15289000000,2025-10-28,quarterly,1.74,USD,pre-market,None,17037000000,0.0712,0.336,-0.037,105.31,22517000000,3980000000,821000000,1672000000,95.42,94.73,33.8462,34947000000,10728000000,6793000000,18063000000,24219000000,11545000000,42581000000,16884000000,15.54,-161000000,128.18,80.6
2025-12-28,UPS,6.47,89483002000.0,15.54,None,1.094,18.66,593000000,None,1369000000,1369000000,-1151000000,-1419000000,-1052000000,30000000,-4029000000,None,None,117000000,11000000,1115273775,None,32265000000,32265000000,2352000000,None,None,6154000000,None,None,1644000000,510000000,6.55,0.0651,634000000,634000000,None,-0.141,0.44,6247000000,7891000000,1.3,2015-06-30,13.64,2549000000,19410000000.0,10316000000,6075000000,2205000000,684000000,684000000,None,172000000,None,4407000000,None,None,3159000000,None,None,1230000000,None,None,None,0.102,1488000000,4125000000,6191000000,1533000000,3347000000,None,None,None,None,None,None,None,1.566,5.39,0.953,None,None,None,None,None,-672000000,None,0.0615,None,15289000000,2025-10-28,quarterly,1.74,USD,pre-market,None,17037000000,0.0712,0.336,-0.037,105.31,22517000000,3980000000,821000000,1672000000,95.42,94.73,33.8462,34947000000,10728000000,6793000000,18063000000,24219000000,11545000000,42581000000,16884000000,15.54,-161000000,128.18,80.6
2025-12-28,UPS,6.47,89483002000.0,15.54,None,1.094,18.66,365000000,None,1369000000,1369000000,899000000,-1357000000,2191000000,-102000000,-2605000000,None,None,763000000,11000000,1115273775,None,32265000000,32265000000,2352000000,None,None,6154000000,None,None,1644000000,506000000,6.55,0.0651,636000000,636000000,None,-0.141,0.44,6247000000,7891000000,1.3,2015-03-31,13.64,2549000000,19410000000.0,10316000000,6075000000,2205000000,684000000,684000000,None,172000000,None,4407000000,None,None,3159000000,None,None,1026000000,None,None,None,0.102,2751000000,4125000000,6191000000,1533000000,3347000000,None,None,None,None,None,None,None,1.566,5.39,0.953,None,None,None,None,None,-676000000,None,0.0615,None,15289000000,2025-10-28,quarterly,1.74,USD,pre-market,None,17037000000,0.0712,0.336,-0.037,105.31,22517000000,3980000000,821000000,1672000000,95.42,94.73,33.8462,34947000000,10728000000,6793000000,18063000000,24219000000,11545000000,42581000000,16884000000,15.54,-161000000,128.18,80.6
2025-12-28,UPS,6.47,89483002000.0,15.54,None,1.094,18.66,884000000,None,1369000000,1369000000,-2748000000,-662000000,-1913000000,-38000000,-2785000000,None,None,-971000000,11000000,1115273775,None,32265000000,32265000000,2352000000,None,None,6154000000,None,None,1644000000,497000000,6.55,0.0651,586000000,586000000,None,-0.141,0.44,6247000000,7891000000,1.3,2014-12-31,13.64,2549000000,19410000000.0,10316000000,6075000000,2205000000,684000000,684000000,None,172000000,None,4407000000,None,None,3159000000,None,None,453000000,None,None,None,0.102,1535000000,4125000000,6191000000,1533000000,3347000000,None,None,None,None,None,None,None,1.566,5.39,0.953,None,None,None,None,None,-633000000,None,0.0615,None,15289000000,2025-10-28,quarterly,1.74,USD,pre-market,None,17037000000,0.0712,0.336,-0.037,105.31,22517000000,3980000000,821000000,1672000000,95.42,94.73,33.8462,34947000000,10728000000,6793000000,18063000000,24219000000,11545000000,42581000000,16884000000,15.54,-161000000,128.18,80.6
2025-12-28,UPS,6.47,89483002000.0,15.54,None,1.094,18.66,631000000,None,1369000000,1369000000,-781000000,-337000000,1148000000,-93000000,-3768000000,None,None,-137000000,11000000,1115273775,None,32265000000,32265000000,2352000000,None,None,6154000000,None,None,1644000000,485000000,6.55,0.0651,588000000,588000000,None,-0.141,0.44,6247000000,7891000000,1.3,2014-09-30,13.64,2549000000,19410000000.0,10316000000,6075000000,2205000000,684000000,684000000,None,172000000,None,4407000000,None,None,3159000000,None,None,1214000000,None,None,None,0.102,2359000000,4125000000,6191000000,1533000000,3347000000,None,None,None,None,None,None,None,1.566,5.39,0.953,None,None,None,None,None,-683000000,None,0.0615,None,15289000000,2025-10-28,quarterly,1.74,USD,pre-market,None,17037000000,0.0712,0.336,-0.037,105.31,22517000000,3980000000,821000000,1672000000,95.42,94.73,33.8462,34947000000,10728000000,6793000000,18063000000,24219000000,11545000000,42581000000,16884000000,15.54,-161000000,128.18,80.6
2025-12-28,UPS,6.47,89483002000.0,15.54,None,1.094,18.66,491000000,None,1369000000,1369000000,-1512000000,-957000000,-2890000000,14000000,-4568000000,None,None,-74000000,11000000,1115273775,None,32265000000,32265000000,2352000000,None,None,6154000000,None,None,1644000000,473000000,6.55,0.0651,596000000,596000000,None,-0.141,0.44,6247000000,7891000000,1.3,2014-06-30,13.64,2549000000,19410000000.0,10316000000,6075000000,2205000000,684000000,684000000,None,172000000,None,4407000000,None,None,3159000000,None,None,454000000,None,None,None,0.102,-435000000,4125000000,6191000000,1533000000,3347000000,None,None,None,None,None,None,None,1.566,5.39,0.953,None,None,None,None,None,-709000000,None,0.0615,None,15289000000,2025-10-28,quarterly,1.74,USD,pre-market,None,17037000000,0.0712,0.336,-0.037,105.31,22517000000,3980000000,821000000,1672000000,95.42,94.73,33.8462,34947000000,10728000000,6793000000,18063000000,24219000000,11545000000,42581000000,16884000000,15.54,-161000000,128.18,80.6
2025-12-28,UPS,6.47,89483002000.0,15.54,None,1.094,18.66,322000000,None,1369000000,1369000000,-120000000,-845000000,1281000000,-21000000,-5166000000,None,None,659000000,11000000,1115273775,None,32265000000,32265000000,2352000000,None,None,6154000000,None,None,1644000000,468000000,6.55,0.0651,596000000,596000000,None,-0.141,0.44,6247000000,7891000000,1.3,2014-03-31,13.64,2549000000,19410000000.0,10316000000,6075000000,2205000000,684000000,684000000,None,172000000,None,4407000000,None,None,3159000000,None,None,911000000,None,None,None,0.102,2267000000,4125000000,6191000000,1533000000,3347000000,None,None,None,None,None,None,None,1.566,5.39,0.953,None,None,None,None,None,-670000000,None,0.0615,None,15289000000,2025-10-28,quarterly,1.74,USD,pre-market,None,17037000000,0.0712,0.336,-0.037,105.31,22517000000,3980000000,821000000,1672000000,95.42,94.73,33.8462,34947000000,10728000000,6793000000,18063000000,24219000000,11545000000,42581000000,16884000000,15.54,-161000000,128.18,80.6
2025-12-28,UPS,6.47,89483002000.0,15.54,None,1.094,18.66,460000000,None,1369000000,1369000000,-3091000000,349000000,-517000000,-19000000,-5652000000,None,None,-932000000,11000000,1115273775,None,32265000000,32265000000,2352000000,None,None,6154000000,None,None,1644000000,467000000,6.55,0.0651,558000000,558000000,None,-0.141,0.44,6247000000,7891000000,1.3,2013-12-31,13.64,2549000000,19410000000.0,10316000000,6075000000,2205000000,684000000,684000000,None,172000000,None,4407000000,None,None,3159000000,None,None,1167000000,None,None,None,0.102,2244000000,4125000000,6191000000,1533000000,3347000000,None,None,None,None,None,None,None,1.566,5.39,0.953,None,None,None,None,None,-972000000,None,0.0615,None,15289000000,2025-10-28,quarterly,1.74,USD,pre-market,None,17037000000,0.0712,0.336,-0.037,105.31,22517000000,3980000000,821000000,1672000000,95.42,94.73,33.8462,34947000000,10728000000,6793000000,18063000000,24219000000,11545000000,42581000000,16884000000,15.54,-161000000,128.18,80.6
2025-12-28,UPS,6.47,89483002000.0,15.54,None,1.094,18.66,615000000,None,1369000000,1369000000,-675000000,-610000000,374000000,30000000,-5761000000,None,None,-125000000,11000000,1115273775,None,32265000000,32265000000,2352000000,None,None,6154000000,None,None,1644000000,460000000,6.55,0.0651,562000000,562000000,None,-0.141,0.44,6247000000,7891000000,1.3,2013-09-30,13.64,2549000000,19410000000.0,10316000000,6075000000,2205000000,684000000,684000000,None,172000000,None,4407000000,None,None,3159000000,None,None,1097000000,None,None,None,0.102,1629000000,4125000000,6191000000,1533000000,3347000000,None,None,None,None,None,None,None,1.566,5.39,0.953,None,None,None,None,None,-999000000,None,0.0615,None,15289000000,2025-10-28,quarterly,1.74,USD,pre-market,None,17037000000,0.0712,0.336,-0.037,105.31,22517000000,3980000000,821000000,1672000000,95.42,94.73,33.8462,34947000000,10728000000,6793000000,18063000000,24219000000,11545000000,42581000000,16884000000,15.54,-161000000,128.18,80.6
2025-12-28,UPS,6.47,89483002000.0,15.54,None,1.094,18.66,537000000,None,1369000000,1369000000,-2195000000,-1100000000,-1648000000,-26000000,-6397000000,None,None,121000000,11000000,1115273775,None,32265000000,32265000000,2352000000,None,None,6154000000,None,None,1644000000,466000000,6.55,0.0651,568000000,568000000,None,-0.141,0.44,6247000000,7891000000,1.3,2013-06-30,13.64,2549000000,19410000000.0,10316000000,6075000000,2205000000,684000000,684000000,None,172000000,None,4407000000,None,None,3159000000,None,None,1071000000,None,None,None,0.102,1673000000,4125000000,6191000000,1533000000,3347000000,None,None,None,None,None,None,None,1.566,5.39,0.953,None,None,None,None,None,-842000000,None,0.0615,None,15289000000,2025-10-28,quarterly,1.74,USD,pre-market,None,17037000000,0.0712,0.336,-0.037,105.31,22517000000,3980000000,821000000,1672000000,95.42,94.73,33.8462,34947000000,10728000000,6793000000,18063000000,24219000000,11545000000,42581000000,16884000000,15.54,-161000000,128.18,80.6
2025-12-28,UPS,6.47,89483002000.0,15.54,None,1.094,18.66,453000000,None,1369000000,1369000000,-1846000000,-753000000,-871000000,-30000000,-6291000000,None,None,421000000,11000000,1115273775,None,32265000000,32265000000,2352000000,None,None,6154000000,None,None,1644000000,474000000,6.55,0.0651,572000000,572000000,None,-0.141,0.44,6247000000,7891000000,1.3,2013-03-31,13.64,2549000000,19410000000.0,10316000000,6075000000,2205000000,684000000,684000000,None,172000000,None,4407000000,None,None,3159000000,None,None,1037000000,None,None,None,0.102,1758000000,4125000000,6191000000,1533000000,3347000000,None,None,None,None,None,None,None,1.566,5.39,0.953,None,None,None,None,None,-1025000000,None,0.0615,None,15289000000,2025-10-28,quarterly,1.74,USD,pre-market,None,17037000000,0.0712,0.336,-0.037,105.31,22517000000,3980000000,821000000,1672000000,95.42,94.73,33.8462,34947000000,10728000000,6793000000,18063000000,24219000000,11545000000,42581000000,16884000000,15.54,-161000000,128.18,80.6
2025-12-28,UPS,6.47,89483002000.0,15.54,None,1.094,18.66,550000000,None,1369000000,1369000000,-2884000000,-428000000,-1103000000,96000000,-7049000000,None,None,-592000000,11000000,1115273775,None,32265000000,32265000000,2352000000,None,None,6154000000,None,None,1644000000,476000000,6.55,0.0651,530000000,530000000,None,-0.141,0.44,6247000000,7891000000,1.3,2012-12-31,13.64,2549000000,19410000000.0,10316000000,6075000000,2205000000,684000000,684000000,None,172000000,None,4407000000,None,None,3159000000,None,None,-1748000000,None,None,None,0.102,2113000000,4125000000,6191000000,1533000000,3347000000,None,None,None,None,None,None,None,1.566,5.39,0.953,None,None,None,None,None,-219000000,None,0.0615,None,15289000000,2025-10-28,quarterly,1.74,USD,pre-market,None,17037000000,0.0712,0.336,-0.037,105.31,22517000000,3980000000,821000000,1672000000,95.42,94.73,33.8462,34947000000,10728000000,6793000000,18063000000,24219000000,11545000000,42581000000,16884000000,15.54,-161000000,128.18,80.6
2025-12-28,UPS,6.47,89483002000.0,15.54,None,1.094,18.66,654000000,None,1369000000,1369000000,909000000,-600000000,1712000000,150000000,-6113000000,None,None,-22000000,11000000,1115273775,None,32265000000,32265000000,2352000000,None,None,6154000000,None,None,1644000000,464000000,6.55,0.0651,532000000,532000000,None,-0.141,0.44,6247000000,7891000000,1.3,2012-09-30,13.64,2549000000,19410000000.0,10316000000,6075000000,2205000000,684000000,684000000,None,172000000,None,4407000000,None,None,3159000000,None,None,469000000,None,None,None,0.102,1253000000,4125000000,6191000000,1533000000,3347000000,None,None,None,None,None,None,None,1.566,5.39,0.953,None,None,None,None,None,-517000000,None,0.0615,None,15289000000,2025-10-28,quarterly,1.74,USD,pre-market,None,17037000000,0.0712,0.336,-0.037,105.31,22517000000,3980000000,821000000,1672000000,95.42,94.73,33.8462,34947000000,10728000000,6793000000,18063000000,24219000000,11545000000,42581000000,16884000000,15.54,-161000000,128.18,80.6
2025-12-28,UPS,6.47,89483002000.0,15.54,None,1.094,18.66,521000000,None,1369000000,1369000000,107000000,-48000000,1585000000,-44000000,-6468000000,None,None,-95000000,11000000,1115273775,None,32265000000,32265000000,2352000000,None,None,6154000000,None,None,1644000000,459000000,6.55,0.0651,534000000,534000000,None,-0.141,0.44,6247000000,7891000000,1.3,2012-06-30,13.64,2549000000,19410000000.0,10316000000,6075000000,2205000000,684000000,684000000,None,172000000,None,4407000000,None,None,3159000000,None,None,1116000000,None,None,None,0.102,1570000000,4125000000,6191000000,1533000000,3347000000,None,None,None,None,None,None,None,1.566,5.39,0.953,None,None,None,None,None,-338000000,None,0.0615,None,15289000000,2025-10-28,quarterly,1.74,USD,pre-market,None,17037000000,0.0712,0.336,-0.037,105.31,22517000000,3980000000,821000000,1672000000,95.42,94.73,33.8462,34947000000,10728000000,6793000000,18063000000,24219000000,11545000000,42581000000,16884000000,15.54,-161000000,128.18,80.6
2025-12-28,UPS,6.47,89483002000.0,15.54,None,1.094,18.66,428000000,None,1369000000,1369000000,51000000,-259000000,2099000000,27000000,-5544000000,None,None,585000000,11000000,1115273775,None,32265000000,32265000000,2352000000,None,None,6154000000,None,None,1644000000,459000000,6.55,0.0651,534000000,534000000,None,-0.141,0.44,6247000000,7891000000,1.3,2012-03-31,13.64,2549000000,19410000000.0,10316000000,6075000000,2205000000,684000000,684000000,None,172000000,None,4407000000,None,None,3159000000,None,None,970000000,None,None,None,0.102,2280000000,4125000000,6191000000,1533000000,3347000000,None,None,None,None,None,None,None,1.566,5.39,0.953,None,None,None,None,None,-547000000,None,0.0615,None,15289000000,2025-10-28,quarterly,1.74,USD,pre-market,None,17037000000,0.0712,0.336,-0.037,105.31,22517000000,3980000000,821000000,1672000000,95.42,94.73,33.8462,34947000000,10728000000,6793000000,18063000000,24219000000,11545000000,42581000000,16884000000,15.54,-161000000,128.18,80.6
2025-12-28,UPS,6.47,89483002000.0,15.54,None,1.094,18.66,448000000,None,1369000000,1369000000,-2378000000,-421000000,-1099000000,-11000000,-5778000000,None,None,-834000000,11000000,1115273775,None,32265000000,32265000000,2352000000,None,None,6154000000,None,None,1644000000,451000000,6.55,0.0651,497000000,497000000,None,-0.141,0.44,6247000000,7891000000,1.3,2011-12-31,13.64,2549000000,19410000000.0,10316000000,6075000000,2205000000,684000000,684000000,None,172000000,None,4407000000,None,None,3159000000,None,None,814000000,None,None,None,0.102,1711000000,4125000000,6191000000,1533000000,3347000000,None,None,None,None,None,None,None,1.566,5.39,0.953,None,None,None,None,None,-492000000,None,0.0615,None,15289000000,2025-10-28,quarterly,1.74,USD,pre-market,None,17037000000,0.0712,0.336,-0.037,105.31,22517000000,3980000000,821000000,1672000000,95.42,94.73,33.8462,34947000000,10728000000,6793000000,18063000000,24219000000,11545000000,42581000000,16884000000,15.54,-161000000,128.18,80.6
2025-12-28,UPS,6.47,89483002000.0,15.54,None,1.094,18.66,606000000,None,1369000000,1369000000,-1513000000,-1047000000,-558000000,-46000000,-4972000000,None,None,-8000000,11000000,1115273775,None,32265000000,32265000000,2352000000,None,None,6154000000,None,None,1644000000,447000000,6.55,0.0651,493000000,493000000,None,-0.141,0.44,6247000000,7891000000,1.3,2011-09-30,13.64,2549000000,19410000000.0,10316000000,6075000000,2205000000,684000000,684000000,None,172000000,None,4407000000,None,None,3159000000,None,None,1042000000,None,None,None,0.102,2048000000,4125000000,6191000000,1533000000,3347000000,None,None,None,None,None,None,None,1.566,5.39,0.953,None,None,None,None,None,-1121000000,None,0.0615,None,15289000000,2025-10-28,quarterly,1.74,USD,pre-market,None,17037000000,0.0712,0.336,-0.037,105.31,22517000000,3980000000,821000000,1672000000,95.42,94.73,33.8462,34947000000,10728000000,6793000000,18063000000,24219000000,11545000000,42581000000,16884000000,15.54,-161000000,128.18,80.6
2025-12-28,UPS,6.47,89483002000.0,15.54,None,1.094,18.66,549000000,None,1369000000,1369000000,-1218000000,-787000000,34000000,6000000,-5300000000,None,None,-127000000,11000000,1115273775,None,32265000000,32265000000,2352000000,None,None,6154000000,None,None,1644000000,443000000,6.55,0.0651,504000000,504000000,None,-0.141,0.44,6247000000,7891000000,1.3,2011-06-30,13.64,2549000000,19410000000.0,10316000000,6075000000,2205000000,684000000,684000000,None,172000000,None,4407000000,None,None,3159000000,None,None,1063000000,None,None,None,0.102,2033000000,4125000000,6191000000,1533000000,3347000000,None,None,None,None,None,None,None,1.566,5.39,0.953,None,None,None,None,None,-547000000,None,0.0615,None,15289000000,2025-10-28,quarterly,1.74,USD,pre-market,None,17037000000,0.0712,0.336,-0.037,105.31,22517000000,3980000000,821000000,1672000000,95.42,94.73,33.8462,34947000000,10728000000,6793000000,18063000000,24219000000,11545000000,42581000000,16884000000,15.54,-161000000,128.18,80.6
2025-12-28,UPS,6.47,89483002000.0,15.54,None,1.094,18.66,402000000,None,1369000000,1369000000,247000000,-282000000,1287000000,41000000,-4550000000,None,None,312000000,11000000,1115273775,None,32265000000,32265000000,2352000000,None,None,6154000000,None,None,1644000000,441000000,6.55,0.0651,503000000,503000000,None,-0.141,0.44,6247000000,7891000000,1.3,2011-03-31,13.64,2549000000,19410000000.0,10316000000,6075000000,2205000000,684000000,684000000,None,172000000,None,4407000000,None,None,3159000000,None,None,885000000,None,None,None,0.102,1281000000,4125000000,6191000000,1533000000,3347000000,None,None,None,None,None,None,None,1.566,5.39,0.953,None,None,None,None,None,-505000000,None,0.0615,None,15289000000,2025-10-28,quarterly,1.74,USD,pre-market,None,17037000000,0.0712,0.336,-0.037,105.31,22517000000,3980000000,821000000,1672000000,95.42,94.73,33.8462,34947000000,10728000000,6793000000,18063000000,24219000000,11545000000,42581000000,16884000000,15.54,-161000000,128.18,80.6
2025-12-28,UPS,6.47,89483002000.0,15.54,None,1.094,18.66,378000000,None,1369000000,1369000000,593000000,-161000000,350000000,6000000,-6309000000,None,None,-489000000,11000000,1115273775,None,32265000000,32265000000,2352000000,None,None,6154000000,None,None,1644000000,444000000,6.55,0.0651,455000000,455000000,None,-0.141,0.44,6247000000,7891000000,1.3,2010-12-31,13.64,2549000000,19410000000.0,10316000000,6075000000,2205000000,684000000,684000000,None,172000000,None,4407000000,None,None,3159000000,None,None,1119000000,None,None,None,0.102,-88000000,4125000000,6191000000,1533000000,3347000000,None,None,None,None,None,None,None,1.566,5.39,0.953,None,None,None,None,None,-218000000,None,0.0615,None,15289000000,2025-10-28,quarterly,1.74,USD,pre-market,None,17037000000,0.0712,0.336,-0.037,105.31,22517000000,3980000000,821000000,1672000000,95.42,94.73,33.8462,34947000000,10728000000,6793000000,18063000000,24219000000,11545000000,42581000000,16884000000,15.54,-161000000,128.18,80.6
2025-12-28,UPS,6.47,89483002000.0,15.54,None,1.094,18.66,347000000,None,1369000000,1369000000,-1293000000,115000000,-232000000,35000000,-4310000000,None,None,-85000000,11000000,1115273775,None,32265000000,32265000000,2352000000,None,None,6154000000,None,None,1644000000,448000000,6.55,0.0651,452000000,452000000,None,-0.141,0.44,6247000000,7891000000,1.3,2010-09-30,13.64,2549000000,19410000000.0,10316000000,6075000000,2205000000,684000000,684000000,None,172000000,None,4407000000,None,None,3159000000,None,None,991000000,None,None,None,0.102,911000000,4125000000,6191000000,1533000000,3347000000,None,None,None,None,None,None,None,1.566,5.39,0.953,None,None,None,None,None,-156000000,None,0.0615,None,15289000000,2025-10-28,quarterly,1.74,USD,pre-market,None,17037000000,0.0712,0.336,-0.037,105.31,22517000000,3980000000,821000000,1672000000,95.42,94.73,33.8462,34947000000,10728000000,6793000000,18063000000,24219000000,11545000000,42581000000,16884000000,15.54,-161000000,128.18,80.6
2025-12-28,UPS,6.47,89483002000.0,15.54,None,1.094,18.66,381000000,None,1369000000,1369000000,-389000000,-358000000,708000000,-8000000,-3180000000,None,None,-135000000,11000000,1115273775,None,32265000000,32265000000,2352000000,None,None,6154000000,None,None,1644000000,449000000,6.55,0.0651,455000000,455000000,None,-0.141,0.44,6247000000,7891000000,1.3,2010-06-30,13.64,2549000000,19410000000.0,10316000000,6075000000,2205000000,684000000,684000000,None,172000000,None,4407000000,None,None,3159000000,None,None,845000000,None,None,None,0.102,1463000000,4125000000,6191000000,1533000000,3347000000,None,None,None,None,None,None,None,1.566,5.39,0.953,None,None,None,None,None,-165000000,None,0.0615,None,15289000000,2025-10-28,quarterly,1.74,USD,pre-market,None,17037000000,0.0712,0.336,-0.037,105.31,22517000000,3980000000,821000000,1672000000,95.42,94.73,33.8462,34947000000,10728000000,6793000000,18063000000,24219000000,11545000000,42581000000,16884000000,15.54,-161000000,128.18,80.6
2025-12-28,UPS,6.47,89483002000.0,15.54,None,1.094,18.66,283000000,None,1369000000,1369000000,-257000000,-250000000,1002000000,-40000000,-2246000000,None,None,177000000,11000000,1115273775,None,32265000000,32265000000,2352000000,None,None,6154000000,None,None,1644000000,451000000,6.55,0.0651,456000000,456000000,None,-0.141,0.44,6247000000,7891000000,1.3,2010-03-31,13.64,2549000000,19410000000.0,10316000000,6075000000,2205000000,684000000,684000000,None,172000000,None,4407000000,None,None,3159000000,None,None,533000000,None,None,None,0.102,1549000000,4125000000,6191000000,1533000000,3347000000,None,None,None,None,None,None,None,1.566,5.39,0.953,None,None,None,None,None,-278000000,None,0.0615,None,15289000000,2025-10-28,quarterly,1.74,USD,pre-market,None,17037000000,0.0712,0.336,-0.037,105.31,22517000000,3980000000,821000000,1672000000,95.42,94.73,33.8462,34947000000,10728000000,6793000000,18063000000,24219000000,11545000000,42581000000,16884000000,15.54,-161000000,128.18,80.6
2025-12-28,UPS,6.47,89483002000.0,15.54,None,1.094,18.66,417000000,None,1369000000,1369000000,-1384000000,-369000000,None,None,-3251000000,None,None,None,11000000,1115273775,None,32265000000,32265000000,2352000000,None,None,6154000000,None,None,1644000000,450000000,6.55,0.0651,438000000,438000000,None,-0.141,0.44,6247000000,7891000000,1.3,2009-12-31,13.64,2549000000,19410000000.0,10316000000,6075000000,2205000000,684000000,684000000,None,172000000,None,4407000000,None,None,3159000000,None,None,757000000,None,None,None,0.102,1052000000,4125000000,6191000000,1533000000,3347000000,None,None,None,None,None,None,None,1.566,5.39,0.953,None,None,None,None,None,-166000000,None,0.0615,None,15289000000,2025-10-28,quarterly,1.74,USD,pre-market,None,17037000000,0.0712,0.336,-0.037,105.31,22517000000,3980000000,821000000,1672000000,95.42,94.73,33.8462,34947000000,10728000000,6793000000,18063000000,24219000000,11545000000,42581000000,16884000000,15.54,-161000000,128.18,80.6
2025-12-28,UPS,6.47,89483002000.0,15.54,None,1.094,18.66,514000000,None,1369000000,1369000000,-1226000000,-464000000,None,None,-2611000000,None,None,None,11000000,1115273775,None,32265000000,32265000000,2352000000,None,None,6154000000,None,None,1644000000,441000000,6.55,0.0651,437000000,437000000,None,-0.141,0.44,6247000000,7891000000,1.3,2009-09-30,13.64,2549000000,19410000000.0,10316000000,6075000000,2205000000,684000000,684000000,None,172000000,None,4407000000,None,None,3159000000,None,None,549000000,None,None,None,0.102,1078000000,4125000000,6191000000,1533000000,3347000000,None,None,None,None,None,None,None,1.566,5.39,0.953,None,None,None,None,None,-148000000,None,0.0615,None,15289000000,2025-10-28,quarterly,1.74,USD,pre-market,None,17037000000,0.0712,0.336,-0.037,105.31,22517000000,3980000000,821000000,1672000000,95.42,94.73,33.8462,34947000000,10728000000,6793000000,18063000000,24219000000,11545000000,42581000000,16884000000,15.54,-161000000,128.18,80.6
2025-12-28,UPS,6.47,89483002000.0,15.54,None,1.094,18.66,289000000,None,1369000000,1369000000,-1892000000,-19000000,None,None,-3168000000,None,None,None,11000000,1115273775,None,32265000000,32265000000,2352000000,None,None,6154000000,None,None,1644000000,426000000,6.55,0.0651,438000000,438000000,None,-0.141,0.44,6247000000,7891000000,1.3,2009-06-30,13.64,2549000000,19410000000.0,10316000000,6075000000,2205000000,684000000,684000000,None,172000000,None,4407000000,None,None,3159000000,None,None,445000000,None,None,None,0.102,959000000,4125000000,6191000000,1533000000,3347000000,None,None,None,None,None,None,None,1.566,5.39,0.953,None,None,None,None,None,-131000000,None,0.0615,None,15289000000,2025-10-28,quarterly,1.74,USD,pre-market,None,17037000000,0.0712,0.336,-0.037,105.31,22517000000,3980000000,821000000,1672000000,95.42,94.73,33.8462,34947000000,10728000000,6793000000,18063000000,24219000000,11545000000,42581000000,16884000000,15.54,-161000000,128.18,80.6
2025-12-28,UPS,6.47,89483002000.0,15.54,None,1.094,18.66,382000000,None,1369000000,1369000000,1457000000,-396000000,None,None,-2152000000,None,None,None,11000000,1115273775,None,32265000000,32265000000,2352000000,None,None,6154000000,None,None,1644000000,430000000,6.55,0.0651,438000000,438000000,None,-0.141,0.44,6247000000,7891000000,1.3,2009-03-31,13.64,2549000000,19410000000.0,10316000000,6075000000,2205000000,684000000,684000000,None,172000000,None,4407000000,None,None,3159000000,None,None,401000000,None,None,None,0.102,2196000000,4125000000,6191000000,1533000000,3347000000,None,None,None,None,None,None,None,1.566,5.39,0.953,None,None,None,None,None,-116000000,None,0.0615,None,15289000000,2025-10-28,quarterly,1.74,USD,pre-market,None,17037000000,0.0712,0.336,-0.037,105.31,22517000000,3980000000,821000000,1672000000,95.42,94.73,33.8462,34947000000,10728000000,6793000000,18063000000,24219000000,11545000000,42581000000,16884000000,15.54,-161000000,128.18,80.6
2025-12-28,UPS,6.47,89483002000.0,15.54,None,1.094,18.66,528000000,None,1369000000,1369000000,-1665000000,-486000000,None,None,-1398000000,None,None,None,11000000,1115273775,None,32265000000,32265000000,2352000000,None,None,6154000000,None,None,1644000000,454000000,6.55,0.0651,438000000,438000000,None,-0.141,0.44,6247000000,7891000000,1.3,2008-12-31,13.64,2549000000,19410000000.0,10316000000,6075000000,2205000000,684000000,684000000,None,172000000,None,4407000000,None,None,3159000000,None,None,254000000,None,None,None,0.102,1478000000,4125000000,6191000000,1533000000,3347000000,None,None,None,None,None,None,None,1.566,5.39,0.953,None,None,None,None,None,-286000000,None,0.0615,None,15289000000,2025-10-28,quarterly,1.74,USD,pre-market,None,17037000000,0.0712,0.336,-0.037,105.31,22517000000,3980000000,821000000,1672000000,95.42,94.73,33.8462,34947000000,10728000000,6793000000,18063000000,24219000000,11545000000,42581000000,16884000000,15.54,-161000000,128.18,80.6
2025-12-28,UPS,6.47,89483002000.0,15.54,None,1.094,18.66,721000000,None,1369000000,1369000000,-1051000000,-754000000,None,None,-935000000,None,None,None,11000000,1115273775,None,32265000000,32265000000,2352000000,None,None,6154000000,None,None,1644000000,456000000,6.55,0.0651,444000000,444000000,None,-0.141,0.44,6247000000,7891000000,1.3,2008-09-30,13.64,2549000000,19410000000.0,10316000000,6075000000,2205000000,684000000,684000000,None,172000000,None,4407000000,None,None,3159000000,None,None,970000000,None,None,None,0.102,1920000000,4125000000,6191000000,1533000000,3347000000,None,None,None,None,None,None,None,1.566,5.39,0.953,None,None,None,None,None,-990000000,None,0.0615,None,15289000000,2025-10-28,quarterly,1.74,USD,pre-market,None,17037000000,0.0712,0.336,-0.037,105.31,22517000000,3980000000,821000000,1672000000,95.42,94.73,33.8462,34947000000,10728000000,6793000000,18063000000,24219000000,11545000000,42581000000,16884000000,15.54,-161000000,128.18,80.6
2025-12-28,UPS,6.47,89483002000.0,15.54,None,1.094,18.66,726000000,None,1369000000,1369000000,-644000000,-911000000,None,None,783000000,None,None,None,11000000,1115273775,None,32265000000,32265000000,2352000000,None,None,6154000000,None,None,1644000000,452000000,6.55,0.0651,451000000,451000000,None,-0.141,0.44,6247000000,7891000000,1.3,2008-06-30,13.64,2549000000,19410000000.0,10316000000,6075000000,2205000000,684000000,684000000,None,172000000,None,4407000000,None,None,3159000000,None,None,873000000,None,None,None,0.102,1723000000,4125000000,6191000000,1533000000,3347000000,None,None,None,None,None,None,None,1.566,5.39,0.953,None,None,None,None,None,-1124000000,None,0.0615,None,15289000000,2025-10-28,quarterly,1.74,USD,pre-market,None,17037000000,0.0712,0.336,-0.037,105.31,22517000000,3980000000,821000000,1672000000,95.42,94.73,33.8462,34947000000,10728000000,6793000000,18063000000,24219000000,11545000000,42581000000,16884000000,15.54,-161000000,128.18,80.6
2025-12-28,UPS,6.47,89483002000.0,15.54,None,1.094,18.66,661000000,None,1369000000,1369000000,-3342000000,-1028000000,None,None,577000000,None,None,None,11000000,1115273775,None,32265000000,32265000000,2352000000,None,None,6154000000,None,None,1644000000,452000000,6.55,0.0651,886000000,886000000,None,-0.141,0.44,6247000000,7891000000,1.3,2008-03-31,13.64,2549000000,19410000000.0,10316000000,6075000000,2205000000,684000000,684000000,None,172000000,None,4407000000,None,None,3159000000,None,None,906000000,None,None,None,0.102,3305000000,4125000000,6191000000,1533000000,3347000000,None,None,None,None,None,None,None,1.566,5.39,0.953,None,None,None,None,None,-1170000000,None,0.0615,None,15289000000,2025-10-28,quarterly,1.74,USD,pre-market,None,17037000000,0.0712,0.336,-0.037,105.31,22517000000,3980000000,821000000,1672000000,95.42,94.73,33.8462,34947000000,10728000000,6793000000,18063000000,24219000000,11545000000,42581000000,16884000000,15.54,-161000000,128.18,80.6
2025-12-28,UPS,6.47,89483002000.0,15.54,None,1.094,18.66,826000000,None,1369000000,1369000000,5430000000,-506000000,None,None,-3948000000,None,None,None,11000000,1115273775,None,32265000000,32265000000,2352000000,None,None,6154000000,None,None,1644000000,443000000,6.55,0.0651,5000000,5000000,None,-0.141,0.44,6247000000,7891000000,1.3,2007-12-31,13.64,2549000000,19410000000.0,10316000000,6075000000,2205000000,684000000,684000000,None,172000000,None,4407000000,None,None,3159000000,None,None,-2641000000,None,None,None,0.102,-4145000000,4125000000,6191000000,1533000000,3347000000,None,None,None,None,None,None,None,1.566,5.39,0.953,None,None,None,None,None,-570000000,None,0.0615,None,15289000000,2025-10-28,quarterly,1.74,USD,pre-market,None,17037000000,0.0712,0.336,-0.037,105.31,22517000000,3980000000,821000000,1672000000,95.42,94.73,33.8462,34947000000,10728000000,6793000000,18063000000,24219000000,11545000000,42581000000,16884000000,15.54,-161000000,128.18,80.6
2025-12-28,UPS,6.47,89483002000.0,15.54,None,1.094,18.66,788000000,None,1369000000,1369000000,-918000000,-370000000,None,None,808000000,None,None,None,11000000,1115273775,None,32265000000,32265000000,2352000000,None,None,6154000000,None,None,1644000000,435000000,6.55,0.0651,432000000,432000000,None,-0.141,0.44,6247000000,7891000000,1.3,2007-09-30,13.64,2549000000,19410000000.0,10316000000,6075000000,2205000000,684000000,684000000,None,172000000,None,4407000000,None,None,3159000000,None,None,1076000000,None,None,None,0.102,1672000000,4125000000,6191000000,1533000000,3347000000,None,None,None,None,None,None,None,1.566,5.39,0.953,None,None,None,None,None,-547000000,None,0.0615,None,15289000000,2025-10-28,quarterly,1.74,USD,pre-market,None,17037000000,0.0712,0.336,-0.037,105.31,22517000000,3980000000,821000000,1672000000,95.42,94.73,33.8462,34947000000,10728000000,6793000000,18063000000,24219000000,11545000000,42581000000,16884000000,15.54,-161000000,128.18,80.6
2025-12-28,UPS,6.47,89483002000.0,15.54,None,1.094,18.66,538000000,None,1369000000,1369000000,-741000000,-378000000,None,None,-277000000,None,None,None,11000000,1115273775,None,32265000000,32265000000,2352000000,None,None,6154000000,None,None,1644000000,431000000,6.55,0.0651,436000000,436000000,None,-0.141,0.44,6247000000,7891000000,1.3,2007-06-30,13.64,2549000000,19410000000.0,10316000000,6075000000,2205000000,684000000,684000000,None,172000000,None,4407000000,None,None,3159000000,None,None,1104000000,None,None,None,0.102,1103000000,4125000000,6191000000,1533000000,3347000000,None,None,None,None,None,None,None,1.566,5.39,0.953,None,None,None,None,None,-853000000,None,0.0615,None,15289000000,2025-10-28,quarterly,1.74,USD,pre-market,None,17037000000,0.0712,0.336,-0.037,105.31,22517000000,3980000000,821000000,1672000000,95.42,94.73,33.8462,34947000000,10728000000,6793000000,18063000000,24219000000,11545000000,42581000000,16884000000,15.54,-161000000,128.18,80.6
2025-12-28,UPS,6.47,89483002000.0,15.54,None,1.094,18.66,668000000,None,1369000000,1369000000,-1474000000,-945000000,None,None,874000000,None,None,None,11000000,1115273775,None,32265000000,32265000000,2352000000,None,None,6154000000,None,None,1644000000,436000000,6.55,0.0651,830000000,830000000,None,-0.141,0.44,6247000000,7891000000,1.3,2007-03-31,13.64,2549000000,19410000000.0,10316000000,6075000000,2205000000,684000000,684000000,None,172000000,None,4407000000,None,None,3159000000,None,None,843000000,None,None,None,0.102,2493000000,4125000000,6191000000,1533000000,3347000000,None,None,None,None,None,None,None,1.566,5.39,0.953,None,None,None,None,None,-669000000,None,0.0615,None,15289000000,2025-10-28,quarterly,1.74,USD,pre-market,None,17037000000,0.0712,0.336,-0.037,105.31,22517000000,3980000000,821000000,1672000000,95.42,94.73,33.8462,34947000000,10728000000,6793000000,18063000000,24219000000,11545000000,42581000000,16884000000,15.54,-161000000,128.18,80.6
2025-12-28,UPS,6.47,89483002000.0,15.54,None,1.094,18.66,788000000,None,1369000000,1369000000,-1074000000,-794000000,None,None,-3145000000,None,None,None,11000000,1115273775,None,32265000000,32265000000,2352000000,None,None,6154000000,None,None,1644000000,432000000,6.55,0.0651,8000000,8000000,None,-0.141,0.44,6247000000,7891000000,1.3,2006-12-31,13.64,2549000000,19410000000.0,10316000000,6075000000,2205000000,684000000,684000000,None,172000000,None,4407000000,None,None,3159000000,None,None,1128000000,None,None,None,0.102,1513000000,4125000000,6191000000,1533000000,3347000000,None,None,None,None,None,None,None,1.566,5.39,0.953,None,None,None,None,None,-419000000,None,0.0615,None,15289000000,2025-10-28,quarterly,1.74,USD,pre-market,None,17037000000,0.0712,0.336,-0.037,105.31,22517000000,3980000000,821000000,1672000000,95.42,94.73,33.8462,34947000000,10728000000,6793000000,18063000000,24219000000,11545000000,42581000000,16884000000,15.54,-161000000,128.18,80.6
2025-12-28,UPS,6.47,89483002000.0,15.54,None,1.094,18.66,841000000,None,1369000000,1369000000,70000000,19000000,None,None,-2240000000,None,None,None,11000000,1115273775,None,32265000000,32265000000,2352000000,None,None,6154000000,None,None,1644000000,441000000,6.55,0.0651,401000000,401000000,None,-0.141,0.44,6247000000,7891000000,1.3,2006-09-30,13.64,2549000000,19410000000.0,10316000000,6075000000,2205000000,684000000,684000000,None,172000000,None,4407000000,None,None,3159000000,None,None,1038000000,None,None,None,0.102,112000000,4125000000,6191000000,1533000000,3347000000,None,None,None,None,None,None,None,1.566,5.39,0.953,None,None,None,None,None,-620000000,None,0.0615,None,15289000000,2025-10-28,quarterly,1.74,USD,pre-market,None,17037000000,0.0712,0.336,-0.037,105.31,22517000000,3980000000,821000000,1672000000,95.42,94.73,33.8462,34947000000,10728000000,6793000000,18063000000,24219000000,11545000000,42581000000,16884000000,15.54,-161000000,128.18,80.6
2025-12-28,UPS,6.47,89483002000.0,15.54,None,1.094,18.66,860000000,None,1369000000,1369000000,-1050000000,-587000000,None,None,-4363000000,None,None,None,11000000,1115273775,None,32265000000,32265000000,2352000000,None,None,6154000000,None,None,1644000000,436000000,6.55,0.0651,405000000,405000000,None,-0.141,0.44,6247000000,7891000000,1.3,2006-06-30,13.64,2549000000,19410000000.0,10316000000,6075000000,2205000000,684000000,684000000,None,172000000,None,4407000000,None,None,3159000000,None,None,1061000000,None,None,None,0.102,1436000000,4125000000,6191000000,1533000000,3347000000,None,None,None,None,None,None,None,1.566,5.39,0.953,None,None,None,None,None,-554000000,None,0.0615,None,15289000000,2025-10-28,quarterly,1.74,USD,pre-market,None,17037000000,0.0712,0.336,-0.037,105.31,22517000000,3980000000,821000000,1672000000,95.42,94.73,33.8462,34947000000,10728000000,6793000000,18063000000,24219000000,11545000000,42581000000,16884000000,15.54,-161000000,128.18,80.6
2025-12-28,UPS,6.47,89483002000.0,15.54,None,1.094,18.66,596000000,None,1369000000,1369000000,-1797000000,-978000000,None,None,1078000000,None,None,None,11000000,1115273775,None,32265000000,32265000000,2352000000,None,None,6154000000,None,None,1644000000,439000000,6.55,0.0651,763000000,763000000,None,-0.141,0.44,6247000000,7891000000,1.3,2006-03-31,13.64,2549000000,19410000000.0,10316000000,6075000000,2205000000,684000000,684000000,None,172000000,None,4407000000,None,None,3159000000,None,None,975000000,None,None,None,0.102,2528000000,4125000000,6191000000,1533000000,3347000000,None,None,None,None,None,None,None,1.566,5.39,0.953,None,None,None,None,None,-867000000,None,0.0615,None,15289000000,2025-10-28,quarterly,1.74,USD,pre-market,None,17037000000,0.0712,0.336,-0.037,105.31,22517000000,3980000000,821000000,1672000000,95.42,94.73,33.8462,34947000000,10728000000,6793000000,18063000000,24219000000,11545000000,42581000000,16884000000,15.54,-161000000,128.18,80.6
2025-12-28,UPS,6.47,89483002000.0,15.54,None,1.094,18.66,577000000,None,1369000000,1369000000,-1504000000,-77000000,None,None,-780000000,None,None,None,11000000,1115273775,None,32265000000,32265000000,2352000000,None,None,6154000000,None,None,1644000000,431000000,6.55,0.0651,1000000,1000000,None,-0.141,0.44,6247000000,7891000000,1.3,2005-12-31,13.64,2549000000,19410000000.0,10316000000,6075000000,2205000000,684000000,684000000,None,172000000,None,4407000000,None,None,3159000000,None,None,1049000000,None,None,None,0.102,1242000000,4125000000,6191000000,1533000000,3347000000,None,None,None,None,None,None,None,1.566,5.39,0.953,None,None,None,None,None,-525000000,None,0.0615,None,15289000000,2025-10-28,quarterly,1.74,USD,pre-market,None,17037000000,0.0712,0.336,-0.037,105.31,22517000000,3980000000,821000000,1672000000,95.42,94.73,33.8462,34947000000,10728000000,6793000000,18063000000,24219000000,11545000000,42581000000,16884000000,15.54,-161000000,128.18,80.6
2025-12-28,UPS,6.47,89483002000.0,15.54,None,1.094,18.66,567000000,None,1369000000,1369000000,-19000000,-9000000,None,None,-4297000000,None,None,None,11000000,1115273775,None,32265000000,32265000000,2352000000,None,None,6154000000,None,None,1644000000,412000000,6.55,0.0651,359000000,359000000,None,-0.141,0.44,6247000000,7891000000,1.3,2005-09-30,13.64,2549000000,19410000000.0,10316000000,6075000000,2205000000,684000000,684000000,None,172000000,None,4407000000,None,None,3159000000,None,None,953000000,None,None,None,0.102,471000000,4125000000,6191000000,1533000000,3347000000,None,None,None,None,None,None,None,1.566,5.39,0.953,None,None,None,None,None,-549000000,None,0.0615,None,15289000000,2025-10-28,quarterly,1.74,USD,pre-market,None,17037000000,0.0712,0.336,-0.037,105.31,22517000000,3980000000,821000000,1672000000,95.42,94.73,33.8462,34947000000,10728000000,6793000000,18063000000,24219000000,11545000000,42581000000,16884000000,15.54,-161000000,128.18,80.6
2025-12-28,UPS,6.47,89483002000.0,15.54,None,1.094,18.66,3909000000,None,1369000000,1369000000,-6850000000,-217000000,None,None,None,None,None,None,11000000,1115273775,None,32265000000,32265000000,2352000000,None,None,6154000000,None,None,1644000000,3609000000,6.55,0.0651,5399000000,5399000000,None,-0.141,0.44,6247000000,7891000000,1.3,2024-12-31,13.64,2549000000,19410000000.0,10316000000,6075000000,2205000000,684000000,684000000,None,172000000,None,4407000000,None,None,3159000000,None,None,5782000000,None,None,None,0.102,10122000000,4125000000,6191000000,1533000000,3347000000,None,None,None,None,None,None,None,1.566,5.39,0.953,None,None,None,None,None,-500000000,None,0.0615,None,15289000000,2025-10-28,annual,1.74,USD,pre-market,None,17037000000,0.0712,0.336,-0.037,105.31,22517000000,3980000000,821000000,1672000000,95.42,94.73,33.8462,34947000000,10728000000,6793000000,18063000000,24219000000,11545000000,42581000000,16884000000,15.54,-161000000,128.18,80.6
2025-12-28,UPS,6.47,89483002000.0,15.54,None,1.094,18.66,5158000000,None,1369000000,1369000000,-5534000000,-7133000000,None,None,None,None,None,None,11000000,1115273775,None,32265000000,32265000000,2352000000,None,None,6154000000,None,None,1644000000,3366000000,6.55,0.0651,5372000000,5372000000,None,-0.141,0.44,6247000000,7891000000,1.3,2023-12-31,13.64,2549000000,19410000000.0,10316000000,6075000000,2205000000,684000000,684000000,None,172000000,None,4407000000,None,None,3159000000,None,None,6708000000,None,None,None,0.102,10238000000,4125000000,6191000000,1533000000,3347000000,None,None,None,None,None,None,None,1.566,5.39,0.953,None,None,None,None,None,-2250000000,None,0.0615,None,15289000000,2025-10-28,annual,1.74,USD,pre-market,None,17037000000,0.0712,0.336,-0.037,105.31,22517000000,3980000000,821000000,1672000000,95.42,94.73,33.8462,34947000000,10728000000,6793000000,18063000000,24219000000,11545000000,42581000000,16884000000,15.54,-161000000,128.18,80.6
2025-12-28,UPS,6.47,89483002000.0,15.54,None,1.094,18.66,4769000000,None,1369000000,1369000000,-11185000000,-7472000000,-4553000000,None,None,None,None,-322000000,11000000,1115273775,None,32265000000,32265000000,2352000000,None,None,6154000000,None,None,1644000000,3188000000,6.55,0.0651,5114000000,5114000000,None,-0.141,0.44,6247000000,7891000000,1.3,2022-12-31,13.64,2549000000,19410000000.0,10316000000,6075000000,2205000000,684000000,684000000,None,172000000,None,4407000000,None,None,3159000000,None,None,11548000000,None,None,None,0.102,14104000000,4125000000,6191000000,1533000000,3347000000,None,None,None,None,None,None,None,1.566,5.39,0.953,None,None,None,None,None,-3500000000,None,0.0615,None,15289000000,2025-10-28,annual,1.74,USD,pre-market,None,17037000000,0.0712,0.336,-0.037,105.31,22517000000,3980000000,821000000,1672000000,95.42,94.73,33.8462,34947000000,10728000000,6793000000,18063000000,24219000000,11545000000,42581000000,16884000000,15.54,-161000000,128.18,80.6
2025-12-28,UPS,6.47,89483002000.0,15.54,None,1.094,18.66,4194000000,None,1369000000,1369000000,-6823000000,-3818000000,4366000000,None,None,None,None,-2147000000,11000000,1115273775,None,32265000000,32265000000,2352000000,None,None,6154000000,None,None,1644000000,2953000000,6.55,0.0651,3437000000,3437000000,None,-0.141,0.44,6247000000,7891000000,1.3,2021-12-31,13.64,2549000000,19410000000.0,10316000000,6075000000,2205000000,684000000,684000000,None,172000000,None,4407000000,None,None,3159000000,None,None,12890000000,None,None,None,0.102,15007000000,4125000000,6191000000,1533000000,3347000000,None,None,None,None,None,None,None,1.566,5.39,0.953,None,None,None,None,None,-500000000,None,0.0615,None,15289000000,2025-10-28,annual,1.74,USD,pre-market,None,17037000000,0.0712,0.336,-0.037,105.31,22517000000,3980000000,821000000,1672000000,95.42,94.73,33.8462,34947000000,10728000000,6793000000,18063000000,24219000000,11545000000,42581000000,16884000000,15.54,-161000000,128.18,80.6
2025-12-28,UPS,6.47,89483002000.0,15.54,None,1.094,18.66,5412000000,None,1369000000,1369000000,-4517000000,-5283000000,659000000,None,None,None,None,-1562000000,11000000,1115273775,None,32265000000,32265000000,2352000000,None,None,6154000000,None,None,1644000000,2698000000,6.55,0.0651,3374000000,3374000000,None,-0.141,0.44,6247000000,7891000000,1.3,2020-12-31,13.64,2549000000,19410000000.0,10316000000,6075000000,2205000000,684000000,684000000,None,172000000,None,4407000000,None,None,3159000000,None,None,1427000000,None,None,None,0.102,10459000000,4125000000,6191000000,1533000000,3347000000,None,None,None,None,None,None,None,1.566,5.39,0.953,None,None,None,None,None,-224000000,None,0.0615,None,15289000000,2025-10-28,annual,1.74,USD,pre-market,None,17037000000,0.0712,0.336,-0.037,105.31,22517000000,3980000000,821000000,1672000000,95.42,94.73,33.8462,34947000000,10728000000,6793000000,18063000000,24219000000,11545000000,42581000000,16884000000,15.54,-161000000,128.18,80.6
2025-12-28,UPS,6.47,89483002000.0,15.54,None,1.094,18.66,6380000000,None,1369000000,1369000000,-1727000000,-6061000000,851000000,None,None,None,None,-717000000,11000000,1115273775,None,32265000000,32265000000,2352000000,None,None,6154000000,None,None,1644000000,2360000000,6.55,0.0651,3194000000,3194000000,None,-0.141,0.44,6247000000,7891000000,1.3,2019-12-31,13.64,2549000000,19410000000.0,10316000000,6075000000,2205000000,684000000,684000000,None,172000000,None,4407000000,None,None,3159000000,None,None,4440000000,None,None,None,0.102,8639000000,4125000000,6191000000,1533000000,3347000000,None,None,None,None,None,None,None,1.566,5.39,0.953,None,None,None,None,None,-1004000000,None,0.0615,None,15289000000,2025-10-28,annual,1.74,USD,pre-market,None,17037000000,0.0712,0.336,-0.037,105.31,22517000000,3980000000,821000000,1672000000,95.42,94.73,33.8462,34947000000,10728000000,6793000000,18063000000,24219000000,11545000000,42581000000,16884000000,15.54,-161000000,128.18,80.6
2025-12-28,UPS,6.47,89483002000.0,15.54,None,1.094,18.66,6283000000,None,1369000000,1369000000,-5692000000,-6330000000,689000000,None,-694000000,None,None,-421000000,11000000,1115273775,None,32265000000,32265000000,2352000000,None,None,6154000000,None,None,1644000000,2207000000,6.55,0.0651,3011000000,3011000000,None,-0.141,0.44,6247000000,7891000000,1.3,2018-12-31,13.64,2549000000,19410000000.0,10316000000,6075000000,2205000000,684000000,684000000,None,172000000,None,4407000000,None,None,3159000000,None,None,4791000000,None,None,None,0.102,12711000000,4125000000,6191000000,1533000000,3347000000,None,None,None,None,None,None,None,1.566,5.39,0.953,None,None,None,None,None,-1011000000,None,0.0615,None,15289000000,2025-10-28,annual,1.74,USD,pre-market,None,17037000000,0.0712,0.336,-0.037,105.31,22517000000,3980000000,821000000,1672000000,95.42,94.73,33.8462,34947000000,10728000000,6793000000,18063000000,24219000000,11545000000,42581000000,16884000000,15.54,-161000000,128.18,80.6
2025-12-28,UPS,6.47,89483002000.0,15.54,None,1.094,18.66,5227000000,None,1369000000,1369000000,3287000000,-4975000000,-156000000,53000000,-3870000000,None,None,-1022000000,11000000,1115273775,None,32265000000,32265000000,2352000000,None,None,6154000000,None,None,1644000000,2282000000,6.55,0.0651,2771000000,2771000000,None,-0.141,0.44,6247000000,7891000000,1.3,2017-12-31,13.64,2549000000,19410000000.0,10316000000,6075000000,2205000000,684000000,684000000,None,172000000,None,4407000000,None,None,3159000000,None,None,4910000000,None,None,None,0.102,1479000000,4125000000,6191000000,1533000000,3347000000,None,None,None,None,None,None,None,1.566,5.39,0.953,None,None,None,None,None,-1813000000,None,0.0615,None,15289000000,2025-10-28,annual,1.74,USD,pre-market,None,17037000000,0.0712,0.336,-0.037,105.31,22517000000,3980000000,821000000,1672000000,95.42,94.73,33.8462,34947000000,10728000000,6793000000,18063000000,24219000000,11545000000,42581000000,16884000000,15.54,-161000000,128.18,80.6
2025-12-28,UPS,6.47,89483002000.0,15.54,None,1.094,18.66,2965000000,None,1369000000,1369000000,-3140000000,-2566000000,746000000,-21000000,-2585000000,None,None,-704000000,11000000,1115273775,None,32265000000,32265000000,2352000000,None,None,6154000000,None,None,1644000000,2224000000,6.55,0.0651,2643000000,2643000000,None,-0.141,0.44,6247000000,7891000000,1.3,2016-12-31,13.64,2549000000,19410000000.0,10316000000,6075000000,2205000000,684000000,684000000,None,172000000,None,4407000000,None,None,3159000000,None,None,3431000000,None,None,None,0.102,6473000000,4125000000,6191000000,1533000000,3347000000,None,None,None,None,None,None,None,1.566,5.39,0.953,None,None,None,None,None,-2678000000,None,0.0615,None,15289000000,2025-10-28,annual,1.74,USD,pre-market,None,17037000000,0.0712,0.336,-0.037,105.31,22517000000,3980000000,821000000,1672000000,95.42,94.73,33.8462,34947000000,10728000000,6793000000,18063000000,24219000000,11545000000,42581000000,16884000000,15.54,-161000000,128.18,80.6
2025-12-28,UPS,6.47,89483002000.0,15.54,None,1.094,18.66,2379000000,None,1369000000,1369000000,-1565000000,-5309000000,439000000,-117000000,-2167000000,None,None,-452000000,11000000,1115273775,None,32265000000,32265000000,2352000000,None,None,6154000000,None,None,1644000000,2084000000,6.55,0.0651,2525000000,2525000000,None,-0.141,0.44,6247000000,7891000000,1.3,2015-12-31,13.64,2549000000,19410000000.0,10316000000,6075000000,2205000000,684000000,684000000,None,172000000,None,4407000000,None,None,3159000000,None,None,4844000000,None,None,None,0.102,7430000000,4125000000,6191000000,1533000000,3347000000,None,None,None,None,None,None,None,1.566,5.39,0.953,None,None,None,None,None,-2702000000,None,0.0615,None,15289000000,2025-10-28,annual,1.74,USD,pre-market,None,17037000000,0.0712,0.336,-0.037,105.31,22517000000,3980000000,821000000,1672000000,95.42,94.73,33.8462,34947000000,10728000000,6793000000,18063000000,24219000000,11545000000,42581000000,16884000000,15.54,-161000000,128.18,80.6
2025-12-28,UPS,6.47,89483002000.0,15.54,None,1.094,18.66,2328000000,None,1369000000,1369000000,-5161000000,-2801000000,-2374000000,-138000000,-2634000000,None,None,-523000000,11000000,1115273775,None,32265000000,32265000000,2352000000,None,None,6154000000,None,None,1644000000,1923000000,6.55,0.0651,2366000000,2366000000,None,-0.141,0.44,6247000000,7891000000,1.3,2014-12-31,13.64,2549000000,19410000000.0,10316000000,6075000000,2205000000,684000000,684000000,None,172000000,None,4407000000,None,None,3159000000,None,None,3032000000,None,None,None,0.102,5726000000,4125000000,6191000000,1533000000,3347000000,None,None,None,None,None,None,None,1.566,5.39,0.953,None,None,None,None,None,-2695000000,None,0.0615,None,15289000000,2025-10-28,annual,1.74,USD,pre-market,None,17037000000,0.0712,0.336,-0.037,105.31,22517000000,3980000000,821000000,1672000000,95.42,94.73,33.8462,34947000000,10728000000,6793000000,18063000000,24219000000,11545000000,42581000000,16884000000,15.54,-161000000,128.18,80.6
2025-12-28,UPS,6.47,89483002000.0,15.54,None,1.094,18.66,2065000000,None,1369000000,1369000000,-7807000000,-2114000000,-2662000000,-45000000,-5993000000,None,None,-515000000,11000000,1115273775,None,32265000000,32265000000,2352000000,None,None,6154000000,None,None,1644000000,1867000000,6.55,0.0651,2260000000,2260000000,None,-0.141,0.44,6247000000,7891000000,1.3,2013-12-31,13.64,2549000000,19410000000.0,10316000000,6075000000,2205000000,684000000,684000000,None,172000000,None,4407000000,None,None,3159000000,None,None,4372000000,None,None,None,0.102,7304000000,4125000000,6191000000,1533000000,3347000000,None,None,None,None,None,None,None,1.566,5.39,0.953,None,None,None,None,None,-3838000000,None,0.0615,None,15289000000,2025-10-28,annual,1.74,USD,pre-market,None,17037000000,0.0712,0.336,-0.037,105.31,22517000000,3980000000,821000000,1672000000,95.42,94.73,33.8462,34947000000,10728000000,6793000000,18063000000,24219000000,11545000000,42581000000,16884000000,15.54,-161000000,128.18,80.6
2025-12-28,UPS,6.47,89483002000.0,15.54,None,1.094,18.66,2153000000,None,1369000000,1369000000,-1817000000,-1335000000,4293000000,229000000,-6887000000,None,None,-124000000,11000000,1115273775,None,32265000000,32265000000,2352000000,None,None,6154000000,None,None,1644000000,1858000000,6.55,0.0651,2130000000,2130000000,None,-0.141,0.44,6247000000,7891000000,1.3,2012-12-31,13.64,2549000000,19410000000.0,10316000000,6075000000,2205000000,684000000,684000000,None,172000000,None,4407000000,None,None,3159000000,None,None,807000000,None,None,None,0.102,7216000000,4125000000,6191000000,1533000000,3347000000,None,None,None,None,None,None,None,1.566,5.39,0.953,None,None,None,None,None,-1621000000,None,0.0615,None,15289000000,2025-10-28,annual,1.74,USD,pre-market,None,17037000000,0.0712,0.336,-0.037,105.31,22517000000,3980000000,821000000,1672000000,95.42,94.73,33.8462,34947000000,10728000000,6793000000,18063000000,24219000000,11545000000,42581000000,16884000000,15.54,-161000000,128.18,80.6
2025-12-28,UPS,6.47,89483002000.0,15.54,None,1.094,18.66,2005000000,None,1369000000,1369000000,-4862000000,-2537000000,-336000000,-10000000,-5138000000,None,None,-657000000,11000000,1115273775,None,32265000000,32265000000,2352000000,None,None,6154000000,None,None,1644000000,1782000000,6.55,0.0651,1997000000,1997000000,None,-0.141,0.44,6247000000,7891000000,1.3,2011-12-31,13.64,2549000000,19410000000.0,10316000000,6075000000,2205000000,684000000,684000000,None,172000000,None,4407000000,None,None,3159000000,None,None,3804000000,None,None,None,0.102,7073000000,4125000000,6191000000,1533000000,3347000000,None,None,None,None,None,None,None,1.566,5.39,0.953,None,None,None,None,None,-2665000000,None,0.0615,None,15289000000,2025-10-28,annual,1.74,USD,pre-market,None,17037000000,0.0712,0.336,-0.037,105.31,22517000000,3980000000,821000000,1672000000,95.42,94.73,33.8462,34947000000,10728000000,6793000000,18063000000,24219000000,11545000000,42581000000,16884000000,15.54,-161000000,128.18,80.6
2025-12-28,UPS,6.47,89483002000.0,15.54,None,1.094,18.66,1389000000,None,1369000000,1369000000,-1346000000,-654000000,1828000000,-7000000,-6059000000,None,None,-532000000,11000000,1115273775,None,32265000000,32265000000,2352000000,None,None,6154000000,None,None,1644000000,1792000000,6.55,0.0651,1818000000,1818000000,None,-0.141,0.44,6247000000,7891000000,1.3,2010-12-31,13.64,2549000000,19410000000.0,10316000000,6075000000,2205000000,684000000,684000000,None,172000000,None,4407000000,None,None,3159000000,None,None,3488000000,None,None,None,0.102,3835000000,4125000000,6191000000,1533000000,3347000000,None,None,None,None,None,None,None,1.566,5.39,0.953,None,None,None,None,None,-817000000,None,0.0615,None,15289000000,2025-10-28,annual,1.74,USD,pre-market,None,17037000000,0.0712,0.336,-0.037,105.31,22517000000,3980000000,821000000,1672000000,95.42,94.73,33.8462,34947000000,10728000000,6793000000,18063000000,24219000000,11545000000,42581000000,16884000000,15.54,-161000000,128.18,80.6
2025-12-28,UPS,6.47,89483002000.0,15.54,None,1.094,18.66,1602000000,None,1369000000,1369000000,-3045000000,-1248000000,1035000000,43000000,-2791000000,None,None,-30000000,11000000,1115273775,None,32265000000,32265000000,2352000000,None,None,6154000000,None,None,1644000000,1747000000,6.55,0.0651,1751000000,1751000000,None,-0.141,0.44,6247000000,7891000000,1.3,2009-12-31,13.64,2549000000,19410000000.0,10316000000,6075000000,2205000000,684000000,684000000,None,172000000,None,4407000000,None,None,3159000000,None,None,2152000000,None,None,None,0.102,5285000000,4125000000,6191000000,1533000000,3347000000,None,None,None,None,None,None,None,1.566,5.39,0.953,None,None,None,None,None,-561000000,None,0.0615,None,15289000000,2025-10-28,annual,1.74,USD,pre-market,None,17037000000,0.0712,0.336,-0.037,105.31,22517000000,3980000000,821000000,1672000000,95.42,94.73,33.8462,34947000000,10728000000,6793000000,18063000000,24219000000,11545000000,42581000000,16884000000,15.54,-161000000,128.18,80.6
2025-12-28,UPS,6.47,89483002000.0,15.54,None,1.094,18.66,2636000000,None,1369000000,1369000000,-6702000000,-3179000000,None,None,-151000000,None,None,None,11000000,1115273775,None,32265000000,32265000000,2352000000,None,None,6154000000,None,None,1644000000,1814000000,6.55,0.0651,2219000000,2219000000,None,-0.141,0.44,6247000000,7891000000,1.3,2008-12-31,13.64,2549000000,19410000000.0,10316000000,6075000000,2205000000,684000000,684000000,None,172000000,None,4407000000,None,None,3159000000,None,None,3003000000,None,None,None,0.102,8426000000,4125000000,6191000000,1533000000,3347000000,None,None,None,None,None,None,None,1.566,5.39,0.953,None,None,None,None,None,-3570000000,None,0.0615,None,15289000000,2025-10-28,annual,1.74,USD,pre-market,None,17037000000,0.0712,0.336,-0.037,105.31,22517000000,3980000000,821000000,1672000000,95.42,94.73,33.8462,34947000000,10728000000,6793000000,18063000000,24219000000,11545000000,42581000000,16884000000,15.54,-161000000,128.18,80.6
2025-12-28,UPS,6.47,89483002000.0,15.54,None,1.094,18.66,2820000000,None,1369000000,1369000000,2297000000,-2199000000,None,None,-2950000000,None,None,None,11000000,1115273775,None,32265000000,32265000000,2352000000,None,None,6154000000,None,None,1644000000,1745000000,6.55,0.0651,1703000000,1703000000,None,-0.141,0.44,6247000000,7891000000,1.3,2007-12-31,13.64,2549000000,19410000000.0,10316000000,6075000000,2205000000,684000000,684000000,None,172000000,None,4407000000,None,None,3159000000,None,None,382000000,None,None,None,0.102,1123000000,4125000000,6191000000,1533000000,3347000000,None,None,None,None,None,None,None,1.566,5.39,0.953,None,None,None,None,None,-2639000000,None,0.0615,None,15289000000,2025-10-28,annual,1.74,USD,pre-market,None,17037000000,0.0712,0.336,-0.037,105.31,22517000000,3980000000,821000000,1672000000,95.42,94.73,33.8462,34947000000,10728000000,6793000000,18063000000,24219000000,11545000000,42581000000,16884000000,15.54,-161000000,128.18,80.6
2025-12-28,UPS,6.47,89483002000.0,15.54,None,1.094,18.66,3085000000,None,1369000000,1369000000,-3851000000,-2340000000,None,None,-15000000,None,None,None,11000000,1115273775,None,32265000000,32265000000,2352000000,None,None,6154000000,None,None,1644000000,1748000000,6.55,0.0651,1577000000,1577000000,None,-0.141,0.44,6247000000,7891000000,1.3,2006-12-31,13.64,2549000000,19410000000.0,10316000000,6075000000,2205000000,684000000,684000000,None,172000000,None,4407000000,None,None,3159000000,None,None,4202000000,None,None,None,0.102,5589000000,4125000000,6191000000,1533000000,3347000000,None,None,None,None,None,None,None,1.566,5.39,0.953,None,None,None,None,None,-2460000000,None,0.0615,None,15289000000,2025-10-28,annual,1.74,USD,pre-market,None,17037000000,0.0712,0.336,-0.037,105.31,22517000000,3980000000,821000000,1672000000,95.42,94.73,33.8462,34947000000,10728000000,6793000000,18063000000,24219000000,11545000000,42581000000,16884000000,15.54,-161000000,128.18,80.6
2025-12-28,UPS,6.47,89483002000.0,15.54,None,1.094,18.66,2187000000,None,1369000000,1369000000,-4175000000,-975000000,None,None,-30000000,None,None,None,11000000,1115273775,None,32265000000,32265000000,2352000000,None,None,6154000000,None,None,1644000000,1644000000,6.55,0.0651,1391000000,1391000000,None,-0.141,0.44,6247000000,7891000000,1.3,2005-12-31,13.64,2549000000,19410000000.0,10316000000,6075000000,2205000000,684000000,684000000,None,172000000,None,4407000000,None,None,3159000000,None,None,3870000000,None,None,None,0.102,5793000000,4125000000,6191000000,1533000000,3347000000,None,None,None,None,None,None,None,1.566,5.39,0.953,None,None,None,None,None,-2479000000,None,0.0615,None,15289000000,2025-10-28,annual,1.74,USD,pre-market,None,17037000000,0.0712,0.336,-0.037,105.31,22517000000,3980000000,821000000,1672000000,95.42,94.73,33.8462,34947000000,10728000000,6793000000,18063000000,24219000000,11545000000,42581000000,16884000000,15.54,-161000000,128.18,80.6
