date,symbol,eps,revenue_ttm,pe_ratio,accumulateddepreciationamortizationppe,beta,book_value,capitalexpenditures,capitalleaseobligations,cashandcashequivalentsatcarryingvalue,cashandshortterminvestments,cashflowfromfinancing,cashflowfrominvestment,changeincashandcashequivalents,changeinexchangerate,changeininventory,changeinoperatingassets,changeinoperatingliabilities,changeinreceivables,commonstock,commonstocksharesoutstanding,comprehensiveincomenetoftax,costofgoodsandservicessold,costofrevenue,currentaccountspayable,currentdebt,currentlongtermdebt,currentnetreceivables,deferredrevenue,depreciation,depreciationandamortization,depreciationdepletionandamortization,dividend_per_share,dividend_yield,dividendpayout,dividendpayoutcommonstock,dividendpayoutpreferredstock,earnings_growth_yoy,earnings_surprise,ebit,ebitda,estimated_eps,fiscaldateending,forward_pe,goodwill,gross_profit_ttm,grossprofit,incomebeforetax,incometaxexpense,intangibleassets,intangibleassetsexcludinggoodwill,interestanddebtexpense,interestexpense,interestincome,inventory,investmentincomenet,investments,longtermdebt,longtermdebtnoncurrent,longterminvestments,netincome,netincomefromcontinuingoperations,netinterestincome,noninterestincome,operating_margin_ttm,operatingcashflow,operatingexpenses,operatingincome,othercurrentassets,othercurrentliabilities,othernoncurrentassets,othernoncurrentliabilities,othernonoperatingincome,paymentsforoperatingactivities,paymentsforrepurchaseofcommonstock,paymentsforrepurchaseofequity,paymentsforrepurchaseofpreferredstock,peg_ratio,price_to_book,price_to_sales_ttm,proceedsfromissuanceofcommonstock,proceedsfromissuanceoflongtermdebtandcapitalsecuritiesnet,proceedsfromissuanceofpreferredstock,proceedsfromoperatingactivities,proceedsfromrepaymentsofshorttermdebt,proceedsfromrepurchaseofequity,proceedsfromsaleoftreasurystock,profit_margin,profitloss,propertyplantequipment,report_date,report_type,reported_eps,reportedcurrency,reporttime,researchanddevelopment,retainedearnings,return_on_assets_ttm,return_on_equity_ttm,revenue_growth_yoy,revenue_per_share_ttm,sellinggeneralandadministrative,shortlongtermdebttotal,shorttermdebt,shortterminvestments,sma_200,sma_50,surprise_pct,totalassets,totalcurrentassets,totalcurrentliabilities,totalliabilities,totalnoncurrentassets,totalnoncurrentliabilities,totalrevenue,totalshareholderequity,trailing_pe,treasurystock,week_52_high,week_52_low
1998-03-31,URI,,,,,,,,,,,,,,,,,,,,,,,,,,,,,,,,,,,,,,0.02,,,0.07,,,,,,,,,,,,,,,,,,,,,,,,,,,,,,,,,,,,,,,,,,,,,,,,,1998-04-28,,0.09,,pre-market,,,,,,,,,,,,,28.5714,,,,,,,,,,,,
1998-06-30,URI,,,,,,,,,,,,,,,,,,,,,,,,,,,,,,,,,,,,,,-0.01,,,0.15,,,,,,,,,,,,,,,,,,,,,,,,,,,,,,,,,,,,,,,,,,,,,,,,,1998-07-28,,0.14,,pre-market,,,,,,,,,,,,,-6.6667,,,,,,,,,,,,
1998-09-30,URI,,,,,,,,,,,,,,,,,,,,,,,,,,,,,,,,,,,,,,0.07,,,0.25,,,,,,,,,,,,,,,,,,,,,,,,,,,,,,,,,,,,,,,,,,,,,,,,,1998-10-29,,0.32,,pre-market,,,,,,,,,,,,,28.0,,,,,,,,,,,,
1998-12-31,URI,,,,,,,,,,,,,,,,,,,,,,,,,,,,,,,,,,,,,,0.04,,,0.29,,,,,,,,,,,,,,,,,,,,,,,,,,,,,,,,,,,,,,,,,,,,,,,,,1999-02-17,,0.33,,pre-market,,,,,,,,,,,,,13.7931,,,,,,,,,,,,
1999-03-31,URI,,,,,,,,,,,,,,,,,,,,,,,,,,,,,,,,,,,,,,0.02,,,0.16,,,,,,,,,,,,,,,,,,,,,,,,,,,,,,,,,,,,,,,,,,,,,,,,,1999-04-27,,0.18,,pre-market,,,,,,,,,,,,,12.5,,,,,,,,,,,,
1999-06-30,URI,,,,,,,,,,,,,,,,,,,,,,,,,,,,,,,,,,,,,,0.02,,,0.38,,,,,,,,,,,,,,,,,,,,,,,,,,,,,,,,,,,,,,,,,,,,,,,,,1999-07-27,,0.4,,pre-market,,,,,,,,,,,,,5.2632,,,,,,,,,,,,
1999-09-30,URI,,,,,,,,,,,,,,,,,,,,,,,,,,,,,,,,,,,,,,0.01,,,0.59,,,,,,,,,,,,,,,,,,,,,,,,,,,,,,,,,,,,,,,,,,,,,,,,,1999-10-28,,0.6,,pre-market,,,,,,,,,,,,,1.6949,,,,,,,,,,,,
1999-12-31,URI,,,,,,,,,,,,,,,,,,,,,,,,,,,,,,,,,,,,,,0.01,,,0.47,,,,,,,,,,,,,,,,,,,,,,,,,,,,,,,,,,,,,,,,,,,,,,,,,2000-02-29,,0.48,,pre-market,,,,,,,,,,,,,2.1277,,,,,,,,,,,,
2000-03-31,URI,,,,,,,,,,,,,,,,,,,,,,,,,,,,,,,,,,,,,,0.0,,,0.19,,,,,,,,,,,,,,,,,,,,,,,,,,,,,,,,,,,,,,,,,,,,,,,,,2000-04-27,,0.19,,pre-market,,,,,,,,,,,,,0.0,,,,,,,,,,,,
2000-06-30,URI,,,,,,,,,,,,,,,,,,,,,,,,,,,,,,,,,,,,,,0.0,,,0.51,,,,,,,,,,,,,,,,,,,,,,,,,,,,,,,,,,,,,,,,,,,,,,,,,2000-07-27,,0.51,,pre-market,,,,,,,,,,,,,0.0,,,,,,,,,,,,
2000-09-30,URI,,,,,,,,,,,,,,,,,,,,,,,,,,,,,,,,,,,,,,0.0,,,0.79,,,,,,,,,,,,,,,,,,,,,,,,,,,,,,,,,,,,,,,,,,,,,,,,,2000-10-27,,0.79,,pre-market,,,,,,,,,,,,,0.0,,,,,,,,,,,,
2000-12-31,URI,,,,,,,,,,,,,,,,,,,,,,,,,,,,,,,,,,,,,,0.0,,,0.4,,,,,,,,,,,,,,,,,,,,,,,,,,,,,,,,,,,,,,,,,,,,,,,,,2001-02-28,,0.4,,pre-market,,,,,,,,,,,,,0.0,,,,,,,,,,,,
2001-03-31,URI,,,,,,,,,,,,,,,,,,,,,,,,,,,,,,,,,,,,,,0.01,,,0.03,,,,,,,,,,,,,,,,,,,,,,,,,,,,,,,,,,,,,,,,,,,,,,,,,2001-04-27,,0.04,,pre-market,,,,,,,,,,,,,33.3333,,,,,,,,,,,,
2001-06-30,URI,,,,,,,,,,,,,,,,,,,,,,,,,,,,,,,,,,,,,,0.0,,,0.52,,,,,,,,,,,,,,,,,,,,,,,,,,,,,,,,,,,,,,,,,,,,,,,,,2001-07-25,,0.52,,pre-market,,,,,,,,,,,,,0.0,,,,,,,,,,,,
2001-09-30,URI,,,,,,,,,,,,,,,,,,,,,,,,,,,,,,,,,,,,,,0.0,,,0.63,,,,,,,,,,,,,,,,,,,,,,,,,,,,,,,,,,,,,,,,,,,,,,,,,2001-10-25,,0.63,,pre-market,,,,,,,,,,,,,0.0,,,,,,,,,,,,
2001-12-31,URI,,,,,,,,,,,,,,,,,,,,,,,,,,,,,,,,,,,,,,0.01,,,0.33,,,,,,,,,,,,,,,,,,,,,,,,,,,,,,,,,,,,,,,,,,,,,,,,,2002-02-26,,0.34,,pre-market,,,,,,,,,,,,,3.0303,,,,,,,,,,,,
2002-03-31,URI,,,,,,,,,,,,,,,,,,,,,,,,,,,,,,,,,,,,,,0.0,,,0.08,,,,,,,,,,,,,,,,,,,,,,,,,,,,,,,,,,,,,,,,,,,,,,,,,2002-04-24,,0.08,,pre-market,,,,,,,,,,,,,0.0,,,,,,,,,,,,
2002-06-30,URI,,,,,,,,,,,,,,,,,,,,,,,,,,,,,,,,,,,,,,-0.01,,,0.52,,,,,,,,,,,,,,,,,,,,,,,,,,,,,,,,,,,,,,,,,,,,,,,,,2002-07-24,,0.51,,pre-market,,,,,,,,,,,,,-1.9231,,,,,,,,,,,,
2002-09-30,URI,,,,,,,,,,,,,,,,,,,,,,,,,,,,,,,,,,,,,,-0.04,,,0.47,,,,,,,,,,,,,,,,,,,,,,,,,,,,,,,,,,,,,,,,,,,,,,,,,2002-10-23,,0.43,,pre-market,,,,,,,,,,,,,-8.5106,,,,,,,,,,,,
2002-12-31,URI,,,,,,,,,,,,,,,,,,,,,,,,,,,,,,,,,,,,,,-0.02,,,0.11,,,,,,,,,,,,,,,,,,,,,,,,,,,,,,,,,,,,,,,,,,,,,,,,,2003-02-24,,0.09,,pre-market,,,,,,,,,,,,,-18.1818,,,,,,,,,,,,
2003-03-31,URI,,,,,,,,,,,,,,,,,,,,,,,,,,,,,,,,,,,,,,-0.04,,,-0.07,,,,,,,,,,,,,,,,,,,,,,,,,,,,,,,,,,,,,,,,,,,,,,,,,2003-04-24,,-0.11,,pre-market,,,,,,,,,,,,,-57.1429,,,,,,,,,,,,
2003-06-30,URI,,,,,,,,,,,,,,,,,,,,,,,,,,,,,,,,,,,,,,-0.08,,,0.33,,,,,,,,,,,,,,,,,,,,,,,,,,,,,,,,,,,,,,,,,,,,,,,,,2003-07-24,,0.25,,pre-market,,,,,,,,,,,,,-24.2424,,,,,,,,,,,,
2003-09-30,URI,,,,,,,,,,,,,,,,,,,,,,,,,,,,,,,,,,,,,,0.04,,,0.4,,,,,,,,,,,,,,,,,,,,,,,,,,,,,,,,,,,,,,,,,,,,,,,,,2003-10-23,,0.44,,pre-market,,,,,,,,,,,,,10.0,,,,,,,,,,,,
2003-12-31,URI,,,,,,,,,,,,,,,,,,,,,,,,,,,,,,,,,,,,,,-0.01,,,0.16,,,,,,,,,,,,,,,,,,,,,,,,,,,,,,,,,,,,,,,,,,,,,,,,,2004-02-25,,0.15,,pre-market,,,,,,,,,,,,,-6.25,,,,,,,,,,,,
2004-03-31,URI,,,,,,,,,,,,,,,,,,,,,,,,,,,,,,,,,,,,,,0.02,,,-0.1,,,,,,,,,,,,,,,,,,,,,,,,,,,,,,,,,,,,,,,,,,,,,,,,,2004-04-22,,-0.08,,pre-market,,,,,,,,,,,,,20.0,,,,,,,,,,,,
2004-06-30,URI,,,,,,,,,,,,,,,,,,,,,,,,,,,,,,,,,,,,,,0.07,,,0.35,,,,,,,,,,,,,,,,,,,,,,,,,,,,,,,,,,,,,,,,,,,,,,,,,2004-07-21,,0.42,,pre-market,,,,,,,,,,,,,20.0,,,,,,,,,,,,
2004-09-30,URI,,,,,,,,,,,,,,,,,,,,,,,,,,,,,,,,,,,,,,0.0,,,0.58,,,,,,,,,,,,,,,,,,,,,,,,,,,,,,,,,,,,,,,,,,,,,,,,,2004-10-20,,0.58,,pre-market,,,,,,,,,,,,,0.0,,,,,,,,,,,,
2004-12-31,URI,,,,,,,,,,,,,,,,,,,,,,,,,,,,,,,,,,,,,,-0.01,,,0.26,,,,,,,,,,,,,,,,,,,,,,,,,,,,,,,,,,,,,,,,,,,,,,,,,2005-02-15,,0.25,,pre-market,,,,,,,,,,,,,-3.8462,,,,,,,,,,,,
2005-03-31,URI,,,,,,,,,,,,,,,,,,,,,,,,,,,,,,,,,,,,,,-0.02,,,0.13,,,,,,,,,,,,,,,,,,,,,,,,,,,,,,,,,,,,,,,,,,,,,,,,,2005-05-04,,0.11,,pre-market,,,,,,,,,,,,,-15.3846,,,,,,,,,,,,
2005-06-30,URI,,,,,,,,,,,,,,,,,,,,,,,,,,,,,,,,,,,,,,-0.02,,,0.5,,,,,,,,,,,,,,,,,,,,,,,,,,,,,,,,,,,,,,,,,,,,,,,,,2005-08-09,,0.48,,pre-market,,,,,,,,,,,,,-4.0,,,,,,,,,,,,
2005-09-30,URI,,,,,,,,,,,,,,,,,,,,,,,,,,,,,,,,,,,,,,0.05,,,0.66,,,,,,,,,,,,,,,,,,,,,,,,,,,,,,,,,,,,,,,,,,,,,,,,,2005-11-01,,0.71,,pre-market,,,,,,,,,,,,,7.5758,,,,,,,,,,,,
2005-12-31,URI,,,,,,,,,,,,,,,,,,,,,,,,,,,,,,,,,,,,,,0.17,,,0.31,,,,,,,,,,,,,,,,,,,,,,,,,,,,,,,,,,,,,,,,,,,,,,,,,2006-03-07,,0.48,,pre-market,,,,,,,,,,,,,54.8387,,,,,,,,,,,,
2006-03-31,URI,,,,,,,,,,,,,,,,,,,,,,,,,,,,,,,,,,,,,,0.0,,,0.19,,,,,,,,,,,,,,,,,,,,,,,,,,,,,,,,,,,,,,,,,,,,,,,,,2006-05-09,,0.19,,pre-market,,,,,,,,,,,,,0.0,,,,,,,,,,,,
2006-06-30,URI,,,,,,,,,,,,,,,,,,,,,,,,,,,,,,,,,,,,,,-0.07,,,0.63,,,,,,,,,,,,,,,,,,,,,,,,,,,,,,,,,,,,,,,,,,,,,,,,,2006-08-07,,0.56,,pre-market,,,,,,,,,,,,,-11.1111,,,,,,,,,,,,
2006-09-30,URI,,,,,,,,,,,,,,,,,,,,,,,,,,,,,,,,,,,,,,0.01,,,0.87,,,,,,,,,,,,,,,,,,,,,,,,,,,,,,,,,,,,,,,,,,,,,,,,,2006-10-31,,0.88,,pre-market,,,,,,,,,,,,,1.1494,,,,,,,,,,,,
2006-12-31,URI,,,,,,,,,,,,,,,,,,,,,,,,,,,,,,,,,,,,,,0.07,,,0.64,,,,,,,,,,,,,,,,,,,,,,,,,,,,,,,,,,,,,,,,,,,,,,,,,2007-02-26,,0.71,,pre-market,,,,,,,,,,,,,10.9375,,,,,,,,,,,,
2007-03-31,URI,,,,,,,,,,,,,,,,,,,,,,,,,,,,,,,,,,,,,,0.02,,,0.28,,,,,,,,,,,,,,,,,,,,,,,,,,,,,,,,,,,,,,,,,,,,,,,,,2007-05-02,,0.3,,pre-market,,,,,,,,,,,,,7.1429,,,,,,,,,,,,
2007-06-30,URI,,,,,,,,,,,,,,,,,,,,,,,,,,,,,,,,,,,,,,-0.05,,,0.65,,,,,,,,,,,,,,,,,,,,,,,,,,,,,,,,,,,,,,,,,,,,,,,,,2007-08-01,,0.6,,pre-market,,,,,,,,,,,,,-7.6923,,,,,,,,,,,,
2007-09-30,URI,,,,,,,,,,,,,,,,,,,,,,,,,,,,,,,,,,,,,,0.01,,,0.93,,,,,,,,,,,,,,,,,,,,,,,,,,,,,,,,,,,,,,,,,,,,,,,,,2007-10-31,,0.94,,pre-market,,,,,,,,,,,,,1.0753,,,,,,,,,,,,
2007-12-31,URI,,,,,,,,,,,,,,,,,,,,,,,,,,,,,,,,,,,,,,0.11,,,0.73,,,,,,,,,,,,,,,,,,,,,,,,,,,,,,,,,,,,,,,,,,,,,,,,,2008-02-28,,0.84,,pre-market,,,,,,,,,,,,,15.0685,,,,,,,,,,,,
2008-03-31,URI,,,,,,,,,,,,,,,,,,,,,,,,,,,,,,,,,,,,,,0.0,,,0.34,,,,,,,,,,,,,,,,,,,,,,,,,,,,,,,,,,,,,,,,,,,,,,,,,2008-04-29,,0.34,,pre-market,,,,,,,,,,,,,0.0,,,,,,,,,,,,
2008-06-30,URI,,,,,,,,,,,,,,,,,,,,,,,,,,,,,,,,,,,,,,-0.05,,,0.67,,,,,,,,,,,,,,,,,,,,,,,,,,,,,,,,,,,,,,,,,,,,,,,,,2008-07-29,,0.62,,pre-market,,,,,,,,,,,,,-7.4627,,,,,,,,,,,,
2008-09-30,URI,,,,,,,,,,,,,,,,,,,,,,,,,,,,,,,,,,,,,,-0.15,,,1.13,,,,,,,,,,,,,,,,,,,,,,,,,,,,,,,,,,,,,,,,,,,,,,,,,2008-10-28,,0.98,,pre-market,,,,,,,,,,,,,-13.2743,,,,,,,,,,,,
2008-12-31,URI,,,,,,,,,,,,,,,,,,,,,,,,,,,,,,,,,,,,,,0.14,,,0.51,,,,,,,,,,,,,,,,,,,,,,,,,,,,,,,,,,,,,,,,,,,,,,,,,2009-02-25,,0.65,,pre-market,,,,,,,,,,,,,27.451,,,,,,,,,,,,
2009-03-31,URI,,,,,,,,,,,,,,,,,,,,,,,,,,,,,,,,,,,,,,-0.11,,,-0.17,,,,,,,,,,,,,,,,,,,,,,,,,,,,,,,,,,,,,,,,,,,,,,,,,2009-04-29,,-0.28,,pre-market,,,,,,,,,,,,,-64.7059,,,,,,,,,,,,
2009-06-30,URI,,,,,,,,,,,,,,,,,,,,,,,,,,,,,,,,,,,,,,-0.06,,,-0.18,,,,,,,,,,,,,,,,,,,,,,,,,,,,,,,,,,,,,,,,,,,,,,,,,2009-07-29,,-0.24,,pre-market,,,,,,,,,,,,,-33.3333,,,,,,,,,,,,
2009-09-30,URI,,,,,,,,,,,,,,,,,,,,,,,,,,,,,,,,,,,,,,0.16,,,-0.15,,,,,,,,,,,,,,,,,,,,,,,,,,,,,,,,,,,,,,,,,,,,,,,,,2009-10-28,,0.01,,pre-market,,,,,,,,,,,,,106.6667,,,,,,,,,,,,
2009-12-31,URI,,,,,,,,,,,,,,,,,,,,,,,,,,,,,,,,,,,,,,-0.01,,,-0.2,,,,,,,,,,,,,,,,,,,,,,,,,,,,,,,,,,,,,,,,,,,,,,,,,2010-02-03,,-0.21,,pre-market,,,,,,,,,,,,,-5.0,,,,,,,,,,,,
2010-03-31,URI,,,,,,,,,,,,,,,,,,,,,,,,,,,,,,,,,,,,,,0.04,,,-0.61,,,,,,,,,,,,,,,,,,,,,,,,,,,,,,,,,,,,,,,,,,,,,,,,,2010-04-21,,-0.57,,pre-market,,,,,,,,,,,,,6.5574,,,,,,,,,,,,
2010-06-30,URI,,,,,,,,,,,,,,,,,,,,,,,,,,,,,,,,,,,,,,0.54,,,-0.29,,,,,,,,,,,,,,,,,,,,,,,,,,,,,,,,,,,,,,,,,,,,,,,,,2010-07-20,,0.25,,pre-market,,,,,,,,,,,,,186.2069,,,,,,,,,,,,
2010-09-30,URI,,,,,,,,,,,,,,,,,,,,,,,,,,,,,,,,,,,,,,0.15,,,0.25,,,,,,,,,,,,,,,,,,,,,,,,,,,,,,,,,,,,,,,,,,,,,,,,,2010-10-19,,0.4,,pre-market,,,,,,,,,,,,,60.0,,,,,,,,,,,,
2010-12-31,URI,,,,,,,,,,,,,,,,,,,,,,,,,,,,,,,,,,,,,,-0.02,,,0.18,,,,,,,,,,,,,,,,,,,,,,,,,,,,,,,,,,,,,,,,,,,,,,,,,2011-02-01,,0.16,,pre-market,,,,,,,,,,,,,-11.1111,,,,,,,,,,,,
2011-03-31,URI,,,,,,,,,,,,,,,,,,,,,,,,,,,,,,,,,,,,,,-0.2,,,-0.12,,,,,,,,,,,,,,,,,,,,,,,,,,,,,,,,,,,,,,,,,,,,,,,,,2011-04-19,,-0.32,,pre-market,,,,,,,,,,,,,-166.6667,,,,,,,,,,,,
2011-06-30,URI,,,,,,,,,,,,,,,,,,,,,,,,,,,,,,,,,,,,,,-0.03,,,0.43,,,,,,,,,,,,,,,,,,,,,,,,,,,,,,,,,,,,,,,,,,,,,,,,,2011-07-19,,0.4,,pre-market,,,,,,,,,,,,,-6.9767,,,,,,,,,,,,
2011-09-30,URI,,,,,,,,,,,,,,,,,,,,,,,,,,,,,,,,,,,,,,0.16,,,0.76,,,,,,,,,,,,,,,,,,,,,,,,,,,,,,,,,,,,,,,,,,,,,,,,,2011-10-18,,0.92,,pre-market,,,,,,,,,,,,,21.0526,,,,,,,,,,,,
2011-12-31,URI,,,,,,,,,,,,,,,,,,,,,,,,,,,,,,,,,,,,,,0.2,,,0.62,,,,,,,,,,,,,,,,,,,,,,,,,,,,,,,,,,,,,,,,,,,,,,,,,2012-01-25,,0.82,,pre-market,,,,,,,,,,,,,32.2581,,,,,,,,,,,,
2012-03-31,URI,,,,,,,,,,,,,,,,,,,,,,,,,,,,,,,,,,,,,,0.31,,,0.05,,,,,,,,,,,,,,,,,,,,,,,,,,,,,,,,,,,,,,,,,,,,,,,,,2012-04-17,,0.36,,pre-market,,,,,,,,,,,,,620.0,,,,,,,,,,,,
2012-06-30,URI,,,,,,,,,,,,,,,,,,,,,,,,,,,,,,,,,,,,,,0.09,,,0.57,,,,,,,,,,,,,,,,,,,,,,,,,,,,,,,,,,,,,,,,,,,,,,,,,2012-07-17,,0.66,,pre-market,,,,,,,,,,,,,15.7895,,,,,,,,,,,,
2012-09-30,URI,,,,,,,,,,,,,,,,,,,,,,,,,,,,,,,,,,,,,,0.23,,,1.12,,,,,,,,,,,,,,,,,,,,,,,,,,,,,,,,,,,,,,,,,,,,,,,,,2012-10-16,,1.35,,pre-market,,,,,,,,,,,,,20.5357,,,,,,,,,,,,
2012-12-31,URI,,,,,,,,,,,,,,,,,,,,,,,,,,,,,,,,,,,,,,0.26,,,1.01,,,,,,,,,,,,,,,,,,,,,,,,,,,,,,,,,,,,,,,,,,,,,,,,,2013-01-23,,1.27,,pre-market,,,,,,,,,,,,,25.7426,,,,,,,,,,,,
2013-03-31,URI,,,,,,,,,,,,,,,,,,,,,,,,,,,,,,,,,,,,,,0.1,,,0.48,,,,,,,,,,,,,,,,,,,,,,,,,,,,,,,,,,,,,,,,,,,,,,,,,2013-04-16,,0.58,,pre-market,,,,,,,,,,,,,20.8333,,,,,,,,,,,,
2013-06-30,URI,,,,,,,,,,,,,,,,,,,,,,,,,,,,,,,,,,,,,,0.11,,,1.01,,,,,,,,,,,,,,,,,,,,,,,,,,,,,,,,,,,,,,,,,,,,,,,,,2013-07-16,,1.12,,pre-market,,,,,,,,,,,,,10.8911,,,,,,,,,,,,
2013-09-30,URI,,,,,,,,,,,,,,,,,,,,,,,,,,,,,,,,,,,,,,0.03,,,1.6,,,,,,,,,,,,,,,,,,,,,,,,,,,,,,,,,,,,,,,,,,,,,,,,,2013-10-16,,1.63,,pre-market,,,,,,,,,,,,,1.875,,,,,,,,,,,,
2013-12-31,URI,,,,,,,,,,,,,,,,,,,,,,,,,,,,,,,,,,,,,,0.12,,,1.47,,,,,,,,,,,,,,,,,,,,,,,,,,,,,,,,,,,,,,,,,,,,,,,,,2014-01-22,,1.59,,pre-market,,,,,,,,,,,,,8.1633,,,,,,,,,,,,
2014-03-31,URI,,,,,,,,,,,,,,,,,,,,,,,,,,,,,,,,,,,,,,0.19,,,0.71,,,,,,,,,,,,,,,,,,,,,,,,,,,,,,,,,,,,,,,,,,,,,,,,,2014-04-16,,0.9,,pre-market,,,,,,,,,,,,,26.7606,,,,,,,,,,,,
2014-06-30,URI,,,,,,,,,,,,,,,,,,,,,,,,,,,,,,,,,,,,,,0.19,,,1.46,,,,,,,,,,,,,,,,,,,,,,,,,,,,,,,,,,,,,,,,,,,,,,,,,2014-07-16,,1.65,,pre-market,,,,,,,,,,,,,13.0137,,,,,,,,,,,,
2014-09-30,URI,,,,,,,,,,,,,,,,,,,,,,,,,,,,,,,,,,,,,,0.12,,,2.08,,,,,,,,,,,,,,,,,,,,,,,,,,,,,,,,,,,,,,,,,,,,,,,,,2014-10-15,,2.2,,post-market,,,,,,,,,,,,,5.7692,,,,,,,,,,,,
2014-12-31,URI,,,,,,,,,,,,,,,,,,,,,,,,,,,,,,,,,,,,,,0.12,,,2.07,,,,,,,,,,,,,,,,,,,,,,,,,,,,,,,,,,,,,,,,,,,,,,,,,2015-01-21,,2.19,,post-market,,,,,,,,,,,,,5.7971,,,,,,,,,,,,
2015-03-31,URI,,,,,,,,,,,,,,,,,,,,,,,,,,,,,,,,,,,,,,0.21,,,1.13,,,,,,,,,,,,,,,,,,,,,,,,,,,,,,,,,,,,,,,,,,,,,,,,,2015-04-21,,1.34,,post-market,,,,,,,,,,,,,18.5841,,,,,,,,,,,,
2015-06-30,URI,,,,,,,,,,,,,,,,,,,,,,,,,,,,,,,,,,,,,,0.17,,,1.78,,,,,,,,,,,,,,,,,,,,,,,,,,,,,,,,,,,,,,,,,,,,,,,,,2015-07-22,,1.95,,post-market,,,,,,,,,,,,,9.5506,,,,,,,,,,,,
2015-09-30,URI,,,,,,,,,,,,,,,,,,,,,,,,,,,,,,,,,,,,,,0.23,,,2.34,,,,,,,,,,,,,,,,,,,,,,,,,,,,,,,,,,,,,,,,,,,,,,,,,2015-10-21,,2.57,,post-market,,,,,,,,,,,,,9.8291,,,,,,,,,,,,
2015-12-31,URI,,,,,,,,,,,,,,,,,,,,,,,,,,,,,,,,,,,,,,-0.12,,,2.31,,,,,,,,,,,,,,,,,,,,,,,,,,,,,,,,,,,,,,,,,,,,,,,,,2016-01-27,,2.19,,post-market,,,,,,,,,,,,,-5.1948,,,,,,,,,,,,
2016-03-31,URI,,,,,,,,,,,,,,,,,,,,,,,,,,,,,,,,,,,,,,0.23,,,1.17,,,,,,,,,,,,,,,,,,,,,,,,,,,,,,,,,,,,,,,,,,,,,,,,,2016-04-20,,1.4,,post-market,,,,,,,,,,,,,19.6581,,,,,,,,,,,,
2016-06-30,URI,,,,,,,,,,,,,,,,,,,,,,,,,,,,,,,,,,,,,,0.24,,,1.82,,,,,,,,,,,,,,,,,,,,,,,,,,,,,,,,,,,,,,,,,,,,,,,,,2016-07-20,,2.06,,post-market,,,,,,,,,,,,,13.1868,,,,,,,,,,,,
2016-09-30,URI,,,,,,,,,,,,,,,,,,,,,,,,,,,,,,,,,,,,,,0.14,,,2.44,,,,,,,,,,,,,,,,,,,,,,,,,,,,,,,,,,,,,,,,,,,,,,,,,2016-10-19,,2.58,,post-market,,,,,,,,,,,,,5.7377,,,,,,,,,,,,
2016-12-31,URI,,,,,,,,,,,,,,,,,,,,,,,,,,,,,,,,,,,,,,0.43,,,2.24,,,,,,,,,,,,,,,,,,,,,,,,,,,,,,,,,,,,,,,,,,,,,,,,,2017-01-25,,2.67,,post-market,,,,,,,,,,,,,19.1964,,,,,,,,,,,,
2017-03-31,URI,,,,,,,,,,,,,,,,,,,,,,,,,,,,,,,,,,,,,,0.11,,,1.52,,,,,,,,,,,,,,,,,,,,,,,,,,,,,,,,,,,,,,,,,,,,,,,,,2017-04-19,,1.63,,post-market,,,,,,,,,,,,,7.2368,,,,,,,,,,,,
2017-06-30,URI,,,,,,,,,,,,,,,,,,,,,,,,,,,,,,,,,,,,,,0.08,,,2.29,,,,,,,,,,,,,,,,,,,,,,,,,,,,,,,,,,,,,,,,,,,,,,,,,2017-07-19,,2.37,,post-market,,,,,,,,,,,,,3.4934,,,,,,,,,,,,
2017-09-30,URI,,,,,,,,,,,,,,,,,,,,,,,,,,,,,,,,,,,,,,0.27,,,2.98,,,,,,,,,,,,,,,,,,,,,,,,,,,,,,,,,,,,,,,,,,,,,,,,,2017-10-18,,3.25,,post-market,,,,,,,,,,,,,9.0604,,,,,,,,,,,,
2017-12-31,URI,,,,,,,,,,,,,,,,,,,,,,,,,,,,,,,,,,,,,,0.06,,,3.28,,,,,,,,,,,,,,,,,,,,,,,,,,,,,,,,,,,,,,,,,,,,,,,,,2018-01-24,,3.34,,post-market,,,,,,,,,,,,,1.8293,,,,,,,,,,,,
2018-03-31,URI,,,,,,,,,,,,,,,,,,,,,,,,,,,,,,,,,,,,,,0.42,,,2.45,,,,,,,,,,,,,,,,,,,,,,,,,,,,,,,,,,,,,,,,,,,,,,,,,2018-04-18,,2.87,,post-market,,,,,,,,,,,,,17.1429,,,,,,,,,,,,
2018-06-30,URI,,,,,,,,,,,,,,,,,,,,,,,,,,,,,,,,,,,,,,0.4,,,3.45,,,,,,,,,,,,,,,,,,,,,,,,,,,,,,,,,,,,,,,,,,,,,,,,,2018-07-18,,3.85,,post-market,,,,,,,,,,,,,11.5942,,,,,,,,,,,,
2018-09-30,URI,,,,,,,,,,,,,,,,,,,,,,,,,,,,,,,,,,,,,,0.13,,,4.61,,,,,,,,,,,,,,,,,,,,,,,,,,,,,,,,,,,,,,,,,,,,,,,,,2018-10-17,,4.74,,post-market,,,,,,,,,,,,,2.82,,,,,,,,,,,,
2018-12-31,URI,,,,,,,,,,,,,,,,,,,,,,,,,,,,,,,,,,,,,,-0.05,,,4.9,,,,,,,,,,,,,,,,,,,,,,,,,,,,,,,,,,,,,,,,,,,,,,,,,2019-01-23,,4.85,,post-market,,,,,,,,,,,,,-1.0204,,,,,,,,,,,,
2019-03-31,URI,,,,,,,,,,,,,,,,,,,,,,,,,,,,,,,,,,,,,,0.28,,,3.03,,,,,,,,,,,,,,,,,,,,,,,,,,,,,,,,,,,,,,,,,,,,,,,,,2019-04-17,,3.31,,post-market,,,,,,,,,,,,,9.2409,,,,,,,,,,,,
2019-06-30,URI,,,,,,,,,,,,,,,,,,,,,,,,,,,,,,,,,,,,,,0.25,,,4.49,,,,,,,,,,,,,,,,,,,,,,,,,,,,,,,,,,,,,,,,,,,,,,,,,2019-07-17,,4.74,,post-market,,,,,,,,,,,,,5.5679,,,,,,,,,,,,
2019-09-30,URI,,,,,,,,,,,,,,,,,,,,,,,,,,,,,,,,,,,,,,0.37,,,5.59,,,,,,,,,,,,,,,,,,,,,,,,,,,,,,,,,,,,,,,,,,,,,,,,,2019-10-16,,5.96,,post-market,,,,,,,,,,,,,6.619,,,,,,,,,,,,
2019-12-31,URI,,,,,,,,,,,,,,,,,,,,,,,,,,,,,,,,,,,,,,0.38,,,5.22,,,,,,,,,,,,,,,,,,,,,,,,,,,,,,,,,,,,,,,,,,,,,,,,,2020-01-29,,5.6,,post-market,,,,,,,,,,,,,7.2797,,,,,,,,,,,,
2020-03-31,URI,,,,,,,,,,,,,,,,,,,,,,,,,,,,,,,,,,,,,,0.66,,,2.69,,,,,,,,,,,,,,,,,,,,,,,,,,,,,,,,,,,,,,,,,,,,,,,,,2020-04-29,,3.35,,post-market,,,,,,,,,,,,,24.5353,,,,,,,,,,,,
2020-06-30,URI,,,,,,,,,,,,,,,,,,,,,,,,,,,,,,,,,,,,,,1.82,,,1.86,,,,,,,,,,,,,,,,,,,,,,,,,,,,,,,,,,,,,,,,,,,,,,,,,2020-07-29,,3.68,,post-market,,,,,,,,,,,,,97.8495,,,,,,,,,,,,
2020-09-30,URI,,,,,,,,,,,,,,,,,,,,,,,,,,,,,,,,,,,,,,1.05,,,4.35,,,,,,,,,,,,,,,,,,,,,,,,,,,,,,,,,,,,,,,,,,,,,,,,,2020-10-28,,5.4,,post-market,,,,,,,,,,,,,24.1379,,,,,,,,,,,,
2020-12-31,URI,,,,,,,,,,,,,,,,,,,,,,,,,,,,,,,,,,,,,,0.81,,,4.23,,,,,,,,,,,,,,,,,,,,,,,,,,,,,,,,,,,,,,,,,,,,,,,,,2021-01-27,,5.04,,post-market,,,,,,,,,,,,,19.1489,,,,,,,,,,,,
2021-03-31,URI,,,,,,,,,,,,,,,,,,,,,,,,,,,,,,,,,,,,,,0.38,,,3.07,,,,,,,,,,,,,,,,,,,,,,,,,,,,,,,,,,,,,,,,,,,,,,,,,2021-04-28,,3.45,,post-market,,,,,,,,,,,,,12.3779,,,,,,,,,,,,
2021-06-30,URI,,,,,,,,,,,,,,,,,,,,,,,,,,,,,,,,,,,,,,-0.22,,,4.88,,,,,,,,,,,,,,,,,,,,,,,,,,,,,,,,,,,,,,,,,,,,,,,,,2021-07-28,,4.66,,post-market,,,,,,,,,,,,,-4.5082,,,,,,,,,,,,
2021-09-30,URI,,,,,,,,,,,,,,,,,,,,,,,,,,,,,,,,,,,,,,-0.22,,,6.8,,,,,,,,,,,,,,,,,,,,,,,,,,,,,,,,,,,,,,,,,,,,,,,,,2021-10-27,,6.58,,post-market,,,,,,,,,,,,,-3.2353,,,,,,,,,,,,
2021-12-31,URI,,,,,,,,,,,,,,,,,,,,,,,,,,,,,,,,,,,,,,0.67,,,6.72,,,,,,,,,,,,,,,,,,,,,,,,,,,,,,,,,,,,,,,,,,,,,,,,,2022-01-26,,7.39,,post-market,,,,,,,,,,,,,9.9702,,,,,,,,,,,,
2022-03-31,URI,,,,,,,,,,,,,,,,,,,,,,,,,,,,,,,,,,,,,,0.73,,,5.0,,,,,,,,,,,,,,,,,,,,,,,,,,,,,,,,,,,,,,,,,,,,,,,,,2022-04-27,,5.73,,post-market,,,,,,,,,,,,,14.6,,,,,,,,,,,,
2022-06-30,URI,,,,,,,,,,,,,,,,,,,,,,,,,,,,,,,,,,,,,,1.4,,,6.46,,,,,,,,,,,,,,,,,,,,,,,,,,,,,,,,,,,,,,,,,,,,,,,,,2022-07-27,,7.86,,post-market,,,,,,,,,,,,,21.6718,,,,,,,,,,,,
2022-09-30,URI,,,,,,,,,,,,,,,,,,,,,,,,,,,,,,,,,,,,,,0.2,,,9.07,,,,,,,,,,,,,,,,,,,,,,,,,,,,,,,,,,,,,,,,,,,,,,,,,2022-10-26,,9.27,,post-market,,,,,,,,,,,,,2.2051,,,,,,,,,,,,
2022-12-31,URI,,,,,,,,,,,,,,,,,,,,,,,,,,,,,,,,,,,,,,-0.64,,,10.38,,,,,,,,,,,,,,,,,,,,,,,,,,,,,,,,,,,,,,,,,,,,,,,,,2023-01-25,,9.74,,post-market,,,,,,,,,,,,,-6.1657,,,,,,,,,,,,
2023-03-31,URI,,,,,,,,,,,,,,,,,,,,,,,,,,,,,,,,,,,,,,0.03,,,7.92,,,,,,,,,,,,,,,,,,,,,,,,,,,,,,,,,,,,,,,,,,,,,,,,,2023-04-26,,7.95,,post-market,,,,,,,,,,,,,0.3788,,,,,,,,,,,,
2023-06-30,URI,,,,,,,,,,,,,,,,,,,,,,,,,,,,,,,,,,,,,,0.87,,,9.01,,,,,,,,,,,,,,,,,,,,,,,,,,,,,,,,,,,,,,,,,,,,,,,,,2023-07-26,,9.88,,post-market,,,,,,,,,,,,,9.6559,,,,,,,,,,,,
2023-09-30,URI,,,,,,,,,,,,,,,,,,,,,,,,,,,,,,,,,,,,,,0.53,,,11.2,,,,,,,,,,,,,,,,,,,,,,,,,,,,,,,,,,,,,,,,,,,,,,,,,2023-10-24,,11.73,,post-market,,,,,,,,,,,,,4.7321,,,,,,,,,,,,
2023-12-31,URI,,,,,,,,,,,,,,,,,,,,,,,,,,,,,,,,,,,,,,0.33,,,10.93,,,,,,,,,,,,,,,,,,,,,,,,,,,,,,,,,,,,,,,,,,,,,,,,,2024-01-24,,11.26,,post-market,,,,,,,,,,,,,3.0192,,,,,,,,,,,,
2024-03-31,URI,,,,,,,,,,,,,,,,,,,,,,,,,,,,,,,,,,,,,,0.82,,,8.33,,,,,,,,,,,,,,,,,,,,,,,,,,,,,,,,,,,,,,,,,,,,,,,,,2024-04-24,,9.15,,post-market,,,,,,,,,,,,,9.8439,,,,,,,,,,,,
2024-06-30,URI,,,,,,,,,,,,,,,,,,,,,,,,,,,,,,,,,,,,,,0.16,,,10.54,,,,,,,,,,,,,,,,,,,,,,,,,,,,,,,,,,,,,,,,,,,,,,,,,2024-07-24,,10.7,,post-market,,,,,,,,,,,,,1.518,,,,,,,,,,,,
2024-09-30,URI,,,,,,,,,,,,,,,,,,,,,,,,,,,,,,,,,,,,,,-0.69,,,12.49,,,,,,,,,,,,,,,,,,,,,,,,,,,,,,,,,,,,,,,,,,,,,,,,,2024-10-23,,11.8,,post-market,,,,,,,,,,,,,-5.5244,,,,,,,,,,,,
2024-12-31,URI,,,,,,,,,,,,,,,,,,,,,,,,,,,,,,,,,,,,,,-0.04,,,11.63,,,,,,,,,,,,,,,,,,,,,,,,,,,,,,,,,,,,,,,,,,,,,,,,,2025-01-29,,11.59,,post-market,,,,,,,,,,,,,-0.3439,,,,,,,,,,,,
2025-03-31,URI,,,,,,,,,,,,,,,,,,,,,,,,,,,,,,,,,,,,,,0.05,,,8.81,,,,,,,,,,,,,,,,,,,,,,,,,,,,,,,,,,,,,,,,,,,,,,,,,2025-04-23,,8.86,,post-market,,,,,,,,,,,,,0.5675,,,,,,,,,,,,
2025-06-30,URI,,,,,,,,,,,,,,,,,,,,,,,,,,,,,,,,,,,,,,-0.07,,,10.54,,,,,,,,,,,,,,,,,,,,,,,,,,,,,,,,,,,,,,,,,,,,,,,,,2025-07-23,,10.47,,post-market,,,,,,,,,,,,,-0.6641,,,,,,,,,,,,
2025-09-30,URI,,,,,,,,,,,,,,,,,,,,,,,,,,,,,,,,,,,,,,-0.61,,,12.31,,,,,,,,,,,,,,,,,,,,,,,,,,,,,,,,,,,,,,,,,,,,,,,,,2025-10-29,,11.7,,post-market,,,,,,,,,,,,,-4.9553,,,,,,,,,,,,
2025-12-28,URI,38.83,15986000000.0,21.32,,1.678,141.14,,,,,,,,,,,,,,,,,,,,,,,,,,7.0,0.0085,,,,0.02,-0.61,,,12.31,,17.67,,6232000000.0,,,,,,,,,,,,,,,,,,,0.265,,,,,,,,,,,,,1.374,5.83,3.332,,,,,,,,0.158,,,2025-10-29,,11.7,,post-market,,,0.0868,0.288,0.059,245.97,,,,,797.79,849.59,-4.9553,,,,,,,,,21.32,,1019.33,522.49
2025-12-28,URI,38.83,15986000000.0,21.32,,1.678,141.14,,,,,,,,,,,,,,,None,2673000000,2673000000,,,,,,None,109000000,,7.0,0.0085,,,,0.02,-0.61,1115000000,1224000000,12.31,2025-09-30,17.67,,6232000000.0,1556000000,937000000,236000000,,,None,178000000,178000000,,None,,,,,701000000,701000000,-178000000,None,0.265,,442000000,1114000000,,,,,None,,,,,1.374,5.83,3.332,,,,,,,,0.158,,,2025-10-29,quarterly,11.7,USD,post-market,None,,0.0868,0.288,0.059,245.97,442000000,,,,797.79,849.59,-4.9553,,,,,,,4229000000,,21.32,,1019.33,522.49
2025-12-28,URI,38.83,15986000000.0,21.32,,1.678,141.14,,,,,,,,,,,,,,,None,2518000000,2518000000,,,,,,None,759000000,,7.0,0.0085,,,,0.02,-0.61,1010000000,1769000000,12.31,2025-06-30,17.67,,6232000000.0,1425000000,839000000,217000000,,,None,171000000,171000000,,None,,,,,622000000,622000000,-171000000,None,0.265,,422000000,1003000000,,,,,None,,,,,1.374,5.83,3.332,,,,,,,,0.158,,,2025-10-29,quarterly,11.7,USD,post-market,None,,0.0868,0.288,0.059,245.97,422000000,,,,797.79,849.59,-4.9553,,,,,,,3943000000,,21.32,,1019.33,522.49
2025-12-28,URI,38.83,15986000000.0,21.32,,1.678,141.14,,,,,,,,,,,,,,,None,2477000000,2477000000,,,,,,None,751000000,,7.0,0.0085,,,,0.02,-0.61,872000000,1623000000,12.31,2025-03-31,17.67,,6232000000.0,1242000000,688000000,170000000,,,None,184000000,184000000,,None,,,,,518000000,518000000,-184000000,None,0.265,,437000000,805000000,,,,,None,,,,,1.374,5.83,3.332,,,,,,,,0.158,,,2025-10-29,quarterly,11.7,USD,post-market,None,,0.0868,0.288,0.059,245.97,437000000,,,,797.79,849.59,-4.9553,,,,,,,3719000000,,21.32,,1019.33,522.49
2025-12-28,URI,38.83,15986000000.0,21.32,,1.678,141.14,,,,,,,,,,,,,,,None,2572000000,2572000000,,,,,,None,762000000,,7.0,0.0085,,,,0.02,-0.61,1089000000,1851000000,12.31,2024-12-31,17.67,,6232000000.0,1523000000,909000000,220000000,,,None,180000000,180000000,,None,,,,,689000000,689000000,-180000000,None,0.265,,436000000,1087000000,,,,,None,,,,,1.374,5.83,3.332,,,,,,,,0.158,,,2025-10-29,quarterly,11.7,USD,post-market,None,,0.0868,0.288,0.059,245.97,436000000,,,,797.79,849.59,-4.9553,,,,,,,4095000000,,21.32,,1019.33,522.49
2025-12-28,URI,38.83,15986000000.0,21.32,,1.678,141.14,,,,,,,,,,,,,,,None,2453000000,2453000000,,,,,,None,738000000,,7.0,0.0085,,,,0.02,-0.61,1127000000,1865000000,12.31,2024-09-30,17.67,,6232000000.0,1539000000,949000000,241000000,,,None,178000000,178000000,,None,,,,,708000000,708000000,-178000000,None,0.265,,416000000,1123000000,,,,,None,,,,,1.374,5.83,3.332,,,,,,,,0.158,,,2025-10-29,quarterly,11.7,USD,post-market,None,,0.0868,0.288,0.059,245.97,416000000,,,,797.79,849.59,-4.9553,,,,,,,3992000000,,21.32,,1019.33,522.49
2025-12-28,URI,38.83,15986000000.0,21.32,,1.678,141.14,,,,,,,,,,,,,,,None,2364000000,2364000000,,,,,,None,717000000,,7.0,0.0085,,,,0.02,-0.61,1008000000,1725000000,12.31,2024-06-30,17.67,,6232000000.0,1409000000,835000000,199000000,,,None,173000000,None,,None,,,,,636000000,636000000,-173000000,None,0.265,,404000000,1005000000,,,,,None,,,,,1.374,5.83,3.332,,,,,,,,0.158,,,2025-10-29,quarterly,11.7,USD,post-market,None,,0.0868,0.288,0.059,245.97,404000000,,,,797.79,849.59,-4.9553,,,,,,,3773000000,,21.32,,1019.33,522.49
2025-12-28,URI,38.83,15986000000.0,21.32,,1.678,141.14,,,,,,,,,,,,,,,None,2243000000,2243000000,,,,,,None,686000000,,7.0,0.0085,,,,0.02,-0.61,855000000,1541000000,12.31,2024-03-31,17.67,,6232000000.0,1242000000,695000000,153000000,,,None,160000000,None,,None,,,,,542000000,542000000,-160000000,None,0.265,,389000000,853000000,,,,,None,,,,,1.374,5.83,3.332,,,,,,,,0.158,,,2025-10-29,quarterly,11.7,USD,post-market,None,,0.0868,0.288,0.059,245.97,389000000,,,,797.79,849.59,-4.9553,,,,,,,3485000000,,21.32,,1019.33,522.49
2025-12-28,URI,38.83,15986000000.0,21.32,,1.678,141.14,,,,,,,,,,,,,,,None,2268000000,2268000000,,,,,,None,697000000,,7.0,0.0085,,,,0.02,-0.61,1063000000,1760000000,12.31,2023-12-31,17.67,,6232000000.0,1460000000,902000000,223000000,,,None,161000000,None,,None,,,,,679000000,679000000,-161000000,None,0.265,,393000000,1067000000,,,,,None,,,,,1.374,5.83,3.332,,,,,,,,0.158,,,2025-10-29,quarterly,11.7,USD,post-market,None,,0.0868,0.288,0.059,245.97,393000000,,,,797.79,849.59,-4.9553,,,,,,,3728000000,,21.32,,1019.33,522.49
2025-12-28,URI,38.83,15986000000.0,21.32,,1.678,141.14,,,,,,,,,,,,,,,None,2287000000,2287000000,,,,,,None,695000000,,7.0,0.0085,,,,0.02,-0.61,1106000000,1801000000,12.31,2023-09-30,17.67,,6232000000.0,1478000000,943000000,240000000,,,None,163000000,163000000,,None,,,,,703000000,703000000,-163000000,None,0.265,,374000000,1104000000,,,,,None,,,,,1.374,5.83,3.332,,,,,,,,0.158,,,2025-10-29,quarterly,11.7,USD,post-market,None,,0.0868,0.288,0.059,245.97,374000000,,,,797.79,849.59,-4.9553,,,,,,,3765000000,,21.32,,1019.33,522.49
2025-12-28,URI,38.83,15986000000.0,21.32,,1.678,141.14,,,,,,,,,,,,,,,None,2233000000,2233000000,,,,,,None,696000000,,7.0,0.0085,,,,0.02,-0.61,933000000,1629000000,12.31,2023-06-30,17.67,,6232000000.0,1321000000,772000000,181000000,,,None,161000000,161000000,,None,,,,,591000000,591000000,-161000000,None,0.265,,378000000,943000000,,,,,8000000,,,,,1.374,5.83,3.332,,,,,,,,0.158,,,2025-10-29,quarterly,11.7,USD,post-market,None,,0.0868,0.288,0.059,245.97,378000000,,,,797.79,849.59,-4.9553,,,,,,,3554000000,,21.32,,1019.33,522.49
2025-12-28,URI,38.83,15986000000.0,21.32,,1.678,141.14,,,,,,,,,,,,,,,None,2162000000,2162000000,,,,,,None,693000000,,7.0,0.0085,,,,0.02,-0.61,744000000,1437000000,12.31,2023-03-31,17.67,,6232000000.0,1123000000,594000000,143000000,,,None,150000000,150000000,,None,,,,,451000000,451000000,-150000000,None,0.265,,382000000,741000000,,,,,4000000,,,,,1.374,5.83,3.332,,,,,,,,0.158,,,2025-10-29,quarterly,11.7,USD,post-market,None,,0.0868,0.288,0.059,245.97,153000000,,,,797.79,849.59,-4.9553,,,,,,,3285000000,,21.32,,1019.33,522.49
2025-12-28,URI,38.83,15986000000.0,21.32,,1.678,141.14,,,,,,,,,,,,,,,None,1894000000,1894000000,,,,,,None,577000000,,7.0,0.0085,,,,0.02,-0.61,1027000000,1604000000,12.31,2022-12-31,17.67,,6232000000.0,1402000000,895000000,256000000,,,None,132000000,132000000,,None,,,,,639000000,639000000,-132000000,None,0.265,,378000000,1024000000,,,,,3000000,,,,,1.374,5.83,3.332,,,,,,,,0.158,,,2025-10-29,quarterly,11.7,USD,post-market,None,,0.0868,0.288,0.059,245.97,153000000,,,,797.79,849.59,-4.9553,,,,,,,3296000000,,21.32,,1019.33,522.49
2025-12-28,URI,38.83,15986000000.0,21.32,,1.678,141.14,,,,,,,,,,,,,,,None,1775000000,1775000000,,,,,,None,560000000,,7.0,0.0085,,,,0.02,-0.61,922000000,1482000000,12.31,2022-09-30,17.67,,6232000000.0,1276000000,816000000,210000000,,,None,106000000,106000000,,None,,,,,606000000,606000000,-106000000,None,0.265,,356000000,920000000,,,,,1000000,,,,,1.374,5.83,3.332,,,,,,,,0.158,,,2025-10-29,quarterly,11.7,USD,post-market,None,,0.0868,0.288,0.059,245.97,356000000,,,,797.79,849.59,-4.9553,,,,,,,3051000000,,21.32,,1019.33,522.49
2025-12-28,URI,38.83,15986000000.0,21.32,,1.678,141.14,,,,,,,,,,,,,,,None,1712000000,1712000000,,,,,,None,548000000,,7.0,0.0085,,,,0.02,-0.61,721000000,1269000000,12.31,2022-06-30,17.67,,6232000000.0,1059000000,608000000,115000000,,,None,113000000,113000000,,None,,,,,493000000,493000000,-113000000,None,0.265,,343000000,716000000,,,,,6000000,,,,,1.374,5.83,3.332,,,,,,,,0.158,,,2025-10-29,quarterly,11.7,USD,post-market,None,,0.0868,0.288,0.059,245.97,153000000,,,,797.79,849.59,-4.9553,,,,,,,2771000000,,21.32,,1019.33,522.49
2025-12-28,URI,38.83,15986000000.0,21.32,,1.678,141.14,,,,,,,,,,,,,,,None,1629000000,1629000000,,,,,,None,532000000,,7.0,0.0085,,,,0.02,-0.61,577000000,1109000000,12.31,2022-03-31,17.67,,6232000000.0,895000000,483000000,116000000,,,None,94000000,94000000,,None,,,,,367000000,367000000,-94000000,None,0.265,,323000000,572000000,,,,,5000000,,,,,1.374,5.83,3.332,,,,,,,,0.158,,,2025-10-29,quarterly,11.7,USD,post-market,None,,0.0868,0.288,0.059,245.97,323000000,,,,797.79,849.59,-4.9553,,,,,,,2524000000,,21.32,,1019.33,522.49
2025-12-28,URI,38.83,15986000000.0,21.32,,1.678,141.14,,,,,,,,,,,,,,,None,1708000000,1708000000,,,,,,None,532000000,,7.0,0.0085,,,,0.02,-0.61,737000000,1269000000,12.31,2021-12-31,17.67,,6232000000.0,1068000000,644000000,163000000,,,None,93000000,93000000,,None,,,,,481000000,481000000,-93000000,None,0.265,,322000000,746000000,,,,,-8000000,,,,,1.374,5.83,3.332,,,,,,,,0.158,,,2025-10-29,quarterly,11.7,USD,post-market,None,,0.0868,0.288,0.059,245.97,322000000,,,,797.79,849.59,-4.9553,,,,,,,2776000000,,21.32,,1019.33,522.49
2025-12-28,URI,38.83,15986000000.0,21.32,,1.678,141.14,,,,,,,,,,,,,,,None,1591000000,1591000000,,,,,,None,510000000,,7.0,0.0085,,,,0.02,-0.61,682000000,1192000000,12.31,2021-09-30,17.67,,6232000000.0,1005000000,550000000,141000000,,,None,132000000,132000000,,None,,,,,409000000,409000000,-132000000,None,0.265,,326000000,679000000,,,,,3000000,,,,,1.374,5.83,3.332,,,,,,,,0.158,,,2025-10-29,quarterly,11.7,USD,post-market,None,,0.0868,0.288,0.059,245.97,326000000,,,,797.79,849.59,-4.9553,,,,,,,2596000000,,21.32,,1019.33,522.49
2025-12-28,URI,38.83,15986000000.0,21.32,,1.678,141.14,,,,,,,,,,,,,,,None,1502000000,1502000000,,,,,,None,475000000,,7.0,0.0085,,,,0.02,-0.61,477000000,952000000,12.31,2021-06-30,17.67,,6232000000.0,785000000,377000000,84000000,,,None,100000000,100000000,,None,,,,,293000000,293000000,-100000000,None,0.265,,301000000,484000000,,,,,-4000000,,,,,1.374,5.83,3.332,,,,,,,,0.158,,,2025-10-29,quarterly,11.7,USD,post-market,None,,0.0868,0.288,0.059,245.97,301000000,,,,797.79,849.59,-4.9553,,,,,,,2287000000,,21.32,,1019.33,522.49
2025-12-28,URI,38.83,15986000000.0,21.32,,1.678,141.14,,,,,,,,,,,,,,,None,1434000000,1434000000,,,,,,None,466000000,,7.0,0.0085,,,,0.02,-0.61,374000000,840000000,12.31,2021-03-31,17.67,,6232000000.0,623000000,275000000,72000000,,,None,99000000,99000000,,None,,,,,203000000,203000000,-99000000,None,0.265,,250000000,373000000,,,,,2000000,,,,,1.374,5.83,3.332,,,,,,,,0.158,,,2025-10-29,quarterly,11.7,USD,post-market,None,,0.0868,0.288,0.059,245.97,250000000,,,,797.79,849.59,-4.9553,,,,,,,2057000000,,21.32,,1019.33,522.49
2025-12-28,URI,38.83,15986000000.0,21.32,,1.678,141.14,,,,,,,,,,,,,,,None,1505000000,1505000000,,,,,,None,480000000,,7.0,0.0085,,,,0.02,-0.61,512000000,992000000,12.31,2020-12-31,17.67,,6232000000.0,774000000,387000000,90000000,,,None,125000000,125000000,,None,,,,,297000000,-21000000,-125000000,None,0.265,,258000000,516000000,,,,,2000000,,,,,1.374,5.83,3.332,,,,,,,,0.158,,,2025-10-29,quarterly,11.7,USD,post-market,None,,0.0868,0.288,0.059,245.97,489000000,,,,797.79,849.59,-4.9553,,,,,,,2279000000,,21.32,,1019.33,522.49
2025-12-28,URI,38.83,15986000000.0,21.32,,1.678,141.14,,,,,,,,,,,,,,,None,1388000000,1388000000,,,,,,None,482000000,,7.0,0.0085,,,,0.02,-0.61,553000000,1035000000,12.31,2020-09-30,17.67,,6232000000.0,799000000,275000000,67000000,,,None,278000000,278000000,,None,,,,,208000000,342000000,-278000000,None,0.265,,232000000,567000000,,,,,2000000,,,,,1.374,5.83,3.332,,,,,,,,0.158,,,2025-10-29,quarterly,11.7,USD,post-market,None,,0.0868,0.288,0.059,245.97,232000000,,,,797.79,849.59,-4.9553,,,,,,,2187000000,,21.32,,1019.33,522.49
2025-12-28,URI,38.83,15986000000.0,21.32,,1.678,141.14,,,,,,,,,,,,,,,None,1333000000,1333000000,,,,,,None,490000000,,7.0,0.0085,,,,0.02,-0.61,381000000,871000000,12.31,2020-06-30,17.67,,6232000000.0,606000000,251000000,39000000,,,None,130000000,130000000,,None,,,,,212000000,290000000,-130000000,None,0.265,,222000000,384000000,,,,,None,,,,,1.374,5.83,3.332,,,,,,,,0.158,,,2025-10-29,quarterly,11.7,USD,post-market,None,,0.0868,0.288,0.059,245.97,222000000,,,,797.79,849.59,-4.9553,,,,,,,1939000000,,21.32,,1019.33,522.49
2025-12-28,URI,38.83,15986000000.0,21.32,,1.678,141.14,,,,,,,,,,,,,,,None,1498000000,1498000000,,,,,,None,526000000,,7.0,0.0085,,,,0.02,-0.61,362000000,888000000,12.31,2020-03-31,17.67,,6232000000.0,627000000,226000000,53000000,,,None,136000000,136000000,,None,,,,,173000000,279000000,-136000000,None,0.265,,267000000,360000000,,,,,4000000,,,,,1.374,5.83,3.332,,,,,,,,0.158,,,2025-10-29,quarterly,11.7,USD,post-market,None,,0.0868,0.288,0.059,245.97,267000000,,,,797.79,849.59,-4.9553,,,,,,,2125000000,,21.32,,1019.33,522.49
2025-12-28,URI,38.83,15986000000.0,21.32,,1.678,141.14,,,,,,,,,,,,,,,None,1587000000,1587000000,,,,,,None,516000000,,7.0,0.0085,,,,0.02,-0.61,603000000,1119000000,12.31,2019-12-31,17.67,,6232000000.0,869000000,433000000,95000000,,,None,170000000,170000000,,None,,,,,338000000,-152000000,-170000000,None,0.265,,268000000,601000000,,,,,4000000,,,,,1.374,5.83,3.332,,,,,,,,0.158,,,2025-10-29,quarterly,11.7,USD,post-market,None,,0.0868,0.288,0.059,245.97,268000000,,,,797.79,849.59,-4.9553,,,,,,,2456000000,,21.32,,1019.33,522.49
2025-12-28,URI,38.83,15986000000.0,21.32,,1.678,141.14,,,,,,,,,,,,,,,None,1557000000,1557000000,,,,,,None,519000000,,7.0,0.0085,,,,0.02,-0.61,657000000,1176000000,12.31,2019-09-30,17.67,,6232000000.0,931000000,510000000,119000000,,,None,147000000,147000000,,None,,,,,391000000,629000000,-147000000,None,0.265,,273000000,658000000,,,,,1000000,,,,,1.374,5.83,3.332,,,,,,,,0.158,,,2025-10-29,quarterly,11.7,USD,post-market,None,,0.0868,0.288,0.059,245.97,273000000,,,,797.79,849.59,-4.9553,,,,,,,2488000000,,21.32,,1019.33,522.49
2025-12-28,URI,38.83,15986000000.0,21.32,,1.678,141.14,,,,,,,,,,,,,,,None,1484000000,1484000000,,,,,,None,504000000,,7.0,0.0085,,,,0.02,-0.61,531000000,1035000000,12.31,2019-06-30,17.67,,6232000000.0,806000000,351000000,81000000,,,None,180000000,180000000,,None,,,,,270000000,432000000,-180000000,None,0.265,,271000000,535000000,,,,,2000000,,,,,1.374,5.83,3.332,,,,,,,,0.158,,,2025-10-29,quarterly,11.7,USD,post-market,None,,0.0868,0.288,0.059,245.97,271000000,,,,797.79,849.59,-4.9553,,,,,,,2290000000,,21.32,,1019.33,522.49
2025-12-28,URI,38.83,15986000000.0,21.32,,1.678,141.14,,,,,,,,,,,,,,,None,1460000000,1460000000,,,,,,None,499000000,,7.0,0.0085,,,,0.02,-0.61,371000000,870000000,12.31,2019-03-31,17.67,,6232000000.0,657000000,220000000,45000000,,,None,151000000,151000000,,None,,,,,175000000,265000000,-151000000,None,0.265,,280000000,377000000,,,,,3000000,,,,,1.374,5.83,3.332,,,,,,,,0.158,,,2025-10-29,quarterly,11.7,USD,post-market,None,,0.0868,0.288,0.059,245.97,280000000,,,,797.79,849.59,-4.9553,,,,,,,2117000000,,21.32,,1019.33,522.49
2025-12-28,URI,38.83,15986000000.0,21.32,,1.678,141.14,,,,,,,,,,,,,,,None,1403000000,1403000000,,,,,,None,470000000,,7.0,0.0085,,,,0.02,-0.61,567000000,1037000000,12.31,2018-12-31,17.67,,6232000000.0,903000000,425000000,115000000,,,None,142000000,None,,None,,,,,310000000,540000000,None,None,0.265,,302000000,601000000,,,,,4000000,,,,,1.374,5.83,3.332,,,,,,,,0.158,,,2025-10-29,quarterly,11.7,USD,post-market,0,,0.0868,0.288,0.059,245.97,302000000,,,,797.79,849.59,-4.9553,,,,,,,2306000000,,21.32,,1019.33,522.49
2025-12-28,URI,38.83,15986000000.0,21.32,,1.678,141.14,,,,,,,,,,,,,,,None,1253000000,1253000000,,,,,,None,418000000,,7.0,0.0085,,,,0.02,-0.61,578000000,996000000,12.31,2018-09-30,17.67,,6232000000.0,863000000,460000000,127000000,,,None,118000000,None,,None,,,,,333000000,587000000,None,None,0.265,,265000000,598000000,,,,,None,,,,,1.374,5.83,3.332,,,,,,,,0.158,,,2025-10-29,quarterly,11.7,USD,post-market,0,,0.0868,0.288,0.059,245.97,265000000,,,,797.79,849.59,-4.9553,,,,,,,2116000000,,21.32,,1019.33,522.49
2025-12-28,URI,38.83,15986000000.0,21.32,,1.678,141.14,,,,,,,,,,,,,,,None,1176000000,1176000000,,,,,,None,390000000,,7.0,0.0085,,,,0.02,-0.61,472000000,862000000,12.31,2018-06-30,17.67,,6232000000.0,715000000,359000000,89000000,,,None,112000000,None,,None,,,,,270000000,448000000,None,None,0.265,,239000000,476000000,,,,,1000000,,,,,1.374,5.83,3.332,,,,,,,,0.158,,,2025-10-29,quarterly,11.7,USD,post-market,0,,0.0868,0.288,0.059,245.97,239000000,,,,797.79,849.59,-4.9553,,,,,,,1891000000,,21.32,,1019.33,522.49
2025-12-28,URI,38.83,15986000000.0,21.32,,1.678,141.14,,,,,,,,,,,,,,,None,1159000000,1159000000,,,,,,None,393000000,,7.0,0.0085,,,,0.02,-0.61,341000000,734000000,12.31,2018-03-31,17.67,,6232000000.0,575000000,232000000,49000000,,,None,109000000,None,,None,,,,,183000000,281000000,None,None,0.265,,232000000,343000000,,,,,1000000,,,,,1.374,5.83,3.332,,,,,,,,0.158,,,2025-10-29,quarterly,11.7,USD,post-market,0,,0.0868,0.288,0.059,245.97,232000000,,,,797.79,849.59,-4.9553,,,,,,,1734000000,,21.32,,1019.33,522.49
2025-12-28,URI,38.83,15986000000.0,21.32,,1.678,141.14,,,,,,,,,,,,,,,None,1161000000,1161000000,,,,,,None,390000000,,7.0,0.0085,,,,0.02,-0.61,451000000,841000000,12.31,2017-12-31,17.67,,6232000000.0,761000000,336000000,-561000000,,,None,126000000,None,,None,,,,,897000000,-225000000,None,None,0.265,,255000000,506000000,,,,,None,,,,,1.374,5.83,3.332,,,,,,,,0.158,,,2025-10-29,quarterly,11.7,USD,post-market,0,,0.0868,0.288,0.059,245.97,255000000,,,,797.79,849.59,-4.9553,,,,,,,1922000000,,21.32,,1019.33,522.49
2025-12-28,URI,38.83,15986000000.0,21.32,,1.678,141.14,,,,,,,,,,,,,,,None,1052000000,1052000000,,,,,,None,353000000,,7.0,0.0085,,,,0.02,-0.61,423000000,776000000,12.31,2017-09-30,17.67,,6232000000.0,714000000,322000000,123000000,,,None,131000000,None,,None,,,,,199000000,445000000,None,None,0.265,,237000000,477000000,,,,,5000000,,,,,1.374,5.83,3.332,,,,,,,,0.158,,,2025-10-29,quarterly,11.7,USD,post-market,0,,0.0868,0.288,0.059,245.97,237000000,,,,797.79,849.59,-4.9553,,,,,,,1766000000,,21.32,,1019.33,522.49
2025-12-28,URI,38.83,15986000000.0,21.32,,1.678,141.14,,,,,,,,,,,,,,,None,1001000000,1001000000,,,,,,None,330000000,,7.0,0.0085,,,,0.02,-0.61,330000000,660000000,12.31,2017-06-30,17.67,,6232000000.0,596000000,229000000,88000000,,,None,113000000,None,,None,,,,,141000000,317000000,None,None,0.265,,218000000,378000000,,,,,2000000,,,,,1.374,5.83,3.332,,,,,,,,0.158,,,2025-10-29,quarterly,11.7,USD,post-market,0,,0.0868,0.288,0.059,245.97,218000000,,,,797.79,849.59,-4.9553,,,,,,,1597000000,,21.32,,1019.33,522.49
2025-12-28,URI,38.83,15986000000.0,21.32,,1.678,141.14,,,,,,,,,,,,,,,None,899000000,899000000,,,,,,None,310000000,,7.0,0.0085,,,,0.02,-0.61,256000000,566000000,12.31,2017-03-31,17.67,,6232000000.0,457000000,161000000,52000000,,,None,94000000,None,,None,,,,,109000000,213000000,None,None,0.265,,193000000,264000000,,,,,-2000000,,,,,1.374,5.83,3.332,,,,,,,,0.158,,,2025-10-29,quarterly,11.7,USD,post-market,0,,0.0868,0.288,0.059,245.97,193000000,,,,797.79,849.59,-4.9553,,,,,,,1356000000,,21.32,,1019.33,522.49
2025-12-28,URI,38.83,15986000000.0,21.32,,1.678,141.14,,,,,,,,,,,,,,,None,922000000,922000000,,,,,,None,318000000,,7.0,0.0085,,,,0.02,-0.61,340000000,658000000,12.31,2016-12-31,17.67,,6232000000.0,601000000,242000000,89000000,,,None,162000000,None,,None,,,,,153000000,331000000,None,None,0.265,,186000000,415000000,,,,,2000000,,,,,1.374,5.83,3.332,,,,,,,,0.158,,,2025-10-29,quarterly,11.7,USD,post-market,0,,0.0868,0.288,0.059,245.97,186000000,,,,797.79,849.59,-4.9553,,,,,,,1523000000,,21.32,,1019.33,522.49
2025-12-28,URI,38.83,15986000000.0,21.32,,1.678,141.14,,,,,,,,,,,,,,,None,906000000,906000000,,,,,,None,311000000,,7.0,0.0085,,,,0.02,-0.61,403000000,714000000,12.31,2016-09-30,17.67,,6232000000.0,602000000,303000000,116000000,,,None,110000000,None,,None,,,,,187000000,419000000,None,None,0.265,,179000000,423000000,,,,,1000000,,,,,1.374,5.83,3.332,,,,,,,,0.158,,,2025-10-29,quarterly,11.7,USD,post-market,0,,0.0868,0.288,0.059,245.97,179000000,,,,797.79,849.59,-4.9553,,,,,,,1508000000,,21.32,,1019.33,522.49
2025-12-28,URI,38.83,15986000000.0,21.32,,1.678,141.14,,,,,,,,,,,,,,,None,831000000,831000000,,,,,,None,306000000,,7.0,0.0085,,,,0.02,-0.61,107000000,413000000,12.31,2016-06-30,17.67,,6232000000.0,590000000,217000000,83000000,,,None,132000000,None,,None,,,,,134000000,300000000,None,None,0.265,,241000000,347000000,,,,,2000000,,,,,1.374,5.83,3.332,,,,,,,,0.158,,,2025-10-29,quarterly,11.7,USD,post-market,0,,0.0868,0.288,0.059,245.97,177000000,,,,797.79,849.59,-4.9553,,,,,,,1421000000,,21.32,,1019.33,522.49
2025-12-28,URI,38.83,15986000000.0,21.32,,1.678,141.14,,,,,,,,,,,,,,,None,810000000,810000000,,,,,,None,310000000,,7.0,0.0085,,,,0.02,-0.61,11000000,321000000,12.31,2016-03-31,17.67,,6232000000.0,500000000,147000000,55000000,,,None,107000000,None,,None,,,,,92000000,202000000,None,None,0.265,,244000000,254000000,,,,,None,,,,,1.374,5.83,3.332,,,,,,,,0.158,,,2025-10-29,quarterly,11.7,USD,post-market,0,,0.0868,0.288,0.059,245.97,177000000,,,,797.79,849.59,-4.9553,,,,,,,1310000000,,21.32,,1019.33,522.49
2025-12-28,URI,38.83,15986000000.0,21.32,,1.678,141.14,,,,,,,,,,,,,,,None,875000000,875000000,,,,,,None,318000000,,7.0,0.0085,,,,0.02,-0.61,-562000000,-244000000,12.31,2015-12-31,17.67,,6232000000.0,648000000,292000000,123000000,,,None,107000000,None,,None,,,,,169000000,415000000,None,None,0.265,,246000000,397000000,,,,,2000000,,,,,1.374,5.83,3.332,,,,,,,,0.158,,,2025-10-29,quarterly,11.7,USD,post-market,0,,0.0868,0.288,0.059,245.97,180000000,,,,797.79,849.59,-4.9553,,,,,,,1523000000,,21.32,,1019.33,522.49
2025-12-28,URI,38.83,15986000000.0,21.32,,1.678,141.14,,,,,,,,,,,,,,,None,860000000,860000000,,,,,,None,315000000,,7.0,0.0085,,,,0.02,-0.61,198000000,513000000,12.31,2015-09-30,17.67,,6232000000.0,690000000,340000000,125000000,,,None,107000000,None,,None,,,,,215000000,465000000,None,None,0.265,,244000000,446000000,,,,,1000000,,,,,1.374,5.83,3.332,,,,,,,,0.158,,,2025-10-29,quarterly,11.7,USD,post-market,0,,0.0868,0.288,0.059,245.97,178000000,,,,797.79,849.59,-4.9553,,,,,,,1550000000,,21.32,,1019.33,522.49
2025-12-28,URI,38.83,15986000000.0,21.32,,1.678,141.14,,,,,,,,,,,,,,,None,811000000,811000000,,,,,,None,307000000,,7.0,0.0085,,,,0.02,-0.61,141000000,448000000,12.31,2015-06-30,17.67,,6232000000.0,618000000,149000000,63000000,,,None,232000000,None,,None,,,,,86000000,212000000,None,None,0.265,,242000000,375000000,,,,,6000000,,,,,1.374,5.83,3.332,,,,,,,,0.158,,,2025-10-29,quarterly,11.7,USD,post-market,0,,0.0868,0.288,0.059,245.97,175000000,,,,797.79,849.59,-4.9553,,,,,,,1429000000,,21.32,,1019.33,522.49
2025-12-28,URI,38.83,15986000000.0,21.32,,1.678,141.14,,,,,,,,,,,,,,,None,791000000,791000000,,,,,,None,304000000,,7.0,0.0085,,,,0.02,-0.61,68000000,372000000,12.31,2015-03-31,17.67,,6232000000.0,524000000,182000000,67000000,,,None,121000000,None,,None,,,,,115000000,249000000,None,None,0.265,,250000000,300000000,,,,,3000000,,,,,1.374,5.83,3.332,,,,,,,,0.158,,,2025-10-29,quarterly,11.7,USD,post-market,0,,0.0868,0.288,0.059,245.97,181000000,,,,797.79,849.59,-4.9553,,,,,,,1315000000,,21.32,,1019.33,522.49
2025-12-28,URI,38.83,15986000000.0,21.32,,1.678,141.14,,,,,,,,,,,,,,,None,857000000,857000000,,,,,,None,312000000,,7.0,0.0085,,,,0.02,-0.61,-512000000,-200000000,12.31,2014-12-31,17.67,,6232000000.0,707000000,311000000,117000000,,,None,119000000,None,,None,,,,,194000000,428000000,None,None,0.265,,282000000,426000000,,,,,4000000,,,,,1.374,5.83,3.332,,,,,,,,0.158,,,2025-10-29,quarterly,11.7,USD,post-market,0,,0.0868,0.288,0.059,245.97,209000000,,,,797.79,849.59,-4.9553,,,,,,,1564000000,,21.32,,1019.33,522.49
2025-12-28,URI,38.83,15986000000.0,21.32,,1.678,141.14,,,,,,,,,,,,,,,None,856000000,856000000,,,,,,None,306000000,,7.0,0.0085,,,,0.02,-0.61,191000000,497000000,12.31,2014-09-30,17.67,,6232000000.0,688000000,303000000,111000000,,,None,124000000,None,,None,,,,,192000000,414000000,None,None,0.265,,264000000,422000000,,,,,5000000,,,,,1.374,5.83,3.332,,,,,,,,0.158,,,2025-10-29,quarterly,11.7,USD,post-market,0,,0.0868,0.288,0.059,245.97,194000000,,,,797.79,849.59,-4.9553,,,,,,,1544000000,,21.32,,1019.33,522.49
2025-12-28,URI,38.83,15986000000.0,21.32,,1.678,141.14,,,,,,,,,,,,,,,None,810000000,810000000,,,,,,None,299000000,,7.0,0.0085,,,,0.02,-0.61,100000000,399000000,12.31,2014-06-30,17.67,,6232000000.0,589000000,142000000,48000000,,,None,187000000,None,,None,,,,,94000000,190000000,None,None,0.265,,257000000,325000000,,,,,4000000,,,,,1.374,5.83,3.332,,,,,,,,0.158,,,2025-10-29,quarterly,11.7,USD,post-market,0,,0.0868,0.288,0.059,245.97,187000000,,,,797.79,849.59,-4.9553,,,,,,,1399000000,,21.32,,1019.33,522.49
2025-12-28,URI,38.83,15986000000.0,21.32,,1.678,141.14,,,,,,,,,,,,,,,None,730000000,730000000,,,,,,None,277000000,,7.0,0.0085,,,,0.02,-0.61,2000000,279000000,12.31,2014-03-31,17.67,,6232000000.0,448000000,94000000,34000000,,,None,125000000,None,,None,,,,,60000000,128000000,None,None,0.265,,228000000,218000000,,,,,1000000,,,,,1.374,5.83,3.332,,,,,,,,0.158,,,2025-10-29,quarterly,11.7,USD,post-market,0,,0.0868,0.288,0.059,245.97,168000000,,,,797.79,849.59,-4.9553,,,,,,,1178000000,,21.32,,1019.33,522.49
2025-12-28,URI,38.83,15986000000.0,21.32,,1.678,141.14,,,,,,,,,,,,,,,None,771000000,771000000,,,,,,None,284000000,,7.0,0.0085,,,,0.02,-0.61,344000000,628000000,12.31,2013-12-31,17.67,,6232000000.0,567000000,226000000,86000000,,,None,118000000,None,,None,,,,,140000000,0,None,None,0.265,,224000000,342000000,,,,,None,,,,,1.374,5.83,3.332,,,,,,,,0.158,,,2025-10-29,quarterly,11.7,USD,post-market,0,,0.0868,0.288,0.059,245.97,163000000,,,,797.79,849.59,-4.9553,,,,,,,1338000000,,21.32,,1019.33,522.49
2025-12-28,URI,38.83,15986000000.0,21.32,,1.678,141.14,,,,,,,,,,,,,,,None,747000000,747000000,,,,,,None,278000000,,7.0,0.0085,,,,0.02,-0.61,120000000,398000000,12.31,2013-09-30,17.67,,6232000000.0,564000000,218000000,75000000,,,None,121000000,None,,None,,,,,143000000,293000000,None,None,0.265,,226000000,337000000,,,,,2000000,,,,,1.374,5.83,3.332,,,,,,,,0.158,,,2025-10-29,quarterly,11.7,USD,post-market,0,,0.0868,0.288,0.059,245.97,167000000,,,,797.79,849.59,-4.9553,,,,,,,1311000000,,21.32,,1019.33,522.49
2025-12-28,URI,38.83,15986000000.0,21.32,,1.678,141.14,,,,,,,,,,,,,,,None,735000000,735000000,,,,,,None,270000000,,7.0,0.0085,,,,0.02,-0.61,250000000,520000000,12.31,2013-06-30,17.67,,6232000000.0,471000000,131000000,48000000,,,None,119000000,None,,None,,,,,83000000,179000000,None,None,0.265,,214000000,250000000,,,,,None,,,,,1.374,5.83,3.332,,,,,,,,0.158,,,2025-10-29,quarterly,11.7,USD,post-market,0,,0.0868,0.288,0.059,245.97,152000000,,,,797.79,849.59,-4.9553,,,,,,,1206000000,,21.32,,1019.33,522.49
2025-12-28,URI,38.83,15986000000.0,21.32,,1.678,141.14,,,,,,,,,,,,,,,None,715000000,715000000,,,,,,None,266000000,,7.0,0.0085,,,,0.02,-0.61,150000000,416000000,12.31,2013-03-31,17.67,,6232000000.0,385000000,30000000,9000000,,,None,120000000,None,,None,,,,,21000000,0,None,None,0.265,,224000000,149000000,,,,,None,,,,,1.374,5.83,3.332,,,,,,,,0.158,,,2025-10-29,quarterly,11.7,USD,post-market,0,,0.0868,0.288,0.059,245.97,160000000,,,,797.79,849.59,-4.9553,,,,,,,1100000000,,21.32,,1019.33,522.49
2025-12-28,URI,38.83,15986000000.0,21.32,,1.678,141.14,,,,,,,,,,,,,,,None,754000000,754000000,,,,,,None,272000000,,7.0,0.0085,,,,0.02,-0.61,236000000,508000000,12.31,2012-12-31,17.67,,6232000000.0,495000000,39000000,-2000000,,,None,197000000,None,,None,,,,,41000000,0,None,None,0.265,,240000000,236000000,,,,,None,,,,,1.374,5.83,3.332,,,,,,,,0.158,,,2025-10-29,quarterly,11.7,USD,post-market,0,,0.0868,0.288,0.059,245.97,176000000,,,,797.79,849.59,-4.9553,,,,,,,1249000000,,21.32,,1019.33,522.49
2025-12-28,URI,38.83,15986000000.0,21.32,,1.678,141.14,,,,,,,,,,,,,,,None,714000000,714000000,,,,,,None,71000000,,7.0,0.0085,,,,0.02,-0.61,426000000,497000000,12.31,2012-09-30,17.67,,6232000000.0,505000000,94000000,21000000,,,None,128000000,None,,None,,,,,73000000,0,None,None,0.265,,235000000,222000000,,,,,None,,,,,1.374,5.83,3.332,,,,,,,,0.158,,,2025-10-29,quarterly,11.7,USD,post-market,0,,0.0868,0.288,0.059,245.97,164000000,,,,797.79,849.59,-4.9553,,,,,,,1219000000,,21.32,,1019.33,522.49
2025-12-28,URI,38.83,15986000000.0,21.32,,1.678,141.14,,,,,,,,,,,,,,,None,619000000,619000000,,,,,,None,221000000,,7.0,0.0085,,,,0.02,-0.61,58000000,279000000,12.31,2012-06-30,17.67,,6232000000.0,374000000,-64000000,-12000000,,,None,122000000,None,,None,,,,,-52000000,0,None,None,0.265,,195000000,46000000,,,,,None,,,,,1.374,5.83,3.332,,,,,,,,0.158,,,2025-10-29,quarterly,11.7,USD,post-market,0,,0.0868,0.288,0.059,245.97,146000000,,,,797.79,849.59,-4.9553,,,,,,,993000000,,21.32,,1019.33,522.49
2025-12-28,URI,38.83,15986000000.0,21.32,,1.678,141.14,,,,,,,,,,,,,,,None,443000000,443000000,,,,,,None,129000000,,7.0,0.0085,,,,0.02,-0.61,88000000,217000000,12.31,2012-03-31,17.67,,6232000000.0,213000000,19000000,6000000,,,None,87000000,None,,None,,,,,13000000,0,None,None,0.265,,116000000,87000000,,,,,None,,,,,1.374,5.83,3.332,,,,,,,,0.158,,,2025-10-29,quarterly,11.7,USD,post-market,0,,0.0868,0.288,0.059,245.97,102000000,,,,797.79,849.59,-4.9553,,,,,,,656000000,,21.32,,1019.33,522.49
2025-12-28,URI,38.83,15986000000.0,21.32,,1.678,141.14,,,,,,,,,,,,,,,None,471000000,471000000,,,,,,None,129000000,,7.0,0.0085,,,,0.02,-0.61,148000000,277000000,12.31,2011-12-31,17.67,,6232000000.0,275000000,56000000,28000000,,,None,123000000,None,,None,,,,,29000000,0,None,None,0.265,,127000000,115000000,,,,,None,,,,,1.374,5.83,3.332,,,,,,,,0.158,,,2025-10-29,quarterly,11.7,USD,post-market,0,,0.0868,0.288,0.059,245.97,109000000,,,,797.79,849.59,-4.9553,,,,,,,746000000,,21.32,,1019.33,522.49
2025-12-28,URI,38.83,15986000000.0,21.32,,1.678,141.14,,,,,,,,,,,,,,,None,439000000,439000000,,,,,,None,123000000,,7.0,0.0085,,,,0.02,-0.61,158000000,281000000,12.31,2011-09-30,17.67,,6232000000.0,274000000,96000000,31000000,,,None,58000000,None,,None,,,,,65000000,0,None,None,0.265,,116000000,156000000,,,,,None,,,,,1.374,5.83,3.332,,,,,,,,0.158,,,2025-10-29,quarterly,11.7,USD,post-market,0,,0.0868,0.288,0.059,245.97,103000000,,,,797.79,849.59,-4.9553,,,,,,,713000000,,21.32,,1019.33,522.49
2025-12-28,URI,38.83,15986000000.0,21.32,,1.678,141.14,,,,,,,,,,,,,,,None,418000000,418000000,,,,,,None,117000000,,7.0,0.0085,,,,0.02,-0.61,98000000,215000000,12.31,2011-06-30,17.67,,6232000000.0,211000000,39000000,11000000,,,None,59000000,None,,None,,,,,27000000,0,None,None,0.265,,114000000,95000000,,,,,None,,,,,1.374,5.83,3.332,,,,,,,,0.158,,,2025-10-29,quarterly,11.7,USD,post-market,0,,0.0868,0.288,0.059,245.97,100000000,,,,797.79,849.59,-4.9553,,,,,,,629000000,,21.32,,1019.33,522.49
2025-12-28,URI,38.83,15986000000.0,21.32,,1.678,141.14,,,,,,,,,,,,,,,None,385000000,385000000,,,,,,None,111000000,,7.0,0.0085,,,,0.02,-0.61,31000000,142000000,12.31,2011-03-31,17.67,,6232000000.0,138000000,-27000000,-7000000,,,None,58000000,None,,None,,,,,-20000000,0,None,None,0.265,,107000000,30000000,,,,,None,,,,,1.374,5.83,3.332,,,,,,,,0.158,,,2025-10-29,quarterly,11.7,USD,post-market,0,,0.0868,0.288,0.059,245.97,95000000,,,,797.79,849.59,-4.9553,,,,,,,523000000,,21.32,,1019.33,522.49
2025-12-28,URI,38.83,15986000000.0,21.32,,1.678,141.14,,,,,,,,,,,,,,,None,422000000,422000000,,,,,,None,117000000,,7.0,0.0085,,,,0.02,-0.61,62000000,179000000,12.31,2010-12-31,17.67,,6232000000.0,175000000,-40000000,-23000000,,,None,121000000,None,,None,,,,,-21000000,0,None,None,0.265,,113000000,47000000,,,,,None,,,,,1.374,5.83,3.332,,,,,,,,0.158,,,2025-10-29,quarterly,11.7,USD,post-market,0,,0.0868,0.288,0.059,245.97,96000000,,,,797.79,849.59,-4.9553,,,,,,,597000000,,21.32,,1019.33,522.49
2025-12-28,URI,38.83,15986000000.0,21.32,,1.678,141.14,,,,,,,,,,,,,,,None,396000000,396000000,,,,,,None,112000000,,7.0,0.0085,,,,0.02,-0.61,100000000,212000000,12.31,2010-09-30,17.67,,6232000000.0,209000000,38000000,15000000,,,None,67000000,None,,None,,,,,23000000,0,None,None,0.265,,109000000,93000000,,,,,None,,,,,1.374,5.83,3.332,,,,,,,,0.158,,,2025-10-29,quarterly,11.7,USD,post-market,0,,0.0868,0.288,0.059,245.97,95000000,,,,797.79,849.59,-4.9553,,,,,,,605000000,,21.32,,1019.33,522.49
2025-12-28,URI,38.83,15986000000.0,21.32,,1.678,141.14,,,,,,,,,,,,,,,None,386000000,386000000,,,,,,None,111000000,,7.0,0.0085,,,,0.02,-0.61,65000000,176000000,12.31,2010-06-30,17.67,,6232000000.0,171000000,3000000,-9000000,,,None,68000000,None,,None,,,,,12000000,0,None,None,0.265,,106000000,59000000,,,,,None,,,,,1.374,5.83,3.332,,,,,,,,0.158,,,2025-10-29,quarterly,11.7,USD,post-market,0,,0.0868,0.288,0.059,245.97,90000000,,,,797.79,849.59,-4.9553,,,,,,,557000000,,21.32,,1019.33,522.49
2025-12-28,URI,38.83,15986000000.0,21.32,,1.678,141.14,,,,,,,,,,,,,,,None,375000000,375000000,,,,,,None,109000000,,7.0,0.0085,,,,0.02,-0.61,4000000,113000000,12.31,2010-03-31,17.67,,6232000000.0,103000000,-64000000,-24000000,,,None,63000000,None,,None,,,,,-40000000,0,None,None,0.265,,99000000,-2000000,,,,,None,,,,,1.374,5.83,3.332,,,,,,,,0.158,,,2025-10-29,quarterly,11.7,USD,post-market,0,,0.0868,0.288,0.059,245.97,86000000,,,,797.79,849.59,-4.9553,,,,,,,478000000,,21.32,,1019.33,522.49
2025-12-28,URI,38.83,15986000000.0,21.32,,1.678,141.14,,,,,,,,,,,,,,,None,412000000,412000000,,,,,,None,116000000,,7.0,0.0085,,,,0.02,-0.61,21000000,137000000,12.31,2009-12-31,17.67,,6232000000.0,145000000,-49000000,-25000000,,,None,70000000,None,,None,,,,,-26000000,0,None,None,0.265,,115000000,24000000,,,,,None,,,,,1.374,5.83,3.332,,,,,,,,0.158,,,2025-10-29,quarterly,11.7,USD,post-market,0,,0.0868,0.288,0.059,245.97,100000000,,,,797.79,849.59,-4.9553,,,,,,,557000000,,21.32,,1019.33,522.49
2025-12-28,URI,38.83,15986000000.0,21.32,,1.678,141.14,,,,,,,,,,,,,,,None,412000000,412000000,,,,,,None,113000000,,7.0,0.0085,,,,0.02,-0.61,68000000,181000000,12.31,2009-09-30,17.67,,6232000000.0,180000000,4000000,4000000,,,None,64000000,None,,None,,,,,0,0,None,None,0.265,,112000000,67000000,,,,,None,,,,,1.374,5.83,3.332,,,,,,,,0.158,,,2025-10-29,quarterly,11.7,USD,post-market,0,,0.0868,0.288,0.059,245.97,99000000,,,,797.79,849.59,-4.9553,,,,,,,592000000,,21.32,,1019.33,522.49
2025-12-28,URI,38.83,15986000000.0,21.32,,1.678,141.14,,,,,,,,,,,,,,,None,474000000,474000000,,,,,,None,125000000,,7.0,0.0085,,,,0.02,-0.61,25000000,150000000,12.31,2009-06-30,17.67,,6232000000.0,141000000,-29000000,-12000000,,,None,52000000,None,,None,,,,,-17000000,0,None,None,0.265,,116000000,5000000,,,,,None,,,,,1.374,5.83,3.332,,,,,,,,0.158,,,2025-10-29,quarterly,11.7,USD,post-market,0,,0.0868,0.288,0.059,245.97,101000000,,,,797.79,849.59,-4.9553,,,,,,,615000000,,21.32,,1019.33,522.49
2025-12-28,URI,38.83,15986000000.0,21.32,,1.678,141.14,,,,,,,,,,,,,,,None,450000000,450000000,,,,,,None,120000000,,7.0,0.0085,,,,0.02,-0.61,19000000,139000000,12.31,2009-03-31,17.67,,6232000000.0,144000000,-33000000,-14000000,,,None,52000000,None,,None,,,,,-19000000,0,None,None,0.265,,122000000,18000000,,,,,None,,,,,1.374,5.83,3.332,,,,,,,,0.158,,,2025-10-29,quarterly,11.7,USD,post-market,0,,0.0868,0.288,0.059,245.97,108000000,,,,797.79,849.59,-4.9553,,,,,,,594000000,,21.32,,1019.33,522.49
2025-12-28,URI,38.83,15986000000.0,21.32,,1.678,141.14,,,,,,,,,,,,,,,None,554000000,554000000,,,,,,None,124000000,,7.0,0.0085,,,,0.02,-0.61,-1048000000,-924000000,12.31,2008-12-31,17.67,,6232000000.0,237000000,-1065000000,-212000000,,,None,1150000000,None,,None,,,,,-853000000,0,None,None,0.265,,138000000,-1048000000,,,,,None,,,,,1.374,5.83,3.332,,,,,,,,0.158,,,2025-10-29,quarterly,11.7,USD,post-market,0,,0.0868,0.288,0.059,245.97,138000000,,,,797.79,849.59,-4.9553,,,,,,,791000000,,21.32,,1019.33,522.49
2025-12-28,URI,38.83,15986000000.0,21.32,,1.678,141.14,,,,,,,,,,,,,,,None,538000000,538000000,,,,,,None,135000000,,7.0,0.0085,,,,0.02,-0.61,193000000,328000000,12.31,2008-09-30,17.67,,6232000000.0,335000000,117000000,43000000,,,None,70000000,None,,None,,,,,74000000,0,None,None,0.265,,147000000,188000000,,,,,None,,,,,1.374,5.83,3.332,,,,,,,,0.158,,,2025-10-29,quarterly,11.7,USD,post-market,0,,0.0868,0.288,0.059,245.97,133000000,,,,797.79,849.59,-4.9553,,,,,,,873000000,,21.32,,1019.33,522.49
2025-12-28,URI,38.83,15986000000.0,21.32,,1.678,141.14,,,,,,,,,,,,,,,None,548000000,548000000,,,,,,None,130000000,,7.0,0.0085,,,,0.02,-0.61,125000000,255000000,12.31,2008-06-30,17.67,,6232000000.0,283000000,76000000,39000000,,,None,53000000,None,,None,,,,,37000000,0,None,None,0.265,,155000000,128000000,,,,,None,,,,,1.374,5.83,3.332,,,,,,,,0.158,,,2025-10-29,quarterly,11.7,USD,post-market,0,,0.0868,0.288,0.059,245.97,140000000,,,,797.79,849.59,-4.9553,,,,,,,831000000,,21.32,,1019.33,522.49
2025-12-28,URI,38.83,15986000000.0,21.32,,1.678,141.14,,,,,,,,,,,,,,,None,524000000,524000000,,,,,,None,124000000,,7.0,0.0085,,,,0.02,-0.61,102000000,226000000,12.31,2008-03-31,17.67,,6232000000.0,248000000,59000000,21000000,,,None,43000000,None,,None,,,,,38000000,0,None,None,0.265,,146000000,102000000,,,,,None,,,,,1.374,5.83,3.332,,,,,,,,0.158,,,2025-10-29,quarterly,11.7,USD,post-market,0,,0.0868,0.288,0.059,245.97,131000000,,,,797.79,849.59,-4.9553,,,,,,,772000000,,21.32,,1019.33,522.49
2025-12-28,URI,38.83,15986000000.0,21.32,,1.678,141.14,,,,,,,,,,,,,,,None,591000000,591000000,,,,,,None,119000000,,7.0,0.0085,,,,0.02,-0.61,175000000,294000000,12.31,2007-12-31,17.67,,6232000000.0,339000000,240000000,87000000,,,None,173000000,None,,None,,,,,153000000,0,None,None,0.265,,164000000,175000000,,,,,None,,,,,1.374,5.83,3.332,,,,,,,,0.158,,,2025-10-29,quarterly,11.7,USD,post-market,0,,0.0868,0.288,0.059,245.97,148000000,,,,797.79,849.59,-4.9553,,,,,,,930000000,,21.32,,1019.33,522.49
2025-12-28,URI,38.83,15986000000.0,21.32,,1.678,141.14,,,,,,,,,,,,,,,None,615000000,615000000,,,,,,None,128000000,,7.0,0.0085,,,,0.02,-0.61,216000000,344000000,12.31,2007-09-30,17.67,,6232000000.0,379000000,172000000,61000000,,,None,37000000,None,,None,,,,,112000000,0,None,None,0.265,,165000000,214000000,,,,,None,,,,,1.374,5.83,3.332,,,,,,,,0.158,,,2025-10-29,quarterly,11.7,USD,post-market,0,,0.0868,0.288,0.059,245.97,152000000,,,,797.79,849.59,-4.9553,,,,,,,994000000,,21.32,,1019.33,522.49
2025-12-28,URI,38.83,15986000000.0,21.32,,1.678,141.14,,,,,,,,,,,,,,,None,635000000,635000000,,,,,,None,129000000,,7.0,0.0085,,,,0.02,-0.61,172000000,301000000,12.31,2007-06-30,17.67,,6232000000.0,331000000,116000000,49000000,,,None,52000000,None,,None,,,,,67000000,0,None,None,0.265,,160000000,171000000,,,,,None,,,,,1.374,5.83,3.332,,,,,,,,0.158,,,2025-10-29,quarterly,11.7,USD,post-market,0,,0.0868,0.288,0.059,245.97,147000000,,,,797.79,849.59,-4.9553,,,,,,,966000000,,21.32,,1019.33,522.49
2025-12-28,URI,38.83,15986000000.0,21.32,,1.678,141.14,,,,,,,,,,,,,,,None,582000000,582000000,,,,,,None,121000000,,7.0,0.0085,,,,0.02,-0.61,99000000,220000000,12.31,2007-03-31,17.67,,6232000000.0,259000000,50000000,18000000,,,None,51000000,None,,None,,,,,30000000,0,None,None,0.265,,160000000,99000000,,,,,None,,,,,1.374,5.83,3.332,,,,,,,,0.158,,,2025-10-29,quarterly,11.7,USD,post-market,0,,0.0868,0.288,0.059,245.97,148000000,,,,797.79,849.59,-4.9553,,,,,,,841000000,,21.32,,1019.33,522.49
2025-12-28,URI,38.83,15986000000.0,21.32,,1.678,141.14,,,,,,,,,,,,,,,None,413000000,413000000,,,,,,None,127000000,,7.0,0.0085,,,,0.02,-0.61,172000000,299000000,12.31,2006-12-31,17.67,,6232000000.0,317000000,122000000,44000000,,,None,75000000,None,,None,,,,,53000000,0,None,None,0.265,,145000000,172000000,,,,,None,,,,,1.374,5.83,3.332,,,,,,,,0.158,,,2025-10-29,quarterly,11.7,USD,post-market,0,,0.0868,0.288,0.059,245.97,133000000,,,,797.79,849.59,-4.9553,,,,,,,730000000,,21.32,,1019.33,522.49
2025-12-28,URI,38.83,15986000000.0,21.32,,1.678,141.14,,,,,,,,,,,,,,,None,680000000,680000000,,,,,,None,132000000,,7.0,0.0085,,,,0.02,-0.61,216000000,348000000,12.31,2006-09-30,17.67,,6232000000.0,390000000,154000000,59000000,,,None,62000000,None,,None,,,,,95000000,0,None,None,0.265,,174000000,216000000,,,,,None,,,,,1.374,5.83,3.332,,,,,,,,0.158,,,2025-10-29,quarterly,11.7,USD,post-market,0,,0.0868,0.288,0.059,245.97,164000000,,,,797.79,849.59,-4.9553,,,,,,,1070000000,,21.32,,1019.33,522.49
2025-12-28,URI,38.83,15986000000.0,21.32,,1.678,141.14,,,,,,,,,,,,,,,None,657000000,657000000,,,,,,None,128000000,,7.0,0.0085,,,,0.02,-0.61,148000000,276000000,12.31,2006-06-30,17.67,,6232000000.0,338000000,96000000,40000000,,,None,53000000,None,,None,,,,,56000000,0,None,None,0.265,,188000000,150000000,,,,,None,,,,,1.374,5.83,3.332,,,,,,,,0.158,,,2025-10-29,quarterly,11.7,USD,post-market,0,,0.0868,0.288,0.059,245.97,164000000,,,,797.79,849.59,-4.9553,,,,,,,995000000,,21.32,,1019.33,522.49
2025-12-28,URI,38.83,15986000000.0,21.32,,1.678,141.14,,,,,,,,,,,,,,,None,493000000,493000000,,,,,,None,116000000,,7.0,0.0085,,,,0.02,-0.61,89000000,205000000,12.31,2006-03-31,17.67,,6232000000.0,353000000,33000000,13000000,,,None,151000000,None,,None,,,,,20000000,0,None,None,0.265,,169000000,88000000,,,,,None,,,,,1.374,5.83,3.332,,,,,,,,0.158,,,2025-10-29,quarterly,11.7,USD,post-market,0,,0.0868,0.288,0.059,245.97,153000000,,,,797.79,849.59,-4.9553,,,,,,,846000000,,21.32,,1019.33,522.49
2025-12-28,URI,38.83,15986000000.0,21.32,,1.678,141.14,,,,,,,,,,,,,,,None,537000000,537000000,,,,,,None,120000000,,7.0,0.0085,,,,0.02,-0.61,232000000,352000000,12.31,2005-12-31,17.67,,6232000000.0,426000000,83000000,34000000,,,None,148000000,None,,None,,,,,49000000,0,None,None,0.265,,194000000,134000000,,,,,None,,,,,1.374,5.83,3.332,,,,,,,,0.158,,,2025-10-29,quarterly,11.7,USD,post-market,0,,0.0868,0.288,0.059,245.97,174000000,,,,797.79,849.59,-4.9553,,,,,,,963000000,,21.32,,1019.33,522.49
2025-12-28,URI,38.83,15986000000.0,21.32,,1.678,141.14,,,,,,,,,,,,,,,None,530000000,530000000,,,,,,None,116000000,,7.0,0.0085,,,,0.02,-0.61,269000000,385000000,12.31,2005-09-30,17.67,,6232000000.0,450000000,126000000,50000000,,,None,48000000,None,,None,,,,,76000000,0,None,None,0.265,,181000000,269000000,,,,,None,,,,,1.374,5.83,3.332,,,,,,,,0.158,,,2025-10-29,quarterly,11.7,USD,post-market,0,,0.0868,0.288,0.059,245.97,164000000,,,,797.79,849.59,-4.9553,,,,,,,980000000,,21.32,,1019.33,522.49
2025-12-28,URI,38.83,15986000000.0,21.32,,1.678,141.14,,,,,,,,,,,,,,,None,9632000000,9632000000,,,,,,None,2903000000,,7.0,0.0085,,,,0.02,-0.61,4079000000,6982000000,12.31,2024-12-31,17.67,,6232000000.0,5713000000,3388000000,813000000,,,None,691000000,691000000,,None,,,,,2575000000,2575000000,-691000000,None,0.265,,1645000000,4068000000,,,,,None,,,,,1.374,5.83,3.332,,,,,,,,0.158,,,2025-10-29,annual,11.7,USD,post-market,None,,0.0868,0.288,0.059,245.97,1645000000,,,,797.79,849.59,-4.9553,,,,,,,15345000000,,21.32,,1019.33,522.49
2025-12-28,URI,38.83,15986000000.0,21.32,,1.678,141.14,,,,,,,,,,,,,,,None,8950000000,8950000000,,,,,,None,2781000000,,7.0,0.0085,,,,0.02,-0.61,3846000000,6627000000,12.31,2023-12-31,17.67,,6232000000.0,5382000000,3211000000,787000000,,,None,635000000,635000000,,None,,,,,2424000000,2384000000,-606000000,None,0.265,,1527000000,3855000000,,,,,None,,,,,1.374,5.83,3.332,,,,,,,,0.158,,,2025-10-29,annual,11.7,USD,post-market,None,,0.0868,0.288,0.059,245.97,1512000000,,,,797.79,849.59,-4.9553,,,,,,,14332000000,,21.32,,1019.33,522.49
2025-12-28,URI,38.83,15986000000.0,21.32,,1.678,141.14,,,,,,,,,,,,,,,None,7010000000,7010000000,,,,,,None,2217000000,,7.0,0.0085,,,,0.02,-0.61,3247000000,5464000000,12.31,2022-12-31,17.67,,6232000000.0,4632000000,2802000000,697000000,,,None,445000000,445000000,,None,,,,,2105000000,2105000000,-445000000,None,0.265,,1400000000,3232000000,,,,,15000000,,,,,1.374,5.83,3.332,,,,,,,,0.158,,,2025-10-29,annual,11.7,USD,post-market,None,,0.0868,0.288,0.059,245.97,1400000000,,,,797.79,849.59,-4.9553,,,,,,,11642000000,,21.32,,1019.33,522.49
2025-12-28,URI,38.83,15986000000.0,21.32,,1.678,141.14,,,,,,,,,,,,,,,None,6221000000,6221000000,,,,,,None,1969000000,,7.0,0.0085,,,,0.02,-0.61,2270000000,4239000000,12.31,2021-12-31,17.67,,6232000000.0,3495000000,1846000000,460000000,,,None,424000000,424000000,,None,,,,,1386000000,1386000000,-424000000,None,0.265,,1199000000,2296000000,,,,,-7000000,,,,,1.374,5.83,3.332,,,,,,,,0.158,,,2025-10-29,annual,11.7,USD,post-market,None,,0.0868,0.288,0.059,245.97,1199000000,,,,797.79,849.59,-4.9553,,,,,,,9716000000,,21.32,,1019.33,522.49
2025-12-28,URI,38.83,15986000000.0,21.32,,1.678,141.14,,,,,,,,,,,,,,,None,5698000000,5698000000,,,,,,None,1952000000,,7.0,0.0085,,,,0.02,-0.61,1808000000,3760000000,12.31,2020-12-31,17.67,,6232000000.0,2832000000,1139000000,249000000,,,None,669000000,669000000,,None,,,,,890000000,890000000,-669000000,None,0.265,,979000000,1853000000,,,,,8000000,,,,,1.374,5.83,3.332,,,,,,,,0.158,,,2025-10-29,annual,11.7,USD,post-market,None,,0.0868,0.288,0.059,245.97,979000000,,,,797.79,849.59,-4.9553,,,,,,,8530000000,,21.32,,1019.33,522.49
2025-12-28,URI,38.83,15986000000.0,21.32,,1.678,141.14,,,,,,,,,,,,,,,None,6088000000,6088000000,,,,,,None,2038000000,,7.0,0.0085,,,,0.02,-0.61,2162000000,4200000000,12.31,2019-12-31,17.67,,6232000000.0,3263000000,1514000000,340000000,,,None,648000000,648000000,,None,,,,,1174000000,1174000000,-648000000,None,0.265,,1092000000,2171000000,,,,,10000000,,,,,1.374,5.83,3.332,,,,,,,,0.158,,,2025-10-29,annual,11.7,USD,post-market,None,,0.0868,0.288,0.059,245.97,1092000000,,,,797.79,849.59,-4.9553,,,,,,,9351000000,,21.32,,1019.33,522.49
2025-12-28,URI,38.83,15986000000.0,21.32,,1.678,141.14,,,,,,,,,,,,,,,None,4991000000,4991000000,,,,,,None,1671000000,,7.0,0.0085,,,,0.02,-0.61,1957000000,3628000000,12.31,2018-12-31,17.67,,6232000000.0,3056000000,1476000000,380000000,,,None,481000000,481000000,,None,,,,,1096000000,1856000000,-481000000,None,0.265,,1038000000,2018000000,,,,,6000000,,,,,1.374,5.83,3.332,,,,,,,,0.158,,,2025-10-29,annual,11.7,USD,post-market,None,,0.0868,0.288,0.059,245.97,1038000000,,,,797.79,849.59,-4.9553,,,,,,,8047000000,,21.32,,1019.33,522.49
2025-12-28,URI,38.83,15986000000.0,21.32,,1.678,141.14,,,,,,,,,,,,,,,None,4113000000,4113000000,,,,,,None,1383000000,,7.0,0.0085,,,,0.02,-0.61,1460000000,2843000000,12.31,2017-12-31,17.67,,6232000000.0,2528000000,1048000000,-298000000,,,None,464000000,464000000,,None,,,,,1346000000,750000000,-464000000,None,0.265,,903000000,1625000000,,,,,5000000,,,,,1.374,5.83,3.332,,,,,,,,0.158,,,2025-10-29,annual,11.7,USD,post-market,0,,0.0868,0.288,0.059,245.97,903000000,,,,797.79,849.59,-4.9553,,,,,,,6641000000,,21.32,,1019.33,522.49
2025-12-28,URI,38.83,15986000000.0,21.32,,1.678,141.14,,,,,,,,,,,,,,,None,3585000000,3585000000,,,,,,None,1245000000,,7.0,0.0085,,,,0.02,-0.61,1321000000,2566000000,12.31,2016-12-31,17.67,,6232000000.0,2177000000,909000000,343000000,,,None,511000000,511000000,,None,,,,,566000000,1252000000,-511000000,None,0.265,,719000000,1458000000,,,,,5000000,,,,,1.374,5.83,3.332,,,,,,,,0.158,,,2025-10-29,annual,11.7,USD,post-market,0,,0.0868,0.288,0.059,245.97,719000000,,,,797.79,849.59,-4.9553,,,,,,,5762000000,,21.32,,1019.33,522.49
2025-12-28,URI,38.83,15986000000.0,21.32,,1.678,141.14,,,,,,,,,,,,,,,None,3569000000,3569000000,,,,,,None,1244000000,,7.0,0.0085,,,,0.02,-0.61,1409000000,2653000000,12.31,2015-12-31,17.67,,6232000000.0,2248000000,963000000,378000000,,,None,567000000,567000000,,None,,,,,585000000,1341000000,None,None,0.265,,714000000,1534000000,,,,,12000000,,,,,1.374,5.83,3.332,,,,,,,,0.158,,,2025-10-29,annual,11.7,USD,post-market,0,,0.0868,0.288,0.059,245.97,714000000,,,,797.79,849.59,-4.9553,,,,,,,5817000000,,21.32,,1019.33,522.49
2025-12-28,URI,38.83,15986000000.0,21.32,,1.678,141.14,,,,,,,,,,,,,,,None,3485000000,3485000000,,,,,,None,1193000000,,7.0,0.0085,,,,0.02,-0.61,1327000000,2520000000,12.31,2014-12-31,17.67,,6232000000.0,2200000000,850000000,310000000,,,None,555000000,None,,None,,,,,540000000,1160000000,None,None,0.265,,758000000,1442000000,,,,,14000000,,,,,1.374,5.83,3.332,,,,,,,,0.158,,,2025-10-29,annual,11.7,USD,post-market,0,,0.0868,0.288,0.059,245.97,758000000,,,,797.79,849.59,-4.9553,,,,,,,5685000000,,21.32,,1019.33,522.49
2025-12-28,URI,38.83,15986000000.0,21.32,,1.678,141.14,,,,,,,,,,,,,,,None,3172000000,3172000000,,,,,,None,1094000000,,7.0,0.0085,,,,0.02,-0.61,1012000000,2106000000,12.31,2013-12-31,17.67,,6232000000.0,1783000000,605000000,218000000,,,None,478000000,None,,None,,,,,387000000,823000000,None,None,0.265,,642000000,1141000000,,,,,5000000,,,,,1.374,5.83,3.332,,,,,,,,0.158,,,2025-10-29,annual,11.7,USD,post-market,0,,0.0868,0.288,0.059,245.97,642000000,,,,797.79,849.59,-4.9553,,,,,,,4955000000,,21.32,,1019.33,522.49
2025-12-28,URI,38.83,15986000000.0,21.32,,1.678,141.14,,,,,,,,,,,,,,,None,2688000000,2688000000,,,,,,None,882000000,,7.0,0.0085,,,,0.02,-0.61,534000000,1416000000,12.31,2012-12-31,17.67,,6232000000.0,1429000000,88000000,13000000,,,None,516000000,None,,None,,,,,75000000,None,None,None,0.265,,588000000,841000000,,,,,None,,,,,1.374,5.83,3.332,,,,,,,,0.158,,,2025-10-29,annual,11.7,USD,post-market,0,,0.0868,0.288,0.059,245.97,588000000,,,,797.79,849.59,-4.9553,,,,,,,4117000000,,21.32,,1019.33,522.49
2025-12-28,URI,38.83,15986000000.0,21.32,,1.678,141.14,,,,,,,,,,,,,,,None,1743000000,1743000000,,,,,,None,476000000,,7.0,0.0085,,,,0.02,-0.61,399000000,875000000,12.31,2011-12-31,17.67,,6232000000.0,868000000,164000000,63000000,,,None,305000000,None,,None,,,,,101000000,None,None,None,0.265,,407000000,461000000,,,,,None,,,,,1.374,5.83,3.332,,,,,,,,0.158,,,2025-10-29,annual,11.7,USD,post-market,None,,0.0868,0.288,0.059,245.97,407000000,,,,797.79,849.59,-4.9553,,,,,,,2611000000,,21.32,,1019.33,522.49
2025-12-28,URI,38.83,15986000000.0,21.32,,1.678,141.14,,,,,,,,,,,,,,,None,1630000000,1630000000,,,,,,None,440000000,,7.0,0.0085,,,,0.02,-0.61,184000000,624000000,12.31,2010-12-31,17.67,,6232000000.0,607000000,-63000000,-41000000,,,None,329000000,None,,None,,,,,-26000000,None,None,None,0.265,,367000000,240000000,,,,,None,,,,,1.374,5.83,3.332,,,,,,,,0.158,,,2025-10-29,annual,11.7,USD,post-market,None,,0.0868,0.288,0.059,245.97,367000000,,,,797.79,849.59,-4.9553,,,,,,,2237000000,,21.32,,1019.33,522.49
2025-12-28,URI,38.83,15986000000.0,21.32,,1.678,141.14,,,,,,,,,,,,,,,None,1805000000,1805000000,,,,,,None,465000000,,7.0,0.0085,,,,0.02,-0.61,128000000,593000000,12.31,2009-12-31,17.67,,6232000000.0,553000000,-107000000,-47000000,,,None,230000000,None,,None,,,,,-62000000,None,None,None,0.265,,408000000,145000000,,,,,None,,,,,1.374,5.83,3.332,,,,,,,,0.158,,,2025-10-29,annual,11.7,USD,post-market,None,,0.0868,0.288,0.059,245.97,408000000,,,,797.79,849.59,-4.9553,,,,,,,2358000000,,21.32,,1019.33,522.49
2025-12-28,URI,38.83,15986000000.0,21.32,,1.678,141.14,,,,,,,,,,,,,,,None,2222000000,2222000000,,,,,,None,513000000,,7.0,0.0085,,,,0.02,-0.61,-630000000,-117000000,12.31,2008-12-31,17.67,,6232000000.0,1045000000,-813000000,-109000000,,,None,183000000,None,,None,,,,,-704000000,None,None,None,0.265,,517000000,528000000,,,,,None,,,,,1.374,5.83,3.332,,,,,,,,0.158,,,2025-10-29,annual,11.7,USD,post-market,None,,0.0868,0.288,0.059,245.97,528000000,,,,797.79,849.59,-4.9553,,,,,,,3267000000,,21.32,,1019.33,522.49
2025-12-28,URI,38.83,15986000000.0,21.32,,1.678,141.14,,,,,,,,,,,,,,,None,2477000000,2477000000,,,,,,None,488000000,,7.0,0.0085,,,,0.02,-0.61,774000000,1262000000,12.31,2007-12-31,17.67,,6232000000.0,1254000000,578000000,215000000,,,None,196000000,None,,None,,,,,362000000,None,None,None,0.265,,595000000,659000000,,,,,None,,,,,1.374,5.83,3.332,,,,,,,,0.158,,,2025-10-29,annual,11.7,USD,post-market,None,,0.0868,0.288,0.059,245.97,595000000,,,,797.79,849.59,-4.9553,,,,,,,3731000000,,21.32,,1019.33,522.49
2025-12-28,URI,38.83,15986000000.0,21.32,,1.678,141.14,,,,,,,,,,,,,,,None,2401000000,2401000000,,,,,,None,487000000,,7.0,0.0085,,,,0.02,-0.61,620000000,1107000000,12.31,2006-12-31,17.67,,6232000000.0,1239000000,405000000,156000000,,,None,246000000,None,,None,,,,,224000000,None,None,None,0.265,,613000000,626000000,,,,,None,,,,,1.374,5.83,3.332,,,,,,,,0.158,,,2025-10-29,annual,11.7,USD,post-market,None,,0.0868,0.288,0.059,245.97,613000000,,,,797.79,849.59,-4.9553,,,,,,,3640000000,,21.32,,1019.33,522.49
2025-12-28,URI,38.83,15986000000.0,21.32,,1.678,141.14,,,,,,,,,,,,,,,None,2211000000,2211000000,,,,,,None,454000000,,7.0,0.0085,,,,0.02,-0.61,526000000,980000000,12.31,2005-12-31,17.67,,6232000000.0,1077000000,310000000,123000000,,,None,566000000,None,,None,,,,,187000000,None,None,None,0.265,,553000000,524000000,,,,,None,,,,,1.374,5.83,3.332,,,,,,,,0.158,,,2025-10-29,annual,11.7,USD,post-market,None,,0.0868,0.288,0.059,245.97,596000000,,,,797.79,849.59,-4.9553,,,,,,,3563000000,,21.32,,1019.33,522.49
2025-12-28,URI,38.83,15986000000.0,21.32,None,1.678,141.14,,1064000000,512000000,512000000,,,,,,,,,1000000,64275999,None,2211000000,2211000000,1276000000,None,1548000000,2579000000,None,None,454000000,,7.0,0.0085,,,,0.02,-0.61,526000000,980000000,12.31,2025-09-30,17.67,6884000000,6232000000.0,1077000000,310000000,123000000,531000000,531000000,None,566000000,None,234000000,None,None,12600000000,None,None,187000000,None,None,None,0.265,,553000000,524000000,458000000,1387000000,None,219000000,None,,,,,1.374,5.83,3.332,,,,,,,,0.158,,18806000000,2025-10-29,quarterly,11.7,USD,post-market,None,15304000000,0.0868,0.288,0.059,245.97,596000000,15212000000,1548000000,None,797.79,849.59,-4.9553,30065000000,3783000000,4211000000,21065000000,26282000000,16854000000,3563000000,9000000000,21.32,None,1019.33,522.49
2025-12-28,URI,38.83,15986000000.0,21.32,None,1.678,141.14,,1070000000,548000000,548000000,,,,,,,,,1000000,64947000,None,2211000000,2211000000,1439000000,None,1287000000,2368000000,None,None,454000000,,7.0,0.0085,,,,0.02,-0.61,526000000,980000000,12.31,2025-06-30,17.67,6888000000,6232000000.0,1077000000,310000000,123000000,588000000,588000000,None,566000000,None,242000000,None,None,12098000000,None,None,187000000,None,None,None,0.265,,553000000,524000000,362000000,1374000000,None,225000000,None,,,,,1.374,5.83,3.332,,,,,,,,0.158,,18154000000,2025-10-29,quarterly,11.7,USD,post-market,None,14718000000,0.0868,0.288,0.059,245.97,596000000,14455000000,1287000000,None,797.79,849.59,-4.9553,29206000000,3520000000,4100000000,20171000000,25686000000,16071000000,3563000000,9035000000,21.32,None,1019.33,522.49
2025-12-28,URI,38.83,15986000000.0,21.32,None,1.678,141.14,,1071000000,542000000,542000000,,,,,,,,,1000000,65435000,None,2211000000,2211000000,1029000000,None,1420000000,2298000000,None,None,454000000,,7.0,0.0085,,,,0.02,-0.61,526000000,980000000,12.31,2025-03-31,17.67,6860000000,6232000000.0,1077000000,310000000,123000000,642000000,642000000,None,566000000,None,227000000,None,None,11502000000,None,None,187000000,None,None,None,0.265,,553000000,524000000,174000000,1345000000,None,202000000,None,,,,,1.374,5.83,3.332,,,,,,,,0.158,,17254000000,2025-10-29,quarterly,11.7,USD,post-market,None,14214000000,0.0868,0.288,0.059,245.97,596000000,13993000000,1420000000,None,797.79,849.59,-4.9553,28050000000,3241000000,3794000000,19261000000,24809000000,15467000000,3563000000,8789000000,21.32,None,1019.33,522.49
2025-12-28,URI,38.83,15986000000.0,21.32,None,1.678,141.14,,1383000000,457000000,457000000,,,,,,,,,1000000,66185000,None,2211000000,2211000000,748000000,None,1178000000,2410000000,None,None,454000000,,7.0,0.0085,,,,0.02,-0.61,526000000,980000000,12.31,2024-12-31,17.67,6900000000,6232000000.0,1077000000,310000000,123000000,663000000,663000000,None,566000000,None,200000000,None,None,12228000000,None,None,187000000,None,None,None,0.265,,553000000,524000000,182000000,854000000,None,24000000,None,,,,,1.374,5.83,3.332,,,,,,,,0.158,,17302000000,2025-10-29,quarterly,11.7,USD,post-market,None,13813000000,0.0868,0.288,0.059,245.97,596000000,14789000000,1472000000,None,797.79,849.59,-4.9553,28163000000,3249000000,3323000000,19541000000,24914000000,16218000000,3563000000,8622000000,21.32,None,1019.33,522.49
2025-12-28,URI,38.83,15986000000.0,21.32,None,1.678,141.14,,1021000000,479000000,479000000,,,,,,,,,1000000,66185000,None,2211000000,2211000000,1216000000,None,1510000000,2396000000,None,None,454000000,,7.0,0.0085,,,,0.02,-0.61,526000000,980000000,12.31,2024-09-30,17.67,6853000000,6232000000.0,1077000000,310000000,123000000,694000000,694000000,None,566000000,None,211000000,None,None,11884000000,None,None,187000000,None,None,None,0.265,,553000000,524000000,235000000,1300000000,None,225000000,None,,,,,1.374,5.83,3.332,,,,,,,,0.158,,17496000000,2025-10-29,quarterly,11.7,USD,post-market,None,13231000000,0.0868,0.288,0.059,245.97,596000000,14415000000,1510000000,None,797.79,849.59,-4.9553,28412000000,3321000000,4026000000,19831000000,25091000000,15805000000,3563000000,8581000000,21.32,None,1019.33,522.49
2025-12-28,URI,38.83,15986000000.0,21.32,None,1.678,141.14,,988000000,467000000,467000000,,,,,,,,,1000000,66712000,None,2211000000,2211000000,1349000000,None,1369000000,2260000000,None,None,454000000,,7.0,0.0085,,,,0.02,-0.61,526000000,980000000,12.31,2024-06-30,17.67,6749000000,6232000000.0,1077000000,310000000,123000000,744000000,744000000,None,566000000,None,219000000,None,None,11520000000,None,None,187000000,None,None,None,0.265,,553000000,524000000,273000000,1251000000,None,183000000,None,,,,,1.374,5.83,3.332,,,,,,,,0.158,,None,2025-10-29,quarterly,11.7,USD,post-market,None,12630000000,0.0868,0.288,0.059,245.97,596000000,13877000000,1369000000,None,797.79,849.59,-4.9553,27613000000,3219000000,3969000000,19332000000,24394000000,15363000000,3563000000,8281000000,21.32,None,1019.33,522.49
2025-12-28,URI,38.83,15986000000.0,21.32,None,1.678,141.14,,966000000,429000000,429000000,,,,,,,,,1000000,67417000,None,2211000000,2211000000,959000000,None,1087000000,2221000000,None,None,454000000,,7.0,0.0085,,,,0.02,-0.61,526000000,980000000,12.31,2024-03-31,17.67,6863000000,6232000000.0,1077000000,310000000,123000000,666000000,666000000,None,566000000,None,208000000,None,None,11318000000,None,None,187000000,None,None,None,0.265,,553000000,524000000,151000000,1318000000,None,200000000,None,,,,,1.374,5.83,3.332,,,,,,,,0.158,,None,2025-10-29,quarterly,11.7,USD,post-market,None,12103000000,0.0868,0.288,0.059,245.97,596000000,13371000000,1087000000,None,797.79,849.59,-4.9553,26658000000,3009000000,3364000000,18538000000,23649000000,15174000000,3563000000,8120000000,21.32,None,1019.33,522.49
2025-12-28,URI,38.83,15986000000.0,21.32,None,1.678,141.14,,1144000000,363000000,363000000,,,,,,,,,1000000,67800000,None,2211000000,2211000000,905000000,None,1465000000,2235000000,None,None,454000000,,7.0,0.0085,,,,0.02,-0.61,526000000,980000000,12.31,2023-12-31,17.67,5940000000,6232000000.0,1077000000,310000000,123000000,670000000,670000000,None,566000000,None,205000000,None,None,10053000000,None,None,187000000,None,None,None,0.265,,553000000,524000000,130000000,741000000,None,None,None,,,,,1.374,5.83,3.332,,,,,,,,0.158,,None,2025-10-29,quarterly,11.7,USD,post-market,None,11672000000,0.0868,0.288,0.059,245.97,596000000,12662000000,1714000000,None,797.79,849.59,-4.9553,25589000000,2933000000,3637000000,17459000000,22656000000,13822000000,3563000000,8130000000,21.32,None,1019.33,522.49
2025-12-28,URI,38.83,15986000000.0,21.32,None,1.678,141.14,,890000000,284000000,284000000,,,,,,,,,1000000,68263000,None,2211000000,2211000000,1121000000,None,1448000000,2277000000,None,None,454000000,,7.0,0.0085,,,,0.02,-0.61,526000000,980000000,12.31,2023-09-30,17.67,5792000000,6232000000.0,1077000000,310000000,123000000,728000000,728000000,None,566000000,None,201000000,None,None,10580000000,None,None,187000000,None,None,None,0.265,,553000000,524000000,216000000,1104000000,None,176000000,None,,,,,1.374,5.83,3.332,,,,,,,,0.158,,16286000000,2025-10-29,quarterly,11.7,USD,post-market,None,11094000000,0.0868,0.288,0.059,245.97,596000000,12918000000,1448000000,None,797.79,849.59,-4.9553,25832000000,2978000000,3673000000,18076000000,22854000000,14403000000,3563000000,7756000000,21.32,None,1019.33,522.49
2025-12-28,URI,38.83,15986000000.0,21.32,None,1.678,141.14,,896000000,227000000,227000000,,,,,,,,,1000000,68841000,None,2211000000,2211000000,1339000000,None,1444000000,2138000000,None,None,454000000,,7.0,0.0085,,,,0.02,-0.61,526000000,980000000,12.31,2023-06-30,17.67,5826000000,6232000000.0,1077000000,310000000,123000000,773000000,773000000,None,566000000,None,210000000,None,None,10493000000,None,None,187000000,None,None,None,0.265,,553000000,524000000,263000000,1027000000,None,1065000000,None,,,,,1.374,5.83,3.332,,,,,,,,0.158,,16020000000,2025-10-29,quarterly,11.7,USD,post-market,None,10493000000,0.0868,0.288,0.059,245.97,596000000,12833000000,1444000000,None,797.79,849.59,-4.9553,25506000000,2838000000,3810000000,18092000000,22668000000,14282000000,3563000000,7414000000,21.32,None,1019.33,522.49
2025-12-28,URI,38.83,15986000000.0,21.32,None,1.678,141.14,,857000000,99000000,99000000,,,,,,,,,1000000,69745000,None,2211000000,2211000000,1117000000,None,156000000,2034000000,None,None,454000000,,7.0,0.0085,,,,0.02,-0.61,526000000,980000000,12.31,2023-03-31,17.67,5708000000,6232000000.0,1077000000,310000000,123000000,868000000,868000000,None,566000000,None,222000000,None,None,11492000000,None,None,187000000,None,None,None,0.265,,553000000,524000000,267000000,1007000000,None,1024000000,None,,,,,1.374,5.83,3.332,,,,,,,,0.158,,15386000000,2025-10-29,quarterly,11.7,USD,post-market,None,10003000000,0.0868,0.288,0.059,245.97,596000000,12505000000,156000000,None,797.79,849.59,-4.9553,24629000000,2622000000,2280000000,17499000000,22007000000,15219000000,3563000000,7130000000,21.32,None,1019.33,522.49
2025-12-28,URI,38.83,15986000000.0,21.32,None,1.678,141.14,,853000000,106000000,106000000,,,,,,,,,1000000,69800000,None,2211000000,2211000000,1139000000,None,161000000,2004000000,None,None,454000000,,7.0,0.0085,,,,0.02,-0.61,526000000,980000000,12.31,2022-12-31,17.67,6026000000,6232000000.0,1077000000,310000000,123000000,452000000,452000000,None,566000000,None,232000000,None,None,11209000000,None,None,187000000,None,None,None,0.265,,553000000,524000000,381000000,690000000,None,796000000,None,,,,,1.374,5.83,3.332,,,,,,,,0.158,,14935000000,2025-10-29,quarterly,11.7,USD,post-market,None,9656000000,0.0868,0.288,0.059,245.97,596000000,12223000000,372000000,None,797.79,849.59,-4.9553,24183000000,2723000000,2445000000,17121000000,21460000000,14676000000,3563000000,7062000000,21.32,None,1019.33,522.49
2025-12-28,URI,38.83,15986000000.0,21.32,None,1.678,141.14,,630000000,76000000,76000000,,,,,,,,,1000000,70053000,None,2211000000,2211000000,1136000000,None,156000000,1934000000,None,None,454000000,,7.0,0.0085,,,,0.02,-0.61,526000000,980000000,12.31,2022-09-30,17.67,5543000000,6232000000.0,1077000000,310000000,123000000,500000000,500000000,None,566000000,None,193000000,None,None,9754000000,None,None,187000000,None,None,None,0.265,,553000000,524000000,124000000,972000000,None,155000000,None,,,,,1.374,5.83,3.332,,,,,,,,0.158,,1449000000,2025-10-29,quarterly,11.7,USD,post-market,None,9017000000,0.0868,0.288,0.059,245.97,596000000,10540000000,156000000,None,797.79,849.59,-4.9553,21419000000,2327000000,2264000000,15066000000,19092000000,12802000000,3563000000,6353000000,21.32,-4957000000,1019.33,522.49
2025-12-28,URI,38.83,15986000000.0,21.32,None,1.678,141.14,,633000000,68000000,68000000,,,,,,,,,1000000,71354000,None,2211000000,2211000000,1065000000,None,60000000,1744000000,None,None,454000000,,7.0,0.0085,,,,0.02,-0.61,526000000,980000000,12.31,2022-06-30,17.67,5610000000,6232000000.0,1077000000,310000000,123000000,533000000,533000000,None,566000000,None,199000000,None,None,9761000000,None,None,187000000,None,None,None,0.265,,553000000,524000000,153000000,898000000,None,786000000,None,,,,,1.374,5.83,3.332,,,,,,,,0.158,,1443000000,2025-10-29,quarterly,11.7,USD,post-market,None,8411000000,0.0868,0.288,0.059,245.97,596000000,10454000000,60000000,None,797.79,849.59,-4.9553,20820000000,2164000000,2023000000,14774000000,18656000000,12751000000,3563000000,6046000000,21.32,-4719000000,1019.33,522.49
2025-12-28,URI,38.83,15986000000.0,21.32,None,1.678,141.14,,625000000,101000000,101000000,,,,,,,,,1000000,72684000,None,2211000000,2211000000,828000000,None,960000000,1607000000,None,None,454000000,,7.0,0.0085,,,,0.02,-0.61,526000000,980000000,12.31,2022-03-31,17.67,5517000000,6232000000.0,1077000000,310000000,123000000,583000000,583000000,None,566000000,None,179000000,None,None,8528000000,None,None,187000000,None,None,None,0.265,,553000000,524000000,123000000,809000000,None,772000000,None,,,,,1.374,5.83,3.332,,,,,,,,0.158,,1417000000,2025-10-29,quarterly,11.7,USD,post-market,None,7918000000,0.0868,0.288,0.059,245.97,596000000,10113000000,960000000,None,797.79,849.59,-4.9553,20169000000,2010000000,2597000000,14085000000,18159000000,11488000000,3563000000,6084000000,21.32,-4219000000,1019.33,522.49
2025-12-28,URI,38.83,15986000000.0,21.32,None,1.678,141.14,,823000000,144000000,144000000,,,,,,,,,1000000,72900000,None,2211000000,2211000000,816000000,None,906000000,1680000000,None,None,454000000,,7.0,0.0085,,,,0.02,-0.61,526000000,980000000,12.31,2021-12-31,17.67,5528000000,6232000000.0,1077000000,310000000,123000000,615000000,615000000,None,566000000,None,164000000,None,None,8779000000,None,None,187000000,None,None,None,0.265,,553000000,524000000,163000000,554000000,None,765000000,None,,,,,1.374,5.83,3.332,,,,,,,,0.158,,1396000000,2025-10-29,quarterly,11.7,USD,post-market,None,7551000000,0.0868,0.288,0.059,245.97,596000000,10508000000,1108000000,None,797.79,849.59,-4.9553,20292000000,2151000000,2603000000,14301000000,18141000000,11698000000,3563000000,5991000000,21.32,-3957000000,1019.33,522.49
2025-12-28,URI,38.83,15986000000.0,21.32,None,1.678,141.14,,615000000,320000000,320000000,,,,,,,,,1000000,72710000,None,2211000000,2211000000,1057000000,None,888000000,1608000000,None,None,454000000,,7.0,0.0085,,,,0.02,-0.61,526000000,980000000,12.31,2021-09-30,17.67,5458000000,6232000000.0,1077000000,310000000,123000000,662000000,662000000,None,566000000,None,166000000,None,None,9216000000,None,None,187000000,None,None,None,0.265,,553000000,524000000,106000000,807000000,None,159000000,None,,,,,1.374,5.83,3.332,,,,,,,,0.158,,11942000000,2025-10-29,quarterly,11.7,USD,post-market,None,7070000000,0.0868,0.288,0.059,245.97,596000000,10719000000,888000000,None,797.79,849.59,-4.9553,20306000000,2200000000,2752000000,14823000000,18106000000,12071000000,3563000000,5483000000,21.32,-3957000000,1019.33,522.49
2025-12-28,URI,38.83,15986000000.0,21.32,None,1.678,141.14,,630000000,336000000,336000000,,,,,,,,,1000000,72717000,None,2211000000,2211000000,897000000,None,852000000,1418000000,None,None,454000000,,7.0,0.0085,,,,0.02,-0.61,526000000,980000000,12.31,2021-06-30,17.67,5845000000,6232000000.0,1077000000,310000000,123000000,576000000,576000000,None,566000000,None,174000000,None,None,9219000000,None,None,187000000,None,None,None,0.265,,553000000,524000000,226000000,795000000,None,154000000,None,,,,,1.374,5.83,3.332,,,,,,,,0.158,,11024000000,2025-10-29,quarterly,11.7,USD,post-market,None,6661000000,0.0868,0.288,0.059,245.97,596000000,10790000000,852000000,None,797.79,849.59,-4.9553,19641000000,2154000000,2544000000,14547000000,17487000000,12003000000,3563000000,5094000000,21.32,-3957000000,1019.33,522.49
2025-12-28,URI,38.83,15986000000.0,21.32,None,1.678,141.14,,541000000,278000000,278000000,,,,,,,,,1000000,72674000,None,2211000000,2211000000,562000000,None,585000000,1258000000,None,None,454000000,,7.0,0.0085,,,,0.02,-0.61,526000000,980000000,12.31,2021-03-31,17.67,5167000000,6232000000.0,1077000000,310000000,123000000,592000000,592000000,None,566000000,None,114000000,None,None,8497000000,None,None,187000000,None,None,None,0.265,,553000000,524000000,354000000,694000000,None,686000000,None,,,,,1.374,5.83,3.332,,,,,,,,0.158,,1265000000,2025-10-29,quarterly,11.7,USD,post-market,None,6368000000,0.0868,0.288,0.059,245.97,596000000,9623000000,585000000,None,797.79,849.59,-4.9553,17542000000,2004000000,1841000000,12797000000,15538000000,10956000000,3563000000,4745000000,21.32,-3957000000,1019.33,522.49
2025-12-28,URI,38.83,15986000000.0,21.32,None,1.678,141.14,,727000000,202000000,202000000,,,,,,,,,1000000,72600000,None,2211000000,2211000000,466000000,None,704000000,1319000000,None,None,454000000,,7.0,0.0085,,,,0.02,-0.61,526000000,980000000,12.31,2020-12-31,17.67,5168000000,6232000000.0,1077000000,310000000,123000000,648000000,648000000,None,566000000,None,125000000,None,None,8978000000,None,None,187000000,None,None,None,0.265,,553000000,524000000,371000000,446000000,None,687000000,None,,,,,1.374,5.83,3.332,,,,,,,,0.158,,1292000000,2025-10-29,quarterly,11.7,USD,post-market,None,6165000000,0.0868,0.288,0.059,245.97,596000000,10409000000,882000000,None,797.79,849.59,-4.9553,17868000000,2017000000,1890000000,13323000000,15851000000,11433000000,3563000000,4545000000,21.32,-3957000000,1019.33,522.49
2025-12-28,URI,38.83,15986000000.0,21.32,None,1.678,141.14,,524000000,174000000,174000000,,,,,,,,,1000000,72400000,None,2211000000,2211000000,541000000,None,700000000,1324000000,None,None,454000000,,7.0,0.0085,,,,0.02,-0.61,526000000,980000000,12.31,2020-09-30,17.67,5147000000,6232000000.0,1077000000,310000000,123000000,701000000,701000000,None,566000000,None,108000000,None,None,9266000000,None,None,187000000,None,None,None,0.265,,553000000,524000000,122000000,675000000,None,662000000,None,,,,,1.374,5.83,3.332,,,,,,,,0.158,,9639000000,2025-10-29,quarterly,11.7,USD,post-market,None,5868000000,0.0868,0.288,0.059,245.97,596000000,10575000000,700000000,None,797.79,849.59,-4.9553,17908000000,1728000000,1916000000,13747000000,16180000000,11831000000,3563000000,4161000000,21.32,-3957000000,1019.33,522.49
2025-12-28,URI,38.83,15986000000.0,21.32,None,1.678,141.14,,532000000,127000000,127000000,,,,,,,,,1000000,72275000,None,2211000000,2211000000,316000000,None,806000000,1226000000,None,None,454000000,,7.0,0.0085,,,,0.02,-0.61,526000000,980000000,12.31,2020-06-30,17.67,5135000000,6232000000.0,1077000000,310000000,123000000,761000000,761000000,None,566000000,None,107000000,None,None,9599000000,None,None,187000000,None,None,None,0.265,,553000000,524000000,162000000,799000000,None,653000000,None,,,,,1.374,5.83,3.332,,,,,,,,0.158,,9695000000,2025-10-29,quarterly,11.7,USD,post-market,None,5660000000,0.0868,0.288,0.059,245.97,596000000,10937000000,806000000,None,797.79,849.59,-4.9553,17900000000,1622000000,1921000000,13993000000,16278000000,12072000000,3563000000,3907000000,21.32,-3957000000,1019.33,522.49
2025-12-28,URI,38.83,15986000000.0,21.32,None,1.678,141.14,,530000000,513000000,513000000,,,,,,,,,1000000,74300000,None,2211000000,2211000000,484000000,None,854000000,1413000000,None,None,454000000,,7.0,0.0085,,,,0.02,-0.61,526000000,980000000,12.31,2020-03-31,17.67,5122000000,6232000000.0,1077000000,310000000,123000000,823000000,823000000,None,566000000,None,115000000,None,None,10743000000,None,None,187000000,None,None,None,0.265,,553000000,524000000,173000000,658000000,None,616000000,None,,,,,1.374,5.83,3.332,,,,,,,,0.158,,10022000000,2025-10-29,quarterly,11.7,USD,post-market,None,5448000000,0.0868,0.288,0.059,245.97,596000000,12127000000,854000000,None,797.79,849.59,-4.9553,18868000000,2214000000,1996000000,15233000000,16654000000,13237000000,3563000000,3635000000,21.32,-3957000000,1019.33,522.49
2025-12-28,URI,38.83,15986000000.0,21.32,None,1.678,141.14,,711000000,52000000,52000000,,,,,,,,,1000000,75400000,None,2211000000,2211000000,454000000,None,997000000,1581000000,None,None,454000000,,7.0,0.0085,,,,0.02,-0.61,526000000,980000000,12.31,2019-12-31,17.67,5154000000,6232000000.0,1077000000,310000000,123000000,895000000,895000000,None,566000000,None,120000000,None,None,10431000000,None,None,187000000,None,None,None,0.265,,553000000,524000000,89000000,488000000,None,624000000,None,,,,,1.374,5.83,3.332,,,,,,,,0.158,,604000000,2025-10-29,quarterly,11.7,USD,post-market,None,5275000000,0.0868,0.288,0.059,245.97,596000000,12139000000,1175000000,None,797.79,849.59,-4.9553,18970000000,1842000000,2198000000,15140000000,17128000000,12942000000,3563000000,3830000000,21.32,-3700000000,1019.33,522.49
2025-12-28,URI,38.83,15986000000.0,21.32,None,1.678,141.14,,522000000,60000000,60000000,,,,,,,,,1000000,76857000,None,2211000000,2211000000,839000000,None,973000000,1595000000,None,None,454000000,,7.0,0.0085,,,,0.02,-0.61,526000000,980000000,12.31,2019-09-30,17.67,5143000000,6232000000.0,1077000000,310000000,123000000,961000000,961000000,None,566000000,None,130000000,None,None,10691000000,None,None,187000000,None,None,None,0.265,,553000000,524000000,96000000,831000000,None,621000000,None,,,,,1.374,5.83,3.332,,,,,,,,0.158,,10751000000,2025-10-29,quarterly,11.7,USD,post-market,None,4937000000,0.0868,0.288,0.059,245.97,596000000,12186000000,973000000,None,797.79,849.59,-4.9553,19405000000,1881000000,2643000000,15755000000,17524000000,13112000000,3563000000,3650000000,21.32,-3500000000,1019.33,522.49
2025-12-28,URI,38.83,15986000000.0,21.32,None,1.678,141.14,,497000000,75000000,75000000,,,,,,,,,1000000,78500000,None,2211000000,2211000000,752000000,None,995000000,1525000000,None,None,454000000,,7.0,0.0085,,,,0.02,-0.61,526000000,980000000,12.31,2019-06-30,17.67,5134000000,6232000000.0,1077000000,310000000,123000000,1019000000,1019000000,None,566000000,None,135000000,None,None,10700000000,None,None,187000000,None,None,None,0.265,,553000000,524000000,105000000,788000000,None,591000000,None,,,,,1.374,5.83,3.332,,,,,,,,0.158,,10417000000,2025-10-29,quarterly,11.7,USD,post-market,None,4546000000,0.0868,0.288,0.059,245.97,596000000,12192000000,995000000,None,797.79,849.59,-4.9553,19047000000,1840000000,2535000000,15569000000,17207000000,13034000000,3563000000,3478000000,21.32,-3290000000,1019.33,522.49
2025-12-28,URI,38.83,15986000000.0,21.32,None,1.678,141.14,,497000000,52000000,52000000,,,,,,,,,1000000,80047000,None,2211000000,2211000000,557000000,None,930000000,1487000000,None,None,454000000,,7.0,0.0085,,,,0.02,-0.61,526000000,980000000,12.31,2019-03-31,17.67,5121000000,6232000000.0,1077000000,310000000,123000000,1089000000,1089000000,None,566000000,None,123000000,None,None,10596000000,None,None,187000000,None,None,None,0.265,,553000000,524000000,58000000,751000000,None,583000000,None,,,,,1.374,5.83,3.332,,,,,,,,0.158,,10018000000,2025-10-29,quarterly,11.7,USD,post-market,None,4276000000,0.0868,0.288,0.059,245.97,596000000,12103000000,930000000,None,797.79,849.59,-4.9553,18586000000,1720000000,2238000000,15211000000,16866000000,12973000000,3563000000,3375000000,21.32,-3080000000,1019.33,522.49
2025-12-28,URI,38.83,15986000000.0,21.32,None,1.678,141.14,,None,43000000,43000000,,,,,,,,,1000000,81500000,None,2211000000,2211000000,536000000,None,856000000,1545000000,None,None,454000000,,7.0,0.0085,,,,0.02,-0.61,526000000,980000000,12.31,2018-12-31,17.67,5058000000,6232000000.0,1077000000,310000000,123000000,1084000000,1084000000,None,566000000,None,109000000,None,None,10769000000,None,None,187000000,None,None,None,0.265,,553000000,524000000,64000000,518000000,None,83000000,None,,,,,1.374,5.83,3.332,,,,,,,,0.158,,9600000000,2025-10-29,quarterly,11.7,USD,post-market,None,4101000000,0.0868,0.288,0.059,245.97,596000000,11747000000,903000000,None,797.79,849.59,-4.9553,18133000000,1761000000,2116000000,14730000000,16372000000,12614000000,3563000000,3403000000,21.32,-2870000000,1019.33,522.49
2025-12-28,URI,38.83,15986000000.0,21.32,None,1.678,141.14,,None,65000000,65000000,,,,,,,,,1000000,83200000,None,2211000000,2211000000,688000000,None,896000000,1438000000,None,None,454000000,,7.0,0.0085,,,,0.02,-0.61,526000000,980000000,12.31,2018-09-30,17.67,4313000000,6232000000.0,1077000000,310000000,123000000,895000000,895000000,None,566000000,None,104000000,None,None,9182000000,None,None,187000000,None,None,None,0.265,,553000000,524000000,85000000,503000000,None,123000000,None,,,,,1.374,5.83,3.332,,,,,,,,0.158,,8910000000,2025-10-29,quarterly,11.7,USD,post-market,None,3791000000,0.0868,0.288,0.059,245.97,596000000,10078000000,896000000,0,797.79,849.59,-4.9553,16354000000,1692000000,2087000000,13020000000,14662000000,10933000000,3563000000,3334000000,21.32,-2660000000,1019.33,522.49
2025-12-28,URI,38.83,15986000000.0,21.32,None,1.678,141.14,,None,117000000,117000000,,,,,,,,,1000000,84199000,None,2211000000,2211000000,859000000,None,900000000,1203000000,None,None,454000000,,7.0,0.0085,,,,0.02,-0.61,526000000,980000000,12.31,2018-06-30,17.67,4096000000,6232000000.0,1077000000,310000000,123000000,798000000,798000000,None,566000000,None,94000000,None,None,8086000000,None,None,187000000,None,None,None,0.265,,553000000,524000000,92000000,470000000,None,120000000,None,,,,,1.374,5.83,3.332,,,,,,,,0.158,,8213000000,2025-10-29,quarterly,11.7,USD,post-market,None,3458000000,0.0868,0.288,0.059,245.97,596000000,8986000000,900000000,0,797.79,849.59,-4.9553,15108000000,1506000000,2229000000,11944000000,13602000000,9715000000,3563000000,3164000000,21.32,-2450000000,1019.33,522.49
2025-12-28,URI,38.83,15986000000.0,21.32,None,1.678,141.14,,None,278000000,278000000,,,,,,,,,1000000,85200000,None,2211000000,2211000000,513000000,None,726000000,1154000000,None,None,454000000,,7.0,0.0085,,,,0.02,-0.61,526000000,980000000,12.31,2018-03-31,17.67,4115000000,6232000000.0,1077000000,310000000,123000000,825000000,825000000,None,566000000,None,84000000,None,None,8412000000,None,None,187000000,None,None,None,0.265,,553000000,524000000,74000000,402000000,None,122000000,None,,,,,1.374,5.83,3.332,,,,,,,,0.158,,7678000000,2025-10-29,quarterly,11.7,USD,post-market,None,3188000000,0.0868,0.288,0.059,245.97,596000000,9138000000,726000000,0,797.79,849.59,-4.9553,14688000000,1590000000,1641000000,11630000000,13098000000,9989000000,3563000000,3058000000,21.32,-2282000000,1019.33,522.49
2025-12-28,URI,38.83,15986000000.0,21.32,None,1.678,141.14,,None,352000000,352000000,,,,,,,,,1000000,85800000,None,2211000000,2211000000,409000000,None,723000000,1233000000,None,None,454000000,,7.0,0.0085,,,,0.02,-0.61,526000000,980000000,12.31,2017-12-31,17.67,4082000000,6232000000.0,1077000000,310000000,123000000,875000000,875000000,None,566000000,None,75000000,None,None,8717000000,None,None,187000000,None,None,None,0.265,,553000000,524000000,112000000,465000000,None,120000000,None,,,,,1.374,5.83,3.332,,,,,,,,0.158,,7824000000,2025-10-29,quarterly,11.7,USD,post-market,None,3005000000,0.0868,0.288,0.059,245.97,596000000,9440000000,723000000,0,797.79,849.59,-4.9553,15030000000,1772000000,1668000000,11924000000,13258000000,10256000000,3563000000,3106000000,21.32,-2105000000,1019.33,522.49
2025-12-28,URI,38.83,15986000000.0,21.32,None,1.678,141.14,,None,324000000,324000000,,,,,,,,,1000000,85600000,None,2211000000,2211000000,612000000,None,8371000000,1151000000,None,None,454000000,,7.0,0.0085,,,,0.02,-0.61,526000000,980000000,12.31,2017-09-30,17.67,3493000000,6232000000.0,1077000000,310000000,123000000,759000000,759000000,None,566000000,None,82000000,None,None,7677000000,None,None,187000000,None,None,None,0.265,,553000000,524000000,82000000,467000000,None,71000000,None,,,,,1.374,5.83,3.332,,,,,,,,0.158,,7391000000,2025-10-29,quarterly,11.7,USD,post-market,None,2108000000,0.0868,0.288,0.059,245.97,596000000,8371000000,694000000,0,797.79,849.59,-4.9553,13744000000,1639000000,1773000000,11533000000,12105000000,9760000000,3563000000,2211000000,21.32,-2077000000,1019.33,522.49
2025-12-28,URI,38.83,15986000000.0,21.32,None,1.678,141.14,,None,338000000,338000000,,,,,,,,,1000000,85400000,None,2211000000,2211000000,692000000,None,8215000000,990000000,None,None,454000000,,7.0,0.0085,,,,0.02,-0.61,526000000,980000000,12.31,2017-06-30,17.67,3468000000,6232000000.0,1077000000,310000000,123000000,798000000,798000000,None,566000000,None,78000000,None,None,7571000000,None,None,187000000,None,None,None,0.265,,553000000,524000000,77000000,408000000,None,69000000,None,,,,,1.374,5.83,3.332,,,,,,,,0.158,,7525000000,2025-10-29,quarterly,11.7,USD,post-market,None,1909000000,0.0868,0.288,0.059,245.97,596000000,8215000000,644000000,0,797.79,849.59,-4.9553,13284000000,1483000000,1744000000,11336000000,11801000000,9592000000,3563000000,1948000000,21.32,-2077000000,1019.33,522.49
2025-12-28,URI,38.83,15986000000.0,21.32,None,1.678,141.14,,None,337000000,337000000,,,,,,,,,1000000,85377000,None,2211000000,2211000000,382000000,None,577000000,854000000,None,None,454000000,,7.0,0.0085,,,,0.02,-0.61,526000000,980000000,12.31,2017-03-31,17.67,3262000000,6232000000.0,1077000000,310000000,123000000,701000000,701000000,None,566000000,None,75000000,None,None,6772000000,None,None,187000000,None,None,None,0.265,,553000000,524000000,54000000,358000000,None,69000000,None,,,,,1.374,5.83,3.332,,,,,,,,0.158,,6533000000,2025-10-29,quarterly,11.7,USD,post-market,None,1763000000,0.0868,0.288,0.059,245.97,596000000,7349000000,577000000,0,797.79,849.59,-4.9553,11822000000,1320000000,1317000000,10069000000,10502000000,8752000000,3563000000,1753000000,21.32,-2077000000,1019.33,522.49
2025-12-28,URI,38.83,15986000000.0,21.32,None,1.678,141.14,,None,312000000,312000000,,,,,,,,,1000000,85100000,None,2211000000,2211000000,243000000,None,597000000,920000000,None,None,454000000,,7.0,0.0085,,,,0.02,-0.61,526000000,980000000,12.31,2016-12-31,17.67,3260000000,6232000000.0,1077000000,310000000,123000000,742000000,742000000,None,566000000,None,68000000,None,None,7193000000,None,None,187000000,None,None,None,0.265,,553000000,524000000,61000000,258000000,None,67000000,None,,,,,1.374,5.83,3.332,,,,,,,,0.158,,6619000000,2025-10-29,quarterly,11.7,USD,post-market,None,1654000000,0.0868,0.288,0.059,245.97,596000000,7790000000,597000000,0,797.79,849.59,-4.9553,11988000000,1361000000,1184000000,10340000000,10627000000,9156000000,3563000000,1648000000,21.32,-2077000000,1019.33,522.49
2025-12-28,URI,38.83,15986000000.0,21.32,None,1.678,141.14,,None,297000000,297000000,,,,,,,,,1000000,86445000,None,2211000000,2211000000,409000000,None,609000000,929000000,None,None,454000000,,7.0,0.0085,,,,0.02,-0.61,526000000,980000000,12.31,2016-09-30,17.67,3267000000,6232000000.0,1077000000,310000000,123000000,782000000,782000000,None,566000000,None,72000000,None,None,7393000000,None,None,187000000,None,None,None,0.265,,553000000,524000000,56000000,402000000,None,60000000,None,,,,,1.374,5.83,3.332,,,,,,,,0.158,,6862000000,2025-10-29,quarterly,11.7,USD,post-market,None,1501000000,0.0868,0.288,0.059,245.97,596000000,8002000000,609000000,0,797.79,849.59,-4.9553,12275000000,1354000000,1420000000,10736000000,10921000000,9316000000,3563000000,1539000000,21.32,-2037000000,1019.33,522.49
2025-12-28,URI,38.83,15986000000.0,21.32,None,1.678,141.14,,None,265000000,265000000,,,,,,,,,1000000,88473000,None,2211000000,2211000000,609000000,None,576000000,867000000,None,None,454000000,,7.0,0.0085,,,,0.02,-0.61,526000000,980000000,12.31,2016-06-30,17.67,3259000000,6232000000.0,1077000000,310000000,123000000,825000000,825000000,None,566000000,None,71000000,None,None,7265000000,None,None,187000000,None,None,None,0.265,,553000000,524000000,61000000,323000000,None,55000000,None,,,,,1.374,5.83,3.332,,,,,,,,0.158,,6762000000,2025-10-29,quarterly,11.7,USD,post-market,None,1314000000,0.0868,0.288,0.059,245.97,596000000,7841000000,576000000,0,797.79,849.59,-4.9553,12120000000,1264000000,1508000000,10618000000,10856000000,9110000000,3563000000,1502000000,21.32,-1885000000,1019.33,522.49
2025-12-28,URI,38.83,15986000000.0,21.32,None,1.678,141.14,,None,219000000,219000000,,,,,,,,,1000000,90943000,None,2211000000,2211000000,330000000,None,None,833000000,None,None,454000000,,7.0,0.0085,,,,0.02,-0.61,526000000,980000000,12.31,2016-03-31,17.67,3262000000,6232000000.0,1077000000,310000000,123000000,864000000,864000000,None,566000000,None,74000000,None,None,7203000000,None,None,187000000,None,None,None,0.265,,553000000,524000000,56000000,349000000,None,54000000,None,,,,,1.374,5.83,3.332,,,,,,,,0.158,,6467000000,2025-10-29,quarterly,11.7,USD,post-market,None,1180000000,0.0868,0.288,0.059,245.97,596000000,7753000000,550000000,0,797.79,849.59,-4.9553,11784000000,1182000000,1229000000,10283000000,10602000000,9054000000,3563000000,1501000000,21.32,-1714000000,1019.33,522.49
2025-12-28,URI,38.83,15986000000.0,21.32,None,1.678,141.14,,None,179000000,179000000,,,,,,,,,1000000,93600000,None,2211000000,2211000000,271000000,None,607000000,930000000,None,None,454000000,,7.0,0.0085,,,,0.02,-0.61,526000000,980000000,12.31,2015-12-31,17.67,3243000000,6232000000.0,1077000000,310000000,123000000,905000000,905000000,None,566000000,None,69000000,None,None,7555000000,None,None,187000000,None,None,None,0.265,,553000000,524000000,116000000,295000000,None,54000000,None,,,,,1.374,5.83,3.332,,,,,,,,0.158,,6631000000,2025-10-29,quarterly,11.7,USD,post-market,None,1088000000,0.0868,0.288,0.059,245.97,596000000,8162000000,607000000,0,797.79,849.59,-4.9553,12083000000,1294000000,1233000000,10607000000,10789000000,9374000000,3563000000,1476000000,21.32,-1560000000,1019.33,522.49
2025-12-28,URI,38.83,15986000000.0,21.32,None,1.678,141.14,,None,171000000,171000000,,,,,,,,,1000000,95191000,None,2211000000,2211000000,475000000,None,None,994000000,None,None,454000000,,7.0,0.0085,,,,0.02,-0.61,526000000,980000000,12.31,2015-09-30,17.67,3257000000,6232000000.0,1077000000,310000000,123000000,948000000,948000000,None,566000000,None,77000000,None,None,7876000000,None,None,187000000,None,None,None,0.265,,553000000,524000000,184000000,403000000,None,55000000,None,,,,,1.374,5.83,3.332,,,,,,,,0.158,,6874000000,2025-10-29,quarterly,11.7,USD,post-market,None,919000000,0.0868,0.288,0.059,245.97,596000000,8515000000,639000000,0,797.79,849.59,-4.9553,12598000000,1426000000,1517000000,11101000000,11172000000,9584000000,3563000000,1497000000,21.32,-1440000000,1019.33,522.49
2025-12-28,URI,38.83,15986000000.0,21.32,None,1.678,141.14,,None,200000000,200000000,,,,,,,,,1000000,97747000,None,2211000000,2211000000,683000000,None,None,894000000,None,None,454000000,,7.0,0.0085,,,,0.02,-0.61,526000000,980000000,12.31,2015-06-30,17.67,3253000000,6232000000.0,1077000000,310000000,123000000,1000000000,1000000000,None,566000000,None,81000000,None,None,7820000000,None,None,187000000,None,None,None,0.265,,553000000,524000000,261000000,309000000,None,55000000,None,,,,,1.374,5.83,3.332,,,,,,,,0.158,,6821000000,2025-10-29,quarterly,11.7,USD,post-market,None,704000000,0.0868,0.288,0.059,245.97,596000000,8410000000,590000000,0,797.79,849.59,-4.9553,12605000000,1436000000,1582000000,11153000000,11169000000,9571000000,3563000000,1452000000,21.32,-1273000000,1019.33,522.49
2025-12-28,URI,38.83,15986000000.0,21.32,None,1.678,141.14,,None,257000000,257000000,,,,,,,,,1000000,99065000,None,2211000000,2211000000,465000000,None,None,848000000,None,None,454000000,,7.0,0.0085,,,,0.02,-0.61,526000000,980000000,12.31,2015-03-31,17.67,3249000000,6232000000.0,1077000000,310000000,123000000,1047000000,1047000000,None,566000000,None,81000000,None,None,7482000000,None,None,187000000,None,None,None,0.265,,553000000,524000000,266000000,497000000,None,60000000,None,,,,,1.374,5.83,3.332,,,,,,,,0.158,,6416000000,2025-10-29,quarterly,11.7,USD,post-market,None,618000000,0.0868,0.288,0.059,245.97,596000000,8075000000,593000000,0,797.79,849.59,-4.9553,12282000000,1452000000,1555000000,10787000000,10830000000,9232000000,3563000000,1495000000,21.32,-1118000000,1019.33,522.49
2025-12-28,URI,38.83,15986000000.0,21.32,None,1.678,141.14,,None,158000000,158000000,,,,,,,,,1000000,99065000,None,2211000000,2211000000,250000000,None,618000000,940000000,None,None,454000000,,7.0,0.0085,,,,0.02,-0.61,526000000,980000000,12.31,2014-12-31,17.67,3272000000,6232000000.0,1077000000,310000000,123000000,1106000000,1106000000,None,566000000,None,78000000,None,None,7434000000,None,None,187000000,None,None,None,0.265,,553000000,524000000,122000000,372000000,None,65000000,None,,,,,1.374,5.83,3.332,,,,,,,,0.158,,6446000000,2025-10-29,quarterly,11.7,USD,post-market,None,503000000,0.0868,0.288,0.059,245.97,596000000,8052000000,618000000,0,797.79,849.59,-4.9553,12467000000,1546000000,1478000000,10669000000,10921000000,9191000000,3563000000,1798000000,21.32,-802000000,1019.33,522.49
2025-12-28,URI,38.83,15986000000.0,21.32,None,1.678,141.14,,None,168000000,168000000,,,,,,,,,1000000,104076000,None,2211000000,2211000000,505000000,None,None,941000000,None,None,454000000,,7.0,0.0085,,,,0.02,-0.61,526000000,980000000,12.31,2014-09-30,17.67,3270000000,6232000000.0,1077000000,310000000,123000000,1165000000,1165000000,None,566000000,None,112000000,None,None,7477000000,None,None,187000000,None,None,None,0.265,,553000000,524000000,157000000,572000000,None,83000000,None,,,,,1.374,5.83,3.332,,,,,,,,0.158,,6146000000,2025-10-29,quarterly,11.7,USD,post-market,None,309000000,0.0868,0.288,0.059,245.97,596000000,8095000000,618000000,0,797.79,849.59,-4.9553,12483000000,1378000000,1695000000,10667000000,11105000000,8972000000,3563000000,1816000000,21.32,-589000000,1019.33,522.49
2025-12-28,URI,38.83,15986000000.0,21.32,None,1.678,141.14,,None,170000000,170000000,,,,,,,,,1000000,105600000,None,2211000000,2211000000,625000000,None,None,844000000,None,None,454000000,,7.0,0.0085,,,,0.02,-0.61,526000000,980000000,12.31,2014-06-30,17.67,3293000000,6232000000.0,1077000000,310000000,123000000,1218000000,1218000000,None,566000000,None,119000000,None,None,7394000000,None,None,187000000,None,None,None,0.265,,553000000,524000000,263000000,500000000,None,80000000,None,,,,,1.374,5.83,3.332,,,,,,,,0.158,,6452000000,2025-10-29,quarterly,11.7,USD,post-market,None,117000000,0.0868,0.288,0.059,245.97,596000000,8015000000,621000000,0,797.79,849.59,-4.9553,12467000000,1396000000,1746000000,10660000000,11071000000,8914000000,3563000000,1807000000,21.32,-437000000,1019.33,522.49
2025-12-28,URI,38.83,15986000000.0,21.32,None,1.678,141.14,,None,227000000,227000000,,,,,,,,,1000000,106424000,None,2211000000,2211000000,454000000,None,None,752000000,None,None,454000000,,7.0,0.0085,,,,0.02,-0.61,526000000,980000000,12.31,2014-03-31,17.67,2944000000,6232000000.0,1077000000,310000000,123000000,972000000,972000000,None,566000000,None,102000000,None,None,6774000000,None,None,187000000,None,None,None,0.265,,553000000,524000000,319000000,382000000,None,67000000,None,,,,,1.374,5.83,3.332,,,,,,,,0.158,,5406000000,2025-10-29,quarterly,11.7,USD,post-market,None,23000000,0.0868,0.288,0.059,245.97,596000000,7039000000,265000000,0,797.79,849.59,-4.9553,11247000000,1400000000,1101000000,9423000000,9847000000,8322000000,3563000000,1824000000,21.32,-252000000,1019.33,522.49
2025-12-28,URI,38.83,15986000000.0,21.32,None,1.678,141.14,,None,175000000,175000000,,,,,,,,,1000000,106424000,None,2211000000,2211000000,292000000,None,None,804000000,None,None,454000000,,7.0,0.0085,,,,0.02,-0.61,526000000,980000000,12.31,2013-12-31,17.67,2953000000,6232000000.0,1077000000,310000000,123000000,1018000000,1018000000,None,566000000,None,70000000,None,None,6569000000,None,None,187000000,None,None,None,0.265,,553000000,524000000,313000000,300000000,None,69000000,None,,,,,1.374,5.83,3.332,,,,,,,,0.158,,5795000000,2025-10-29,quarterly,11.7,USD,post-market,None,-37000000,0.0868,0.288,0.059,245.97,596000000,7173000000,604000000,0,797.79,849.59,-4.9553,11231000000,1362000000,1286000000,9383000000,9869000000,8097000000,3563000000,1848000000,21.32,-209000000,1019.33,522.49
2025-12-28,URI,38.83,15986000000.0,21.32,None,1.678,141.14,,None,125000000,125000000,,,,,,,,,1000000,105548000,None,2211000000,2211000000,366000000,None,None,807000000,None,None,454000000,,7.0,0.0085,,,,0.02,-0.61,526000000,980000000,12.31,2013-09-30,17.67,2961000000,6232000000.0,1077000000,310000000,123000000,1064000000,1064000000,None,566000000,None,91000000,None,None,6952000000,None,None,187000000,None,None,None,0.265,,553000000,524000000,391000000,422000000,None,69000000,None,,,,,1.374,5.83,3.332,,,,,,,,0.158,,420000000,2025-10-29,quarterly,11.7,USD,post-market,None,-177000000,0.0868,0.288,0.059,245.97,596000000,7582000000,630000000,0,797.79,849.59,-4.9553,11563000000,1414000000,1418000000,9834000000,10149000000,8416000000,3563000000,1729000000,21.32,-200000000,1019.33,522.49
2025-12-28,URI,38.83,15986000000.0,21.32,None,1.678,141.14,,None,133000000,133000000,,,,,,,,,1000000,106715000,None,2211000000,2211000000,606000000,None,None,751000000,None,None,454000000,,7.0,0.0085,,,,0.02,-0.61,526000000,980000000,12.31,2013-06-30,17.67,2954000000,6232000000.0,1077000000,310000000,123000000,1103000000,1103000000,None,566000000,None,111000000,None,None,6732000000,None,None,187000000,None,None,None,0.265,,553000000,524000000,368000000,362000000,None,65000000,None,,,,,1.374,5.83,3.332,,,,,,,,0.158,,417000000,2025-10-29,quarterly,11.7,USD,post-market,None,-320000000,0.0868,0.288,0.059,245.97,596000000,7356000000,624000000,0,797.79,849.59,-4.9553,11326000000,1363000000,1592000000,9717000000,9963000000,8125000000,3563000000,1609000000,21.32,-185000000,1019.33,522.49
2025-12-28,URI,38.83,15986000000.0,21.32,None,1.678,141.14,,None,147000000,147000000,,,,,,,,,1000000,106380000,None,2211000000,2211000000,406000000,None,None,725000000,None,None,454000000,,7.0,0.0085,,,,0.02,-0.61,526000000,980000000,12.31,2013-03-31,17.67,2963000000,6232000000.0,1077000000,310000000,123000000,1151000000,1151000000,None,566000000,None,103000000,None,None,6597000000,None,None,187000000,None,None,None,0.265,,553000000,524000000,336000000,396000000,None,None,None,,,,,1.374,5.83,3.332,,,,,,,,0.158,,5383000000,2025-10-29,quarterly,11.7,USD,post-market,None,-403000000,0.0868,0.288,0.059,245.97,596000000,7164000000,567000000,0,797.79,849.59,-4.9553,10921000000,1311000000,1369000000,9326000000,9610000000,7957000000,3563000000,1595000000,21.32,-133000000,1019.33,522.49
2025-12-28,URI,38.83,15986000000.0,21.32,None,1.678,141.14,,None,106000000,106000000,,,,,,,,,1000000,105200000,None,2211000000,2211000000,286000000,None,None,793000000,None,None,454000000,,7.0,0.0085,,,,0.02,-0.61,526000000,980000000,12.31,2012-12-31,17.67,2970000000,6232000000.0,1077000000,310000000,123000000,1200000000,1200000000,None,566000000,None,68000000,None,None,6734000000,None,None,187000000,None,None,None,0.265,,553000000,524000000,376000000,378000000,None,None,None,,,,,1.374,5.83,3.332,,,,,,,,0.158,,5394000000,2025-10-29,quarterly,11.7,USD,post-market,None,-424000000,0.0868,0.288,0.059,245.97,596000000,7364000000,630000000,0,797.79,849.59,-4.9553,11026000000,1343000000,1351000000,9452000000,9683000000,8101000000,3563000000,1574000000,21.32,-115000000,1019.33,522.49
2025-12-28,URI,38.83,15986000000.0,21.32,None,1.678,141.14,,None,68000000,68000000,,,,,,,,,1000000,105300000,None,2211000000,2211000000,408000000,None,None,804000000,None,None,454000000,,7.0,0.0085,,,,0.02,-0.61,526000000,980000000,12.31,2012-09-30,17.67,2964000000,6232000000.0,1077000000,310000000,123000000,1264000000,1264000000,None,566000000,None,89000000,None,None,6779000000,None,None,187000000,None,None,None,0.265,,553000000,524000000,150000000,455000000,None,None,None,,,,,1.374,5.83,3.332,,,,,,,,0.158,,5529000000,2025-10-29,quarterly,11.7,USD,post-market,None,-465000000,0.0868,0.288,0.059,245.97,596000000,7430000000,651000000,0,797.79,849.59,-4.9553,10992000000,1111000000,1514000000,9497000000,9881000000,7983000000,3563000000,1495000000,21.32,-112000000,1019.33,522.49
2025-12-28,URI,38.83,15986000000.0,21.32,None,1.678,141.14,,None,41000000,41000000,,,,,,,,,1000000,83231000,None,2211000000,2211000000,605000000,None,None,704000000,None,None,454000000,,7.0,0.0085,,,,0.02,-0.61,526000000,980000000,12.31,2012-06-30,17.67,2994000000,6232000000.0,1077000000,310000000,123000000,704000000,704000000,None,566000000,None,102000000,None,None,6923000000,None,None,187000000,None,None,None,0.265,,553000000,524000000,172000000,395000000,None,None,None,,,,,1.374,5.83,3.332,,,,,,,,0.158,,5514000000,2025-10-29,quarterly,11.7,USD,post-market,None,-538000000,0.0868,0.288,0.059,245.97,596000000,7344000000,421000000,0,797.79,849.59,-4.9553,10942000000,1019000000,1421000000,9547000000,9923000000,8126000000,3563000000,1395000000,21.32,-100000000,1019.33,522.49
2025-12-28,URI,38.83,15986000000.0,21.32,None,1.678,141.14,,None,26000000,26000000,,,,,,,,,1000000,76266000,None,2211000000,2211000000,384000000,None,None,417000000,None,None,454000000,,7.0,0.0085,,,,0.02,-0.61,526000000,980000000,12.31,2012-03-31,17.67,0,6232000000.0,1077000000,310000000,123000000,417000000,417000000,None,566000000,None,85000000,None,None,5645000000,None,None,187000000,None,None,None,0.265,,553000000,524000000,128000000,291000000,None,None,None,,,,,1.374,5.83,3.332,,,,,,,,0.158,,3245000000,2025-10-29,quarterly,11.7,USD,post-market,None,-486000000,0.0868,0.288,0.059,245.97,596000000,6016000000,371000000,0,797.79,849.59,-4.9553,7297000000,656000000,1046000000,7207000000,6641000000,6161000000,3563000000,90000000,21.32,0,1019.33,522.49
2025-12-28,URI,38.83,15986000000.0,21.32,None,1.678,141.14,,None,36000000,36000000,,,,,,,,,1000000,76266000,None,2211000000,2211000000,220000000,None,None,464000000,None,None,454000000,,7.0,0.0085,,,,0.02,-0.61,526000000,980000000,12.31,2011-12-31,17.67,289000000,6232000000.0,1077000000,310000000,123000000,83000000,83000000,None,566000000,None,44000000,None,None,2647000000,None,None,187000000,None,None,None,0.265,,553000000,524000000,179000000,231000000,None,None,None,,,,,1.374,5.83,3.332,,,,,,,,0.158,,2983000000,2025-10-29,quarterly,11.7,USD,post-market,None,-499000000,0.0868,0.288,0.059,245.97,596000000,3042000000,395000000,None,797.79,849.59,-4.9553,4143000000,723000000,864000000,4079000000,3420000000,3215000000,3563000000,64000000,21.32,None,1019.33,522.49
2025-12-28,URI,38.83,15986000000.0,21.32,None,1.678,141.14,,None,26000000,26000000,,,,,,,,,1000000,73400000,None,2211000000,2211000000,233000000,None,None,453000000,None,None,454000000,,7.0,0.0085,,,,0.02,-0.61,526000000,980000000,12.31,2011-09-30,17.67,453000000,6232000000.0,1077000000,310000000,123000000,332000000,332000000,None,566000000,None,56000000,None,None,2616000000,None,None,187000000,None,None,None,0.265,,553000000,524000000,123000000,245000000,None,None,None,,,,,1.374,5.83,3.332,,,,,,,,0.158,,2958000000,2025-10-29,quarterly,11.7,USD,post-market,None,-528000000,0.0868,0.288,0.059,245.97,596000000,3017000000,401000000,0,797.79,849.59,-4.9553,4005000000,658000000,879000000,3991000000,3347000000,3112000000,3563000000,14000000,21.32,0,1019.33,522.49
2025-12-28,URI,38.83,15986000000.0,21.32,None,1.678,141.14,,None,58000000,58000000,,,,,,,,,1000000,72972974,None,2211000000,2211000000,282000000,None,None,407000000,None,None,454000000,,7.0,0.0085,,,,0.02,-0.61,526000000,980000000,12.31,2011-06-30,17.67,407000000,6232000000.0,1077000000,310000000,123000000,319000000,319000000,None,566000000,None,70000000,None,None,2629000000,None,None,187000000,None,None,None,0.265,,553000000,524000000,139000000,211000000,None,None,None,,,,,1.374,5.83,3.332,,,,,,,,0.158,,2900000000,2025-10-29,quarterly,11.7,USD,post-market,None,-593000000,0.0868,0.288,0.059,245.97,596000000,2976000000,347000000,0,797.79,849.59,-4.9553,3952000000,673000000,840000000,3972000000,3279000000,3132000000,3563000000,-20000000,21.32,0,1019.33,522.49
2025-12-28,URI,38.83,15986000000.0,21.32,None,1.678,141.14,,None,205000000,205000000,,,,,,,,,1000000,61287051,None,2211000000,2211000000,222000000,None,None,341000000,None,None,454000000,,7.0,0.0085,,,,0.02,-0.61,526000000,980000000,12.31,2011-03-31,17.67,341000000,6232000000.0,1077000000,310000000,123000000,226000000,226000000,None,566000000,None,63000000,None,None,2664000000,None,None,187000000,None,None,None,0.265,,553000000,524000000,124000000,189000000,None,None,None,,,,,1.374,5.83,3.332,,,,,,,,0.158,,2669000000,2025-10-29,quarterly,11.7,USD,post-market,None,-620000000,0.0868,0.288,0.059,245.97,596000000,2863000000,199000000,None,797.79,849.59,-4.9553,3692000000,733000000,610000000,3721000000,2959000000,3111000000,3563000000,-29000000,21.32,None,1019.33,522.49
2025-12-28,URI,38.83,15986000000.0,21.32,None,1.678,141.14,,None,203000000,203000000,,,,,,,,,1000000,61287051,None,2211000000,2211000000,132000000,None,None,377000000,None,None,454000000,,7.0,0.0085,,,,0.02,-0.61,526000000,980000000,12.31,2010-12-31,17.67,198000000,6232000000.0,1077000000,310000000,123000000,29000000,29000000,None,566000000,None,39000000,None,None,2700000000,None,None,187000000,None,None,None,0.265,,553000000,524000000,106000000,208000000,None,None,None,,,,,1.374,5.83,3.332,,,,,,,,0.158,,2673000000,2025-10-29,quarterly,11.7,USD,post-market,None,-600000000,0.0868,0.288,0.059,245.97,596000000,2929000000,229000000,None,797.79,849.59,-4.9553,3693000000,725000000,569000000,3713000000,2968000000,3144000000,3563000000,-20000000,21.32,None,1019.33,522.49
2025-12-28,URI,38.83,15986000000.0,21.32,None,1.678,141.14,,None,170000000,170000000,,,,,,,,,1000000,68532000,None,2211000000,2211000000,167000000,None,None,399000000,None,None,454000000,,7.0,0.0085,,,,0.02,-0.61,526000000,980000000,12.31,2010-09-30,17.67,399000000,6232000000.0,1077000000,310000000,123000000,227000000,227000000,None,566000000,None,48000000,None,None,2816000000,None,None,187000000,None,None,None,0.265,,553000000,524000000,95000000,234000000,None,None,None,,,,,1.374,5.83,3.332,,,,,,,,0.158,,2744000000,2025-10-29,quarterly,11.7,USD,post-market,None,-579000000,0.0868,0.288,0.059,245.97,596000000,2939000000,123000000,None,797.79,849.59,-4.9553,3744000000,712000000,524000000,3759000000,3032000000,3235000000,3563000000,-15000000,21.32,None,1019.33,522.49
2025-12-28,URI,38.83,15986000000.0,21.32,None,1.678,141.14,,None,30000000,30000000,,,,,,,,,1000000,67691000,None,2211000000,2211000000,188000000,None,None,344000000,None,None,454000000,,7.0,0.0085,,,,0.02,-0.61,526000000,980000000,12.31,2010-06-30,17.67,344000000,6232000000.0,1077000000,310000000,123000000,227000000,227000000,None,566000000,None,60000000,None,None,2711000000,None,None,187000000,None,None,None,0.265,,553000000,524000000,97000000,195000000,None,None,None,,,,,1.374,5.83,3.332,,,,,,,,0.158,,2751000000,2025-10-29,quarterly,11.7,USD,post-market,None,-602000000,0.0868,0.288,0.059,245.97,596000000,2835000000,124000000,None,797.79,849.59,-4.9553,3574000000,531000000,507000000,3624000000,3043000000,3117000000,3563000000,-50000000,21.32,None,1019.33,522.49
2025-12-28,URI,38.83,15986000000.0,21.32,None,1.678,141.14,,None,20000000,20000000,,,,,,,,,1000000,60227000,None,2211000000,2211000000,138000000,None,None,320000000,None,None,454000000,,7.0,0.0085,,,,0.02,-0.61,526000000,980000000,12.31,2010-03-31,17.67,320000000,6232000000.0,1077000000,310000000,123000000,230000000,230000000,None,566000000,None,46000000,None,None,2706000000,None,None,187000000,None,None,None,0.265,,553000000,524000000,125000000,219000000,None,None,None,,,,,1.374,5.83,3.332,,,,,,,,0.158,,2775000000,2025-10-29,quarterly,11.7,USD,post-market,None,-614000000,0.0868,0.288,0.059,245.97,596000000,2830000000,124000000,None,797.79,849.59,-4.9553,3584000000,511000000,481000000,3632000000,3073000000,3151000000,3563000000,-48000000,21.32,None,1019.33,522.49
2025-12-28,URI,38.83,15986000000.0,21.32,None,1.678,141.14,,None,169000000,169000000,,,,,,,,,1000000,60227000,None,2211000000,2211000000,128000000,None,None,337000000,None,None,454000000,,7.0,0.0085,,,,0.02,-0.61,526000000,980000000,12.31,2009-12-31,17.67,196000000,6232000000.0,1077000000,310000000,123000000,35000000,35000000,None,566000000,None,44000000,None,None,2950000000,None,None,187000000,None,None,None,0.265,,553000000,524000000,155000000,208000000,None,None,None,,,,,1.374,5.83,3.332,,,,,,,,0.158,,2848000000,2025-10-29,quarterly,11.7,USD,post-market,None,-574000000,0.0868,0.288,0.059,245.97,596000000,3075000000,125000000,None,797.79,849.59,-4.9553,3859000000,705000000,461000000,3878000000,3154000000,3417000000,3563000000,-19000000,21.32,None,1019.33,522.49
2025-12-28,URI,38.83,15986000000.0,21.32,None,1.678,141.14,,None,149000000,149000000,,,,,,,,,1000000,60700000,None,2211000000,2211000000,143000000,None,None,369000000,None,None,454000000,,7.0,0.0085,,,,0.02,-0.61,526000000,980000000,12.31,2009-09-30,17.67,369000000,6232000000.0,1077000000,310000000,123000000,232000000,232000000,None,566000000,None,52000000,None,None,3093000000,None,None,187000000,None,None,None,0.265,,553000000,524000000,109000000,215000000,None,None,None,,,,,1.374,5.83,3.332,,,,,,,,0.158,,2921000000,2025-10-29,quarterly,11.7,USD,post-market,None,-548000000,0.0868,0.288,0.059,245.97,596000000,3102000000,9000000,None,797.79,849.59,-4.9553,3895000000,679000000,367000000,3913000000,3216000000,3546000000,3563000000,-18000000,21.32,None,1019.33,522.49
2025-12-28,URI,38.83,15986000000.0,21.32,None,1.678,141.14,,None,125000000,125000000,,,,,,,,,1000000,60100000,None,2211000000,2211000000,144000000,None,None,375000000,None,None,454000000,,7.0,0.0085,,,,0.02,-0.61,526000000,980000000,12.31,2009-06-30,17.67,375000000,6232000000.0,1077000000,310000000,123000000,230000000,230000000,None,566000000,None,55000000,None,None,3166000000,None,None,187000000,None,None,None,0.265,,553000000,524000000,110000000,196000000,None,None,None,,,,,1.374,5.83,3.332,,,,,,,,0.158,,2956000000,2025-10-29,quarterly,11.7,USD,post-market,None,-548000000,0.0868,0.288,0.059,245.97,596000000,3175000000,9000000,None,797.79,849.59,-4.9553,3918000000,665000000,349000000,3964000000,3253000000,3615000000,3563000000,-46000000,21.32,None,1019.33,522.49
2025-12-28,URI,38.83,15986000000.0,21.32,None,1.678,141.14,,None,96000000,96000000,,,,,,,,,1000000,59986000,None,2211000000,2211000000,154000000,None,None,359000000,None,None,454000000,,7.0,0.0085,,,,0.02,-0.61,526000000,980000000,12.31,2009-03-31,17.67,359000000,6232000000.0,1077000000,310000000,123000000,229000000,229000000,None,566000000,None,59000000,None,None,3221000000,None,None,187000000,None,None,None,0.265,,553000000,524000000,108000000,191000000,None,None,None,,,,,1.374,5.83,3.332,,,,,,,,0.158,,3064000000,2025-10-29,quarterly,11.7,USD,post-market,None,-531000000,0.0868,0.288,0.059,245.97,596000000,3232000000,11000000,None,797.79,849.59,-4.9553,3977000000,622000000,356000000,4033000000,3355000000,3677000000,3563000000,-56000000,21.32,None,1019.33,522.49
2025-12-28,URI,38.83,15986000000.0,21.32,None,1.678,141.14,,None,77000000,77000000,,,,,,,,,1000000,59986000,None,2211000000,2211000000,157000000,None,None,454000000,None,None,454000000,,7.0,0.0085,,,,0.02,-0.61,526000000,980000000,12.31,2008-12-31,17.67,190000000,6232000000.0,1077000000,310000000,123000000,39000000,39000000,None,566000000,None,59000000,None,None,3332000000,None,None,187000000,None,None,None,0.265,,553000000,524000000,113000000,257000000,None,None,None,,,,,1.374,5.83,3.332,,,,,,,,0.158,,3193000000,2025-10-29,quarterly,11.7,USD,post-market,None,-512000000,0.0868,0.288,0.059,245.97,596000000,3345000000,13000000,None,797.79,849.59,-4.9553,4191000000,703000000,427000000,4220000000,3488000000,3793000000,3563000000,-29000000,21.32,None,1019.33,522.49
2025-12-28,URI,38.83,15986000000.0,21.32,None,1.678,141.14,,None,66000000,66000000,,,,,,,,,1000000,66672000,None,2211000000,2211000000,211000000,None,None,507000000,None,None,454000000,,7.0,0.0085,,,,0.02,-0.61,526000000,980000000,12.31,2008-09-30,17.67,1393000000,6232000000.0,1077000000,310000000,123000000,1393000000,1393000000,None,566000000,None,78000000,None,None,3579000000,None,None,187000000,None,None,None,0.265,,553000000,524000000,130000000,246000000,None,None,None,,,,,1.374,5.83,3.332,,,,,,,,0.158,,3367000000,2025-10-29,quarterly,11.7,USD,post-market,None,341000000,0.0868,0.288,0.059,245.97,596000000,3590000000,11000000,None,797.79,849.59,-4.9553,5612000000,781000000,468000000,4737000000,4831000000,4269000000,3563000000,875000000,21.32,None,1019.33,522.49
2025-12-28,URI,38.83,15986000000.0,21.32,None,1.678,141.14,,None,80000000,80000000,,,,,,,,,1000000,86419000,None,2211000000,2211000000,311000000,None,None,478000000,None,None,454000000,,7.0,0.0085,,,,0.02,-0.61,526000000,980000000,12.31,2008-06-30,17.67,1395000000,6232000000.0,1077000000,310000000,123000000,1395000000,1395000000,None,566000000,None,94000000,None,None,2983000000,None,None,187000000,None,None,None,0.265,,553000000,524000000,116000000,262000000,None,None,None,,,,,1.374,5.83,3.332,,,,,,,,0.158,,3370000000,2025-10-29,quarterly,11.7,USD,post-market,None,267000000,0.0868,0.288,0.059,245.97,596000000,2995000000,12000000,None,797.79,849.59,-4.9553,5609000000,768000000,585000000,4195000000,4841000000,3610000000,3563000000,1414000000,21.32,None,1019.33,522.49
2025-12-28,URI,38.83,15986000000.0,21.32,None,1.678,141.14,,None,515000000,515000000,,,,,,,,,1000000,111764707,None,2211000000,2211000000,275000000,None,None,452000000,None,None,454000000,,7.0,0.0085,,,,0.02,-0.61,526000000,980000000,12.31,2008-03-31,17.67,1396000000,6232000000.0,1077000000,310000000,123000000,1396000000,1396000000,None,566000000,None,95000000,None,None,2559000000,None,None,187000000,None,None,None,0.265,,553000000,524000000,128000000,216000000,None,None,None,,,,,1.374,5.83,3.332,,,,,,,,0.158,,3236000000,2025-10-29,quarterly,11.7,USD,post-market,None,469000000,0.0868,0.288,0.059,245.97,596000000,2716000000,157000000,None,797.79,849.59,-4.9553,5872000000,1190000000,648000000,3830000000,4682000000,3182000000,3563000000,2042000000,21.32,None,1019.33,522.49
2025-12-28,URI,38.83,15986000000.0,21.32,None,1.678,141.14,,None,381000000,381000000,,,,,,,,,1000000,111764706,None,2211000000,2211000000,195000000,None,None,519000000,None,None,454000000,,7.0,0.0085,,,,0.02,-0.61,526000000,980000000,12.31,2007-12-31,17.67,1404000000,6232000000.0,1077000000,310000000,123000000,1404000000,1404000000,None,566000000,None,91000000,None,None,2701000000,None,None,187000000,None,None,None,0.265,,553000000,524000000,129000000,294000000,None,None,None,,,,,1.374,5.83,3.332,,,,,,,,0.158,,3266000000,2025-10-29,quarterly,11.7,USD,post-market,None,431000000,0.0868,0.288,0.059,245.97,596000000,2570000000,15000000,None,797.79,849.59,-4.9553,5842000000,1120000000,520000000,3824000000,4722000000,3304000000,3563000000,2018000000,21.32,None,1019.33,522.49
2025-12-28,URI,38.83,15986000000.0,21.32,None,1.678,141.14,,None,112000000,112000000,,,,,,,,,1000000,101142000,None,2211000000,2211000000,248000000,None,None,582000000,None,None,454000000,,7.0,0.0085,,,,0.02,-0.61,526000000,980000000,12.31,2007-09-30,17.67,1407000000,6232000000.0,1077000000,310000000,123000000,1407000000,1407000000,None,566000000,None,123000000,None,None,2681000000,None,None,187000000,None,None,None,0.265,,553000000,524000000,102000000,273000000,None,None,None,,,,,1.374,5.83,3.332,,,,,,,,0.158,,3333000000,2025-10-29,quarterly,11.7,USD,post-market,None,278000000,0.0868,0.288,0.059,245.97,596000000,2759000000,78000000,None,797.79,849.59,-4.9553,5717000000,919000000,599000000,3852000000,4798000000,3253000000,3563000000,1865000000,21.32,None,1019.33,522.49
2025-12-28,URI,38.83,15986000000.0,21.32,None,1.678,141.14,,None,104000000,104000000,,,,,,,,,1000000,114968000,None,2211000000,2211000000,348000000,None,None,553000000,None,None,454000000,,7.0,0.0085,,,,0.02,-0.61,526000000,980000000,12.31,2007-06-30,17.67,1397000000,6232000000.0,1077000000,310000000,123000000,1397000000,1397000000,None,566000000,None,162000000,None,None,2655000000,None,None,187000000,None,None,None,0.265,,553000000,524000000,109000000,263000000,None,None,None,,,,,1.374,5.83,3.332,,,,,,,,0.158,,3281000000,2025-10-29,quarterly,11.7,USD,post-market,None,166000000,0.0868,0.288,0.059,245.97,596000000,2776000000,121000000,None,797.79,849.59,-4.9553,5668000000,928000000,732000000,3966000000,4740000000,3234000000,3563000000,1702000000,21.32,None,1019.33,522.49
2025-12-28,URI,38.83,15986000000.0,21.32,None,1.678,141.14,,None,104000000,104000000,,,,,,,,,1000000,96774194,None,2211000000,2211000000,344000000,None,None,500000000,None,None,454000000,,7.0,0.0085,,,,0.02,-0.61,526000000,980000000,12.31,2007-03-31,17.67,1385000000,6232000000.0,1077000000,310000000,123000000,1385000000,1385000000,None,566000000,None,169000000,None,None,2655000000,None,None,187000000,None,None,None,0.265,,553000000,524000000,121000000,224000000,None,None,None,,,,,1.374,5.83,3.332,,,,,,,,0.158,,3069000000,2025-10-29,quarterly,11.7,USD,post-market,None,99000000,0.0868,0.288,0.059,245.97,596000000,2716000000,61000000,None,797.79,849.59,-4.9553,5410000000,894000000,629000000,3829000000,4516000000,3200000000,3563000000,1581000000,21.32,None,1019.33,522.49
2025-12-28,URI,38.83,15986000000.0,21.32,None,1.678,141.14,,None,119000000,119000000,,,,,,,,,1000000,96774194,None,2211000000,2211000000,218000000,None,None,502000000,None,None,454000000,,7.0,0.0085,,,,0.02,-0.61,526000000,980000000,12.31,2006-12-31,17.67,1338000000,6232000000.0,1077000000,310000000,123000000,1376000000,1376000000,None,566000000,None,139000000,None,None,2665000000,None,None,187000000,None,None,None,0.265,,553000000,524000000,245000000,344000000,None,None,None,,,,,1.374,5.83,3.332,,,,,,,,0.158,,2920000000,2025-10-29,quarterly,11.7,USD,post-market,None,69000000,0.0868,0.288,0.059,245.97,596000000,2702000000,37000000,None,797.79,849.59,-4.9553,5366000000,1005000000,599000000,3828000000,4361000000,3229000000,3563000000,1538000000,21.32,None,1019.33,522.49
2025-12-28,URI,38.83,15986000000.0,21.32,None,1.678,141.14,,None,140000000,140000000,,,,,,,,,1000000,97938145,None,2211000000,2211000000,267000000,None,None,615000000,None,None,454000000,,7.0,0.0085,,,,0.02,-0.61,526000000,980000000,12.31,2006-09-30,17.67,1340000000,6232000000.0,1077000000,310000000,123000000,30000000,30000000,None,566000000,None,174000000,None,None,2957000000,None,None,187000000,None,None,None,0.265,,553000000,524000000,123000000,423000000,None,None,None,,,,,1.374,5.83,3.332,,,,,,,,0.158,,3066000000,2025-10-29,quarterly,11.7,USD,post-market,None,16000000,0.0868,0.288,0.059,245.97,596000000,2957000000,None,None,797.79,849.59,-4.9553,5488000000,1052000000,690000000,3987000000,4436000000,3297000000,3563000000,1501000000,21.32,None,1019.33,522.49
2025-12-28,URI,38.83,15986000000.0,21.32,None,1.678,141.14,,None,208000000,208000000,,,,,,,,,1000000,94915255,None,2211000000,2211000000,284000000,None,None,566000000,None,None,454000000,,7.0,0.0085,,,,0.02,-0.61,526000000,980000000,12.31,2006-06-30,17.67,1341000000,6232000000.0,1077000000,310000000,123000000,31000000,31000000,None,566000000,None,195000000,None,None,3116000000,None,None,187000000,None,None,None,0.265,,553000000,524000000,140000000,435000000,None,None,None,,,,,1.374,5.83,3.332,,,,,,,,0.158,,3049000000,2025-10-29,quarterly,11.7,USD,post-market,None,-79000000,0.0868,0.288,0.059,245.97,596000000,3116000000,None,None,797.79,849.59,-4.9553,5530000000,1109000000,719000000,4128000000,4421000000,3409000000,3563000000,1402000000,21.32,None,1019.33,522.49
2025-12-28,URI,38.83,15986000000.0,21.32,None,1.678,141.14,,None,331000000,331000000,,,,,,,,,1000000,95238096,None,2211000000,2211000000,318000000,None,None,494000000,None,None,454000000,,7.0,0.0085,,,,0.02,-0.61,526000000,980000000,12.31,2006-03-31,17.67,1328000000,6232000000.0,1077000000,310000000,123000000,32000000,32000000,None,566000000,None,211000000,None,None,3128000000,None,None,187000000,None,None,None,0.265,,553000000,524000000,143000000,390000000,None,None,None,,,,,1.374,5.83,3.332,,,,,,,,0.158,,2822000000,2025-10-29,quarterly,11.7,USD,post-market,None,-135000000,0.0868,0.288,0.059,245.97,596000000,3128000000,None,None,797.79,849.59,-4.9553,5361000000,1179000000,708000000,4110000000,4182000000,3402000000,3563000000,1251000000,21.32,None,1019.33,522.49
2025-12-28,URI,38.83,15986000000.0,21.32,None,1.678,141.14,,None,316000000,316000000,,,,,,,,,1000000,95238095,None,2211000000,2211000000,223000000,None,None,511000000,None,None,454000000,,7.0,0.0085,,,,0.02,-0.61,526000000,980000000,12.31,2005-12-31,17.67,1328000000,6232000000.0,1077000000,310000000,123000000,1361000000,1361000000,None,566000000,None,174000000,None,None,3125000000,None,None,187000000,None,None,None,0.265,,553000000,524000000,422000000,291000000,None,None,None,,,,,1.374,5.83,3.332,,,,,,,,0.158,,2697000000,2025-10-29,quarterly,11.7,USD,post-market,None,-155000000,0.0868,0.288,0.059,245.97,596000000,3152000000,None,None,797.79,849.59,-4.9553,5274000000,1216000000,631000000,4045000000,4058000000,3414000000,3563000000,1229000000,21.32,None,1019.33,522.49
2025-12-28,URI,38.83,15986000000.0,21.32,None,1.678,141.14,,None,151000000,151000000,,,,,,,,,1000000,95000000,None,2211000000,2211000000,243000000,None,None,584000000,None,None,454000000,,7.0,0.0085,,,,0.02,-0.61,526000000,980000000,12.31,2005-09-30,17.67,1300000000,6232000000.0,1077000000,310000000,123000000,1334000000,1334000000,None,566000000,None,180000000,None,None,3158000000,None,None,187000000,None,None,None,0.265,,553000000,524000000,None,None,None,None,None,,,,,1.374,5.83,3.332,,,,,,,,0.158,,2781000000,2025-10-29,quarterly,11.7,USD,post-market,None,-204000000,0.0868,0.288,0.059,245.97,596000000,3158000000,None,None,797.79,849.59,-4.9553,5188000000,1073000000,610000000,4007000000,None,None,3563000000,1181000000,21.32,None,1019.33,522.49
2025-12-28,URI,38.83,15986000000.0,21.32,None,1.678,141.14,,1383000000,457000000,457000000,,,,,,,,,1000000,66567000,None,2211000000,2211000000,748000000,None,1178000000,2410000000,None,None,454000000,,7.0,0.0085,,,,0.02,-0.61,526000000,980000000,12.31,2024-12-31,17.67,6900000000,6232000000.0,1077000000,310000000,123000000,663000000,663000000,None,566000000,None,200000000,None,None,12228000000,None,None,187000000,None,None,None,0.265,,553000000,524000000,182000000,854000000,None,24000000,None,,,,,1.374,5.83,3.332,,,,,,,,0.158,,17302000000,2025-10-29,annual,11.7,USD,post-market,None,13813000000,0.0868,0.288,0.059,245.97,596000000,14789000000,1472000000,None,797.79,849.59,-4.9553,28163000000,3249000000,3323000000,19541000000,24914000000,16218000000,3563000000,8622000000,21.32,None,1019.33,522.49
2025-12-28,URI,38.83,15986000000.0,21.32,None,1.678,141.14,,1144000000,363000000,363000000,,,,,,,,,1000000,68710000,None,2211000000,2211000000,905000000,None,1465000000,2235000000,None,None,454000000,,7.0,0.0085,,,,0.02,-0.61,526000000,980000000,12.31,2023-12-31,17.67,5940000000,6232000000.0,1077000000,310000000,123000000,670000000,670000000,None,566000000,None,205000000,None,None,10053000000,None,None,187000000,None,None,None,0.265,,553000000,524000000,130000000,741000000,None,None,None,,,,,1.374,5.83,3.332,,,,,,,,0.158,,16003000000,2025-10-29,annual,11.7,USD,post-market,None,11672000000,0.0868,0.288,0.059,245.97,596000000,12662000000,1714000000,None,797.79,849.59,-4.9553,25589000000,2933000000,3637000000,17459000000,22656000000,13822000000,3563000000,8130000000,21.32,None,1019.33,522.49
2025-12-28,URI,38.83,15986000000.0,21.32,None,1.678,141.14,,853000000,106000000,106000000,,,,,,,,,1000000,70973000,None,2211000000,2211000000,1139000000,None,161000000,2004000000,None,None,454000000,,7.0,0.0085,,,,0.02,-0.61,526000000,980000000,12.31,2022-12-31,17.67,6026000000,6232000000.0,1077000000,310000000,123000000,452000000,452000000,None,566000000,None,232000000,None,None,11137000000,None,None,187000000,None,None,None,0.265,,553000000,524000000,381000000,690000000,None,796000000,None,,,,,1.374,5.83,3.332,,,,,,,,0.158,,14935000000,2025-10-29,annual,11.7,USD,post-market,None,9656000000,0.0868,0.288,0.059,245.97,596000000,12223000000,372000000,None,797.79,849.59,-4.9553,24183000000,2723000000,2445000000,17121000000,21460000000,14676000000,3563000000,7062000000,21.32,None,1019.33,522.49
2025-12-28,URI,38.83,15986000000.0,21.32,None,1.678,141.14,,823000000,144000000,144000000,,,,,,,,,1000000,72817000,None,2211000000,2211000000,816000000,None,906000000,1680000000,None,None,454000000,,7.0,0.0085,,,,0.02,-0.61,526000000,980000000,12.31,2021-12-31,17.67,5528000000,6232000000.0,1077000000,310000000,123000000,615000000,615000000,None,566000000,None,164000000,None,None,8779000000,None,None,187000000,None,None,None,0.265,,553000000,524000000,163000000,554000000,None,765000000,None,,,,,1.374,5.83,3.332,,,,,,,,0.158,,1396000000,2025-10-29,annual,11.7,USD,post-market,None,7551000000,0.0868,0.288,0.059,245.97,596000000,10508000000,1108000000,None,797.79,849.59,-4.9553,20292000000,2151000000,2603000000,14301000000,18141000000,11698000000,3563000000,5991000000,21.32,-3957000000,1019.33,522.49
2025-12-28,URI,38.83,15986000000.0,21.32,None,1.678,141.14,,727000000,202000000,202000000,,,,,,,,,1000000,72929000,None,2211000000,2211000000,466000000,None,704000000,1319000000,None,None,454000000,,7.0,0.0085,,,,0.02,-0.61,526000000,980000000,12.31,2020-12-31,17.67,5168000000,6232000000.0,1077000000,310000000,123000000,648000000,648000000,None,566000000,None,125000000,None,None,8978000000,None,None,187000000,None,None,None,0.265,,553000000,524000000,371000000,446000000,None,687000000,None,,,,,1.374,5.83,3.332,,,,,,,,0.158,,1292000000,2025-10-29,annual,11.7,USD,post-market,None,6165000000,0.0868,0.288,0.059,245.97,596000000,10409000000,882000000,None,797.79,849.59,-4.9553,17868000000,2017000000,1890000000,13323000000,15851000000,11433000000,3563000000,4545000000,21.32,-3957000000,1019.33,522.49
2025-12-28,URI,38.83,15986000000.0,21.32,None,1.678,141.14,,711000000,52000000,52000000,,,,,,,,,1000000,77710000,None,2211000000,2211000000,454000000,None,997000000,1581000000,None,None,454000000,,7.0,0.0085,,,,0.02,-0.61,526000000,980000000,12.31,2019-12-31,17.67,5154000000,6232000000.0,1077000000,310000000,123000000,895000000,895000000,None,566000000,None,120000000,None,None,10431000000,None,None,187000000,None,None,None,0.265,,553000000,524000000,89000000,488000000,None,624000000,None,,,,,1.374,5.83,3.332,,,,,,,,0.158,,604000000,2025-10-29,annual,11.7,USD,post-market,None,5275000000,0.0868,0.288,0.059,245.97,596000000,12139000000,1175000000,None,797.79,849.59,-4.9553,18970000000,1842000000,2198000000,15140000000,17128000000,12942000000,3563000000,3830000000,21.32,-3700000000,1019.33,522.49
2025-12-28,URI,38.83,15986000000.0,21.32,None,1.678,141.14,,None,43000000,43000000,,,,,,,,,1000000,83500000,None,2211000000,2211000000,536000000,None,903000000,1545000000,None,None,454000000,,7.0,0.0085,,,,0.02,-0.61,526000000,980000000,12.31,2018-12-31,17.67,5058000000,6232000000.0,1077000000,310000000,123000000,1084000000,1084000000,None,566000000,None,109000000,None,None,10844000000,None,None,187000000,None,None,None,0.265,,553000000,524000000,64000000,518000000,None,83000000,None,,,,,1.374,5.83,3.332,,,,,,,,0.158,,9600000000,2025-10-29,annual,11.7,USD,post-market,None,4101000000,0.0868,0.288,0.059,245.97,596000000,11747000000,903000000,None,797.79,849.59,-4.9553,18133000000,1761000000,2116000000,14730000000,16372000000,12614000000,3563000000,3403000000,21.32,-2870000000,1019.33,522.49
2025-12-28,URI,38.83,15986000000.0,21.32,None,1.678,141.14,,None,352000000,352000000,,,,,,,,,1000000,85600000,None,2211000000,2211000000,409000000,None,723000000,1233000000,None,None,454000000,,7.0,0.0085,,,,0.02,-0.61,526000000,980000000,12.31,2017-12-31,17.67,4082000000,6232000000.0,1077000000,310000000,123000000,875000000,875000000,None,566000000,None,75000000,None,None,8717000000,None,None,187000000,None,None,None,0.265,,553000000,524000000,112000000,465000000,None,120000000,None,,,,,1.374,5.83,3.332,,,,,,,,0.158,,7824000000,2025-10-29,annual,11.7,USD,post-market,None,3005000000,0.0868,0.288,0.059,245.97,596000000,9440000000,723000000,0,797.79,849.59,-4.9553,15030000000,1772000000,1668000000,11924000000,13258000000,10256000000,3563000000,3106000000,21.32,-2105000000,1019.33,522.49
2025-12-28,URI,38.83,15986000000.0,21.32,None,1.678,141.14,,None,312000000,312000000,,,,,,,,,1000000,87800000,None,2211000000,2211000000,243000000,None,597000000,920000000,None,None,454000000,,7.0,0.0085,,,,0.02,-0.61,526000000,980000000,12.31,2016-12-31,17.67,3260000000,6232000000.0,1077000000,310000000,123000000,742000000,742000000,None,566000000,None,68000000,None,None,7193000000,None,None,187000000,None,None,None,0.265,,553000000,524000000,61000000,283000000,None,67000000,None,,,,,1.374,5.83,3.332,,,,,,,,0.158,,6619000000,2025-10-29,annual,11.7,USD,post-market,None,1654000000,0.0868,0.288,0.059,245.97,596000000,7790000000,597000000,0,797.79,849.59,-4.9553,11988000000,1361000000,1184000000,10340000000,10627000000,9156000000,3563000000,1648000000,21.32,-2077000000,1019.33,522.49
2025-12-28,URI,38.83,15986000000.0,21.32,None,1.678,141.14,,None,179000000,179000000,,,,,,,,,1000000,96400000,None,2211000000,2211000000,271000000,None,607000000,930000000,None,None,454000000,,7.0,0.0085,,,,0.02,-0.61,526000000,980000000,12.31,2015-12-31,17.67,3243000000,6232000000.0,1077000000,310000000,123000000,905000000,905000000,None,566000000,None,69000000,None,None,7555000000,None,None,187000000,None,None,None,0.265,,553000000,524000000,116000000,295000000,None,54000000,None,,,,,1.374,5.83,3.332,,,,,,,,0.158,,6631000000,2025-10-29,annual,11.7,USD,post-market,None,1088000000,0.0868,0.288,0.059,245.97,596000000,8162000000,607000000,0,797.79,849.59,-4.9553,12083000000,1294000000,1233000000,10607000000,10789000000,9374000000,3563000000,1476000000,21.32,-1560000000,1019.33,522.49
2025-12-28,URI,38.83,15986000000.0,21.32,None,1.678,141.14,,None,158000000,158000000,,,,,,,,,1000000,104956000,None,2211000000,2211000000,414000000,None,618000000,940000000,None,None,454000000,,7.0,0.0085,,,,0.02,-0.61,526000000,980000000,12.31,2014-12-31,17.67,3272000000,6232000000.0,1077000000,310000000,123000000,1106000000,1106000000,None,566000000,None,78000000,None,None,7434000000,None,None,187000000,None,None,None,0.265,,553000000,524000000,122000000,372000000,None,65000000,None,,,,,1.374,5.83,3.332,,,,,,,,0.158,,6446000000,2025-10-29,annual,11.7,USD,post-market,None,503000000,0.0868,0.288,0.059,245.97,596000000,8052000000,618000000,0,797.79,849.59,-4.9553,12467000000,1546000000,1478000000,10669000000,10921000000,9191000000,3563000000,1798000000,21.32,-802000000,1019.33,522.49
2025-12-28,URI,38.83,15986000000.0,21.32,None,1.678,141.14,,None,175000000,175000000,,,,,,,,,1000000,106291000,None,2211000000,2211000000,292000000,None,None,804000000,None,None,454000000,,7.0,0.0085,,,,0.02,-0.61,526000000,980000000,12.31,2013-12-31,17.67,2953000000,6232000000.0,1077000000,310000000,123000000,1018000000,1018000000,None,566000000,None,70000000,None,None,6569000000,None,None,187000000,None,None,None,0.265,,553000000,524000000,313000000,329000000,None,None,None,,,,,1.374,5.83,3.332,,,,,,,,0.158,,5795000000,2025-10-29,annual,11.7,USD,post-market,None,-37000000,0.0868,0.288,0.059,245.97,596000000,7173000000,604000000,0,797.79,849.59,-4.9553,11231000000,1362000000,1286000000,9383000000,9869000000,8097000000,3563000000,1848000000,21.32,-209000000,1019.33,522.49
2025-12-28,URI,38.83,15986000000.0,21.32,None,1.678,141.14,,None,106000000,106000000,,,,,,,,,1000000,94800000,None,2211000000,2211000000,286000000,None,None,793000000,None,None,454000000,,7.0,0.0085,,,,0.02,-0.61,526000000,980000000,12.31,2012-12-31,17.67,2970000000,6232000000.0,1077000000,310000000,123000000,1200000000,1200000000,None,566000000,None,68000000,None,None,6734000000,None,None,187000000,None,None,None,0.265,,553000000,524000000,376000000,378000000,None,None,None,,,,,1.374,5.83,3.332,,,,,,,,0.158,,5394000000,2025-10-29,annual,11.7,USD,post-market,None,-424000000,0.0868,0.288,0.059,245.97,596000000,7364000000,630000000,0,797.79,849.59,-4.9553,11026000000,1343000000,1351000000,9452000000,9683000000,8101000000,3563000000,1574000000,21.32,-115000000,1019.33,522.49
2025-12-28,URI,38.83,15986000000.0,21.32,None,1.678,141.14,,None,36000000,36000000,,,,,,,,,1000000,73349000,None,2211000000,2211000000,206000000,None,None,464000000,None,None,454000000,,7.0,0.0085,,,,0.02,-0.61,526000000,980000000,12.31,2011-12-31,17.67,289000000,6232000000.0,1077000000,310000000,123000000,83000000,83000000,None,566000000,None,44000000,None,None,2647000000,None,None,187000000,None,None,None,0.265,,553000000,524000000,179000000,245000000,None,None,None,,,,,1.374,5.83,3.332,,,,,,,,0.158,,2983000000,2025-10-29,annual,11.7,USD,post-market,None,-499000000,0.0868,0.288,0.059,245.97,596000000,3042000000,395000000,None,797.79,849.59,-4.9553,4143000000,723000000,864000000,4079000000,3420000000,3215000000,3563000000,64000000,21.32,None,1019.33,522.49
2025-12-28,URI,38.83,15986000000.0,21.32,None,1.678,141.14,,None,203000000,203000000,,,,,,,,,1000000,60455000,None,2211000000,2211000000,132000000,None,None,377000000,None,None,454000000,,7.0,0.0085,,,,0.02,-0.61,526000000,980000000,12.31,2010-12-31,17.67,198000000,6232000000.0,1077000000,310000000,123000000,29000000,29000000,None,566000000,None,39000000,None,None,2700000000,None,None,187000000,None,None,None,0.265,,553000000,524000000,106000000,208000000,None,None,None,,,,,1.374,5.83,3.332,,,,,,,,0.158,,2673000000,2025-10-29,annual,11.7,USD,post-market,None,-600000000,0.0868,0.288,0.059,245.97,596000000,2929000000,229000000,None,797.79,849.59,-4.9553,3693000000,725000000,569000000,3713000000,2968000000,3144000000,3563000000,-20000000,21.32,None,1019.33,522.49
2025-12-28,URI,38.83,15986000000.0,21.32,None,1.678,141.14,,None,169000000,169000000,,,,,,,,,1000000,60100000,None,2211000000,2211000000,128000000,None,None,337000000,None,None,454000000,,7.0,0.0085,,,,0.02,-0.61,526000000,980000000,12.31,2009-12-31,17.67,196000000,6232000000.0,1077000000,310000000,123000000,35000000,35000000,None,566000000,None,44000000,None,None,2950000000,None,None,187000000,None,None,None,0.265,,553000000,524000000,155000000,208000000,None,None,None,,,,,1.374,5.83,3.332,,,,,,,,0.158,,2848000000,2025-10-29,annual,11.7,USD,post-market,None,-574000000,0.0868,0.288,0.059,245.97,596000000,3075000000,125000000,None,797.79,849.59,-4.9553,3859000000,705000000,461000000,3878000000,3154000000,3417000000,3563000000,-19000000,21.32,None,1019.33,522.49
2025-12-28,URI,38.83,15986000000.0,21.32,None,1.678,141.14,,None,77000000,77000000,,,,,,,,,1000000,74734000,None,2211000000,2211000000,157000000,None,None,454000000,None,None,454000000,,7.0,0.0085,,,,0.02,-0.61,526000000,980000000,12.31,2008-12-31,17.67,190000000,6232000000.0,1077000000,310000000,123000000,39000000,39000000,None,566000000,None,59000000,None,None,3332000000,None,None,187000000,None,None,None,0.265,,553000000,524000000,113000000,257000000,None,None,None,,,,,1.374,5.83,3.332,,,,,,,,0.158,,3193000000,2025-10-29,annual,11.7,USD,post-market,None,-512000000,0.0868,0.288,0.059,245.97,596000000,3345000000,13000000,None,797.79,849.59,-4.9553,4191000000,703000000,427000000,4220000000,3488000000,3793000000,3563000000,-29000000,21.32,None,1019.33,522.49
2025-12-28,URI,38.83,15986000000.0,21.32,None,1.678,141.14,,None,381000000,381000000,,,,,,,,,1000000,113722000,None,2211000000,2211000000,195000000,None,None,519000000,None,None,454000000,,7.0,0.0085,,,,0.02,-0.61,526000000,980000000,12.31,2007-12-31,17.67,1404000000,6232000000.0,1077000000,310000000,123000000,1404000000,1404000000,None,566000000,None,91000000,None,None,2701000000,None,None,187000000,None,None,None,0.265,,553000000,524000000,129000000,294000000,None,None,None,,,,,1.374,5.83,3.332,,,,,,,,0.158,,3266000000,2025-10-29,annual,11.7,USD,post-market,None,431000000,0.0868,0.288,0.059,245.97,596000000,2570000000,15000000,None,797.79,849.59,-4.9553,5842000000,1120000000,520000000,3824000000,4722000000,3304000000,3563000000,2018000000,21.32,None,1019.33,522.49
2025-12-28,URI,38.83,15986000000.0,21.32,None,1.678,141.14,,None,119000000,119000000,,,,,,,,,1000000,113793000,None,2211000000,2211000000,218000000,None,None,502000000,None,None,454000000,,7.0,0.0085,,,,0.02,-0.61,526000000,980000000,12.31,2006-12-31,17.67,1338000000,6232000000.0,1077000000,310000000,123000000,1376000000,1376000000,None,566000000,None,139000000,None,None,2665000000,None,None,187000000,None,None,None,0.265,,553000000,524000000,245000000,371000000,None,None,None,,,,,1.374,5.83,3.332,,,,,,,,0.158,,2920000000,2025-10-29,annual,11.7,USD,post-market,None,69000000,0.0868,0.288,0.059,245.97,596000000,2702000000,37000000,None,797.79,849.59,-4.9553,5366000000,1005000000,599000000,3828000000,4361000000,3229000000,3563000000,1538000000,21.32,None,1019.33,522.49
2025-12-28,URI,38.83,15986000000.0,21.32,None,1.678,141.14,,None,316000000,316000000,,,,,,,,,1000000,110036000,None,2211000000,2211000000,223000000,None,None,511000000,None,None,454000000,,7.0,0.0085,,,,0.02,-0.61,526000000,980000000,12.31,2005-12-31,17.67,1328000000,6232000000.0,1077000000,310000000,123000000,33000000,33000000,None,566000000,None,174000000,None,None,3125000000,None,None,187000000,None,None,None,0.265,,553000000,524000000,422000000,308000000,None,None,None,,,,,1.374,5.83,3.332,,,,,,,,0.158,,2697000000,2025-10-29,annual,11.7,USD,post-market,None,-155000000,0.0868,0.288,0.059,245.97,596000000,3152000000,None,None,797.79,849.59,-4.9553,5274000000,1216000000,631000000,4045000000,4058000000,3414000000,3563000000,1229000000,21.32,None,1019.33,522.49
2025-12-28,URI,38.83,15986000000.0,21.32,None,1.678,141.14,2303000000,None,316000000,316000000,-14000000,-1194000000,None,None,8000000,None,None,None,1000000,110036000,None,2211000000,2211000000,223000000,None,None,511000000,None,None,454000000,793000000,7.0,0.0085,115000000,115000000,None,0.02,-0.61,526000000,980000000,12.31,2025-09-30,17.67,1328000000,6232000000.0,1077000000,310000000,123000000,33000000,33000000,None,566000000,None,174000000,None,None,3125000000,None,None,701000000,None,None,None,0.265,1181000000,553000000,524000000,422000000,308000000,None,None,None,None,None,None,None,1.374,5.83,3.332,None,None,None,None,None,720000000,None,0.158,None,2697000000,2025-10-29,quarterly,11.7,USD,post-market,None,-155000000,0.0868,0.288,0.059,245.97,596000000,3152000000,None,None,797.79,849.59,-4.9553,5274000000,1216000000,631000000,4045000000,4058000000,3414000000,3563000000,1229000000,21.32,None,1019.33,522.49
2025-12-28,URI,38.83,15986000000.0,21.32,None,1.678,141.14,1558000000,None,316000000,316000000,-134000000,-1211000000,None,None,-14000000,None,None,None,1000000,110036000,None,2211000000,2211000000,223000000,None,None,511000000,None,None,454000000,759000000,7.0,0.0085,117000000,117000000,None,0.02,-0.61,526000000,980000000,12.31,2025-06-30,17.67,1328000000,6232000000.0,1077000000,310000000,123000000,33000000,33000000,None,566000000,None,174000000,None,None,3125000000,None,None,622000000,None,None,None,0.265,1328000000,553000000,524000000,422000000,308000000,None,None,None,None,None,None,None,1.374,5.83,3.332,None,None,None,None,None,-431000000,None,0.158,None,2697000000,2025-10-29,quarterly,11.7,USD,post-market,None,-155000000,0.0868,0.288,0.059,245.97,596000000,3152000000,None,None,797.79,849.59,-4.9553,5274000000,1216000000,631000000,4045000000,4058000000,3414000000,3563000000,1229000000,21.32,None,1019.33,522.49
2025-12-28,URI,38.83,15986000000.0,21.32,None,1.678,141.14,745000000,None,316000000,316000000,-981000000,-361000000,None,None,-27000000,None,None,None,1000000,110036000,None,2211000000,2211000000,223000000,None,None,511000000,None,None,454000000,751000000,7.0,0.0085,118000000,118000000,None,0.02,-0.61,526000000,980000000,12.31,2025-03-31,17.67,1328000000,6232000000.0,1077000000,310000000,123000000,33000000,33000000,None,566000000,None,174000000,None,None,3125000000,None,None,518000000,None,None,None,0.265,1425000000,553000000,524000000,422000000,308000000,None,None,None,None,None,None,None,1.374,5.83,3.332,None,None,None,None,None,-289000000,None,0.158,None,2697000000,2025-10-29,quarterly,11.7,USD,post-market,None,-155000000,0.0868,0.288,0.059,245.97,596000000,3152000000,None,None,797.79,849.59,-4.9553,5274000000,1216000000,631000000,4045000000,4058000000,3414000000,3563000000,1229000000,21.32,None,1019.33,522.49
2025-12-28,URI,38.83,15986000000.0,21.32,None,1.678,141.14,683000000,None,316000000,316000000,-528000000,-515000000,None,None,10000000,None,None,None,1000000,110036000,None,2211000000,2211000000,223000000,None,None,511000000,None,None,454000000,762000000,7.0,0.0085,108000000,108000000,None,0.02,-0.61,526000000,980000000,12.31,2024-12-31,17.67,1328000000,6232000000.0,1077000000,310000000,123000000,33000000,33000000,None,566000000,None,174000000,None,None,3125000000,None,None,689000000,None,None,None,0.265,1048000000,553000000,524000000,422000000,308000000,None,None,None,None,None,None,None,1.374,5.83,3.332,None,None,None,None,None,-403000000,None,0.158,None,2697000000,2025-10-29,quarterly,11.7,USD,post-market,None,-155000000,0.0868,0.288,0.059,245.97,596000000,3152000000,None,None,797.79,849.59,-4.9553,5274000000,1216000000,631000000,4045000000,4058000000,3414000000,3563000000,1229000000,21.32,None,1019.33,522.49
2025-12-28,URI,38.83,15986000000.0,21.32,None,1.678,141.14,1413000000,None,316000000,316000000,-33000000,-1167000000,None,None,12000000,None,None,None,1000000,110036000,None,2211000000,2211000000,223000000,None,None,511000000,None,None,454000000,738000000,7.0,0.0085,107000000,107000000,None,0.02,-0.61,526000000,980000000,12.31,2024-09-30,17.67,1328000000,6232000000.0,1077000000,310000000,123000000,33000000,33000000,None,566000000,None,174000000,None,None,3125000000,None,None,708000000,None,None,None,0.265,1204000000,553000000,524000000,422000000,308000000,None,None,None,None,None,None,None,1.374,5.83,3.332,None,None,None,None,None,-377000000,None,0.158,None,2697000000,2025-10-29,quarterly,11.7,USD,post-market,None,-155000000,0.0868,0.288,0.059,245.97,596000000,3152000000,None,None,797.79,849.59,-4.9553,5274000000,1216000000,631000000,4045000000,4058000000,3414000000,3563000000,1229000000,21.32,None,1019.33,522.49
2025-12-28,URI,38.83,15986000000.0,21.32,None,1.678,141.14,1462000000,None,316000000,316000000,-38000000,-1186000000,None,None,-4000000,None,None,None,1000000,110036000,None,2211000000,2211000000,223000000,None,None,511000000,None,None,454000000,717000000,7.0,0.0085,109000000,109000000,None,0.02,-0.61,526000000,980000000,12.31,2024-06-30,17.67,1328000000,6232000000.0,1077000000,310000000,123000000,33000000,33000000,None,566000000,None,174000000,None,None,3125000000,None,None,636000000,None,None,None,0.265,1265000000,553000000,524000000,422000000,308000000,None,None,None,None,None,None,None,1.374,5.83,3.332,None,None,None,None,None,-376000000,None,0.158,None,2697000000,2025-10-29,quarterly,11.7,USD,post-market,None,-155000000,0.0868,0.288,0.059,245.97,596000000,3152000000,None,None,797.79,849.59,-4.9553,5274000000,1216000000,631000000,4045000000,4058000000,3414000000,3563000000,1229000000,21.32,None,1019.33,522.49
2025-12-28,URI,38.83,15986000000.0,21.32,None,1.678,141.14,569000000,None,316000000,316000000,325000000,-1280000000,None,None,-3000000,None,None,None,1000000,110036000,None,2211000000,2211000000,223000000,None,None,511000000,None,None,454000000,686000000,7.0,0.0085,110000000,110000000,None,0.02,-0.61,526000000,980000000,12.31,2024-03-31,17.67,1328000000,6232000000.0,1077000000,310000000,123000000,33000000,33000000,None,566000000,None,174000000,None,None,3125000000,None,None,542000000,None,None,None,0.265,1029000000,553000000,524000000,422000000,308000000,None,None,None,None,None,None,None,1.374,5.83,3.332,None,None,None,None,None,-415000000,None,0.158,None,2697000000,2025-10-29,quarterly,11.7,USD,post-market,None,-155000000,0.0868,0.288,0.059,245.97,596000000,3152000000,None,None,797.79,849.59,-4.9553,5274000000,1216000000,631000000,4045000000,4058000000,3414000000,3563000000,1229000000,21.32,None,1019.33,522.49
2025-12-28,URI,38.83,15986000000.0,21.32,None,1.678,141.14,725000000,None,316000000,316000000,-906000000,-437000000,None,None,-3000000,None,None,None,1000000,110036000,None,2211000000,2211000000,223000000,None,None,511000000,None,None,454000000,697000000,7.0,0.0085,101000000,101000000,None,0.02,-0.61,526000000,980000000,12.31,2023-12-31,17.67,1328000000,6232000000.0,1077000000,310000000,123000000,33000000,33000000,None,566000000,None,174000000,None,None,3125000000,None,None,679000000,None,None,None,0.265,1414000000,553000000,524000000,422000000,308000000,None,None,None,None,None,None,None,1.374,5.83,3.332,None,None,None,None,None,-264000000,None,0.158,None,2697000000,2025-10-29,quarterly,11.7,USD,post-market,None,-155000000,0.0868,0.288,0.059,245.97,596000000,3152000000,None,None,797.79,849.59,-4.9553,5274000000,1216000000,631000000,4045000000,4058000000,3414000000,3563000000,1229000000,21.32,None,1019.33,522.49
2025-12-28,URI,38.83,15986000000.0,21.32,None,1.678,141.14,1118000000,None,316000000,316000000,-290000000,-2539000000,None,None,17000000,None,None,None,1000000,110036000,None,2211000000,2211000000,223000000,None,None,511000000,None,None,454000000,695000000,7.0,0.0085,100000000,100000000,None,0.02,-0.61,526000000,980000000,12.31,2023-09-30,17.67,1328000000,6232000000.0,1077000000,310000000,123000000,33000000,33000000,None,566000000,None,174000000,None,None,3125000000,None,None,703000000,None,None,None,0.265,1062000000,553000000,524000000,422000000,308000000,None,None,None,None,None,None,None,1.374,5.83,3.332,None,None,None,None,None,-252000000,None,0.158,None,2697000000,2025-10-29,quarterly,11.7,USD,post-market,None,-155000000,0.0868,0.288,0.059,245.97,596000000,3152000000,None,None,797.79,849.59,-4.9553,5274000000,1216000000,631000000,4045000000,4058000000,3414000000,3563000000,1229000000,21.32,None,1019.33,522.49
2025-12-28,URI,38.83,15986000000.0,21.32,None,1.678,141.14,1357000000,None,316000000,316000000,-92000000,-1068000000,129000000,None,7000000,None,None,-102000000,1000000,110036000,None,2211000000,2211000000,223000000,None,None,511000000,None,None,454000000,696000000,7.0,0.0085,102000000,102000000,None,0.02,-0.61,526000000,980000000,12.31,2023-06-30,17.67,1328000000,6232000000.0,1077000000,310000000,123000000,33000000,33000000,None,566000000,None,174000000,None,None,3125000000,None,None,591000000,None,None,None,0.265,1289000000,553000000,524000000,422000000,308000000,None,None,None,None,None,None,None,1.374,5.83,3.332,None,None,None,None,None,-251000000,None,0.158,None,2697000000,2025-10-29,quarterly,11.7,USD,post-market,None,-155000000,0.0868,0.288,0.059,245.97,596000000,3152000000,None,None,797.79,849.59,-4.9553,5274000000,1216000000,631000000,4045000000,4058000000,3414000000,3563000000,1229000000,21.32,None,1019.33,522.49
2025-12-28,URI,38.83,15986000000.0,21.32,None,1.678,141.14,870000000,None,316000000,316000000,-186000000,-760000000,-7000000,None,-2000000,None,None,-13000000,1000000,110036000,None,2211000000,2211000000,223000000,None,None,511000000,None,None,454000000,693000000,7.0,0.0085,103000000,103000000,None,0.02,-0.61,526000000,980000000,12.31,2023-03-31,17.67,1328000000,6232000000.0,1077000000,310000000,123000000,33000000,33000000,None,566000000,None,174000000,None,None,3125000000,None,None,451000000,None,None,None,0.265,939000000,553000000,524000000,422000000,308000000,None,None,None,None,None,None,None,1.374,5.83,3.332,None,None,None,None,None,-303000000,None,0.158,None,2697000000,2025-10-29,quarterly,11.7,USD,post-market,None,-155000000,0.0868,0.288,0.059,245.97,596000000,3152000000,None,None,797.79,849.59,-4.9553,5274000000,1216000000,631000000,4045000000,4058000000,3414000000,3563000000,1229000000,21.32,None,1019.33,522.49
2025-12-28,URI,38.83,15986000000.0,21.32,None,1.678,141.14,1052000000,None,316000000,316000000,1426000000,-2646000000,31000000,None,8000000,None,None,-68000000,1000000,110036000,None,2211000000,2211000000,223000000,None,None,511000000,None,None,454000000,577000000,7.0,0.0085,103000000,103000000,None,0.02,-0.61,526000000,980000000,12.31,2022-12-31,17.67,1328000000,6232000000.0,1077000000,310000000,123000000,33000000,33000000,None,566000000,None,174000000,None,None,3125000000,None,None,639000000,None,None,None,0.265,1251000000,553000000,524000000,422000000,308000000,None,None,None,None,None,None,None,1.374,5.83,3.332,None,None,None,None,None,-10000000,None,0.158,None,2697000000,2025-10-29,quarterly,11.7,USD,post-market,None,-155000000,0.0868,0.288,0.059,245.97,596000000,3152000000,None,None,797.79,849.59,-4.9553,5274000000,1216000000,631000000,4045000000,4058000000,3414000000,3563000000,1229000000,21.32,None,1019.33,522.49
2025-12-28,URI,38.83,15986000000.0,21.32,None,1.678,141.14,1161000000,None,316000000,316000000,-152000000,-978000000,12000000,None,3000000,None,None,-202000000,1000000,110036000,None,2211000000,2211000000,223000000,None,None,511000000,None,None,454000000,560000000,7.0,0.0085,103000000,103000000,None,0.02,-0.61,526000000,980000000,12.31,2022-09-30,17.67,1328000000,6232000000.0,1077000000,310000000,123000000,33000000,33000000,None,566000000,None,174000000,None,None,3125000000,None,None,606000000,None,None,None,0.265,1142000000,553000000,524000000,422000000,308000000,None,None,None,None,None,None,None,1.374,5.83,3.332,None,None,None,None,None,-239000000,None,0.158,None,2697000000,2025-10-29,quarterly,11.7,USD,post-market,None,-155000000,0.0868,0.288,0.059,245.97,596000000,3152000000,None,None,797.79,849.59,-4.9553,5274000000,1216000000,631000000,4045000000,4058000000,3414000000,3563000000,1229000000,21.32,None,1019.33,522.49
2025-12-28,URI,38.83,15986000000.0,21.32,None,1.678,141.14,940000000,None,316000000,316000000,-187000000,-998000000,-31000000,None,-23000000,None,None,-135000000,1000000,110036000,None,2211000000,2211000000,223000000,None,None,511000000,None,None,454000000,548000000,7.0,0.0085,None,None,None,0.02,-0.61,526000000,980000000,12.31,2022-06-30,17.67,1328000000,6232000000.0,1077000000,310000000,123000000,33000000,33000000,None,566000000,None,174000000,None,None,3125000000,None,None,493000000,None,None,None,0.265,1154000000,553000000,524000000,422000000,308000000,None,None,None,None,None,None,None,1.374,5.83,3.332,None,None,None,None,None,-501000000,None,0.158,None,2697000000,2025-10-29,quarterly,11.7,USD,post-market,None,-155000000,0.0868,0.288,0.059,245.97,596000000,3152000000,None,None,797.79,849.59,-4.9553,5274000000,1216000000,631000000,4045000000,4058000000,3414000000,3563000000,1229000000,21.32,None,1019.33,522.49
2025-12-28,URI,38.83,15986000000.0,21.32,None,1.678,141.14,537000000,None,316000000,316000000,-535000000,-394000000,-43000000,None,-13000000,None,None,76000000,1000000,110036000,None,2211000000,2211000000,223000000,None,None,511000000,None,None,454000000,532000000,7.0,0.0085,None,None,None,0.02,-0.61,526000000,980000000,12.31,2022-03-31,17.67,1328000000,6232000000.0,1077000000,310000000,123000000,33000000,33000000,None,566000000,None,174000000,None,None,3125000000,None,None,367000000,None,None,None,0.265,886000000,553000000,524000000,422000000,308000000,None,None,None,None,None,None,None,1.374,5.83,3.332,None,None,None,None,None,-318000000,None,0.158,None,2697000000,2025-10-29,quarterly,11.7,USD,post-market,None,-155000000,0.0868,0.288,0.059,245.97,596000000,3152000000,None,None,797.79,849.59,-4.9553,5274000000,1216000000,631000000,4045000000,4058000000,3414000000,3563000000,1229000000,21.32,None,1019.33,522.49
2025-12-28,URI,38.83,15986000000.0,21.32,None,1.678,141.14,748000000,None,316000000,316000000,-435000000,-408000000,-175000000,None,1000000,None,None,-76000000,1000000,110036000,None,2211000000,2211000000,223000000,None,None,511000000,None,None,454000000,532000000,7.0,0.0085,None,None,None,0.02,-0.61,526000000,980000000,12.31,2021-12-31,17.67,1328000000,6232000000.0,1077000000,310000000,123000000,33000000,33000000,None,566000000,None,174000000,None,None,3125000000,None,None,481000000,None,None,None,0.265,668000000,553000000,524000000,422000000,308000000,None,None,None,None,None,None,None,1.374,5.83,3.332,None,None,None,None,None,-1000000,None,0.158,None,2697000000,2025-10-29,quarterly,11.7,USD,post-market,None,-155000000,0.0868,0.288,0.059,245.97,596000000,3152000000,None,None,797.79,849.59,-4.9553,5274000000,1216000000,631000000,4045000000,4058000000,3414000000,3563000000,1229000000,21.32,None,1019.33,522.49
2025-12-28,URI,38.83,15986000000.0,21.32,None,1.678,141.14,1189000000,None,316000000,316000000,-103000000,-995000000,-11000000,None,6000000,None,None,-206000000,1000000,110036000,None,2211000000,2211000000,223000000,None,None,511000000,None,None,454000000,510000000,7.0,0.0085,None,None,None,0.02,-0.61,526000000,980000000,12.31,2021-09-30,17.67,1328000000,6232000000.0,1077000000,310000000,123000000,33000000,33000000,None,566000000,None,174000000,None,None,3125000000,None,None,409000000,None,None,None,0.265,1087000000,553000000,524000000,422000000,308000000,None,None,None,None,None,None,None,1.374,5.83,3.332,None,None,None,None,None,-1000000,None,0.158,None,2697000000,2025-10-29,quarterly,11.7,USD,post-market,None,-155000000,0.0868,0.288,0.059,245.97,596000000,3152000000,None,None,797.79,849.59,-4.9553,5274000000,1216000000,631000000,4045000000,4058000000,3414000000,3563000000,1229000000,21.32,None,1019.33,522.49
2025-12-28,URI,38.83,15986000000.0,21.32,None,1.678,141.14,947000000,None,316000000,316000000,1047000000,-2174000000,49000000,None,-9000000,None,None,-81000000,1000000,110036000,None,2211000000,2211000000,223000000,None,None,511000000,None,None,454000000,475000000,7.0,0.0085,None,None,None,0.02,-0.61,526000000,980000000,12.31,2021-06-30,17.67,1328000000,6232000000.0,1077000000,310000000,123000000,33000000,33000000,None,566000000,None,174000000,None,None,3125000000,None,None,293000000,None,None,None,0.265,1176000000,553000000,524000000,422000000,308000000,None,None,None,None,None,None,None,1.374,5.83,3.332,None,None,None,None,None,-2000000,None,0.158,None,2697000000,2025-10-29,quarterly,11.7,USD,post-market,None,-155000000,0.0868,0.288,0.059,245.97,596000000,3152000000,None,None,797.79,849.59,-4.9553,5274000000,1216000000,631000000,4045000000,4058000000,3414000000,3563000000,1229000000,21.32,None,1019.33,522.49
2025-12-28,URI,38.83,15986000000.0,21.32,None,1.678,141.14,314000000,None,316000000,316000000,-649000000,-34000000,75000000,None,11000000,None,None,63000000,1000000,110036000,None,2211000000,2211000000,223000000,None,None,511000000,None,None,454000000,466000000,7.0,0.0085,None,None,None,0.02,-0.61,526000000,980000000,12.31,2021-03-31,17.67,1328000000,6232000000.0,1077000000,310000000,123000000,33000000,33000000,None,566000000,None,174000000,None,None,3125000000,None,None,203000000,None,None,None,0.265,758000000,553000000,524000000,422000000,308000000,None,None,None,None,None,None,None,1.374,5.83,3.332,None,None,None,None,None,-30000000,None,0.158,None,2697000000,2025-10-29,quarterly,11.7,USD,post-market,None,-155000000,0.0868,0.288,0.059,245.97,596000000,3152000000,None,None,797.79,849.59,-4.9553,5274000000,1216000000,631000000,4045000000,4058000000,3414000000,3563000000,1229000000,21.32,None,1019.33,522.49
2025-12-28,URI,38.83,15986000000.0,21.32,None,1.678,141.14,228000000,None,316000000,316000000,-412000000,63000000,21000000,None,-17000000,None,None,16000000,1000000,110036000,None,2211000000,2211000000,223000000,None,None,511000000,None,None,454000000,480000000,7.0,0.0085,1000000,1000000,None,0.02,-0.61,526000000,980000000,12.31,2020-12-31,17.67,1328000000,6232000000.0,1077000000,310000000,123000000,33000000,33000000,None,566000000,None,174000000,None,None,3125000000,None,None,297000000,None,None,None,0.265,370000000,553000000,524000000,422000000,308000000,None,None,None,None,None,None,None,1.374,5.83,3.332,None,None,None,None,None,-5000000,None,0.158,None,2697000000,2025-10-29,quarterly,11.7,USD,post-market,None,-155000000,0.0868,0.288,0.059,245.97,596000000,3152000000,None,None,797.79,849.59,-4.9553,5274000000,1216000000,631000000,4045000000,4058000000,3414000000,3563000000,1229000000,21.32,None,1019.33,522.49
2025-12-28,URI,38.83,15986000000.0,21.32,None,1.678,141.14,475000000,None,316000000,316000000,-536000000,-245000000,46000000,None,12000000,None,None,-95000000,1000000,110036000,None,2211000000,2211000000,223000000,None,None,511000000,None,None,454000000,492000000,7.0,0.0085,None,None,None,0.02,-0.61,526000000,980000000,12.31,2020-09-30,17.67,1328000000,6232000000.0,1077000000,310000000,123000000,33000000,33000000,None,566000000,None,174000000,None,None,3125000000,None,None,208000000,None,None,None,0.265,827000000,553000000,524000000,422000000,308000000,None,None,None,None,None,None,None,1.374,5.83,3.332,None,None,None,None,None,-5000000,None,0.158,None,2697000000,2025-10-29,quarterly,11.7,USD,post-market,None,-155000000,0.0868,0.288,0.059,245.97,596000000,3152000000,None,None,797.79,849.59,-4.9553,5274000000,1216000000,631000000,4045000000,4058000000,3414000000,3563000000,1229000000,21.32,None,1019.33,522.49
2025-12-28,URI,38.83,15986000000.0,21.32,None,1.678,141.14,194000000,None,316000000,316000000,-1203000000,-2000000,-388000000,None,7000000,None,None,192000000,1000000,110036000,None,2211000000,2211000000,223000000,None,None,511000000,None,None,454000000,490000000,7.0,0.0085,None,None,None,0.02,-0.61,526000000,980000000,12.31,2020-06-30,17.67,1328000000,6232000000.0,1077000000,310000000,123000000,33000000,33000000,None,566000000,None,174000000,None,None,3125000000,None,None,212000000,None,None,None,0.265,817000000,553000000,524000000,422000000,308000000,None,None,None,None,None,None,None,1.374,5.83,3.332,None,None,None,None,None,-275000000,None,0.158,None,2697000000,2025-10-29,quarterly,11.7,USD,post-market,None,-155000000,0.0868,0.288,0.059,245.97,596000000,3152000000,None,None,797.79,849.59,-4.9553,5274000000,1216000000,631000000,4045000000,4058000000,3414000000,3563000000,1229000000,21.32,None,1019.33,522.49
2025-12-28,URI,38.83,15986000000.0,21.32,None,1.678,141.14,261000000,None,316000000,316000000,-142000000,-39000000,463000000,None,5000000,None,None,105000000,1000000,110036000,None,2211000000,2211000000,223000000,None,None,511000000,None,None,454000000,526000000,7.0,0.0085,None,None,None,0.02,-0.61,526000000,980000000,12.31,2020-03-31,17.67,1328000000,6232000000.0,1077000000,310000000,123000000,33000000,33000000,None,566000000,None,174000000,None,None,3125000000,None,None,173000000,None,None,None,0.265,644000000,553000000,524000000,422000000,308000000,None,None,None,None,None,None,None,1.374,5.83,3.332,None,None,None,None,None,-276000000,None,0.158,None,2697000000,2025-10-29,quarterly,11.7,USD,post-market,None,-155000000,0.0868,0.288,0.059,245.97,596000000,3152000000,None,None,797.79,849.59,-4.9553,5274000000,1216000000,631000000,4045000000,4058000000,3414000000,3563000000,1229000000,21.32,None,1019.33,522.49
2025-12-28,URI,38.83,15986000000.0,21.32,None,1.678,141.14,219000000,None,316000000,316000000,-489000000,39000000,-8000000,None,9000000,None,None,69000000,1000000,110036000,None,2211000000,2211000000,223000000,None,None,511000000,None,None,454000000,516000000,7.0,0.0085,3125000000,3125000000,None,0.02,-0.61,526000000,980000000,12.31,2019-12-31,17.67,1328000000,6232000000.0,1077000000,310000000,123000000,33000000,33000000,None,566000000,None,174000000,None,None,3125000000,None,None,338000000,None,None,None,0.265,442000000,553000000,524000000,422000000,308000000,None,None,None,None,None,None,None,1.374,5.83,3.332,None,None,None,None,None,-206000000,None,0.158,None,2697000000,2025-10-29,quarterly,11.7,USD,post-market,None,-155000000,0.0868,0.288,0.059,245.97,596000000,3152000000,None,None,797.79,849.59,-4.9553,5274000000,1216000000,631000000,4045000000,4058000000,3414000000,3563000000,1229000000,21.32,None,1019.33,522.49
2025-12-28,URI,38.83,15986000000.0,21.32,None,1.678,141.14,905000000,None,316000000,316000000,-264000000,-743000000,-15000000,None,8000000,None,None,-69000000,1000000,110036000,None,2211000000,2211000000,223000000,None,None,511000000,None,None,454000000,519000000,7.0,0.0085,None,None,None,0.02,-0.61,526000000,980000000,12.31,2019-09-30,17.67,1328000000,6232000000.0,1077000000,310000000,123000000,33000000,33000000,None,566000000,None,174000000,None,None,3125000000,None,None,391000000,None,None,None,0.265,992000000,553000000,524000000,422000000,308000000,None,None,None,None,None,None,None,1.374,5.83,3.332,None,None,None,None,None,-210000000,None,0.158,None,2697000000,2025-10-29,quarterly,11.7,USD,post-market,None,-155000000,0.0868,0.288,0.059,245.97,596000000,3152000000,None,None,797.79,849.59,-4.9553,5274000000,1216000000,631000000,4045000000,4058000000,3414000000,3563000000,1229000000,21.32,None,1019.33,522.49
2025-12-28,URI,38.83,15986000000.0,21.32,None,1.678,141.14,927000000,None,316000000,316000000,-159000000,-741000000,23000000,None,-16000000,None,None,-34000000,1000000,110036000,None,2211000000,2211000000,223000000,None,None,511000000,None,None,454000000,504000000,7.0,0.0085,None,None,None,0.02,-0.61,526000000,980000000,12.31,2019-06-30,17.67,1328000000,6232000000.0,1077000000,310000000,123000000,33000000,33000000,None,566000000,None,174000000,None,None,3125000000,None,None,270000000,None,None,None,0.265,923000000,553000000,524000000,422000000,308000000,None,None,None,None,None,None,None,1.374,5.83,3.332,None,None,None,None,None,-211000000,None,0.158,None,2697000000,2025-10-29,quarterly,11.7,USD,post-market,None,-155000000,0.0868,0.288,0.059,245.97,596000000,3152000000,None,None,797.79,849.59,-4.9553,5274000000,1216000000,631000000,4045000000,4058000000,3414000000,3563000000,1229000000,21.32,None,1019.33,522.49
2025-12-28,URI,38.83,15986000000.0,21.32,None,1.678,141.14,299000000,None,316000000,316000000,-393000000,-265000000,9000000,None,-9000000,None,None,73000000,1000000,110036000,None,2211000000,2211000000,223000000,None,None,511000000,None,None,454000000,499000000,7.0,0.0085,None,None,None,0.02,-0.61,526000000,980000000,12.31,2019-03-31,17.67,1328000000,6232000000.0,1077000000,310000000,123000000,33000000,33000000,None,566000000,None,174000000,None,None,3125000000,None,None,175000000,None,None,None,0.265,667000000,553000000,524000000,422000000,308000000,None,None,None,None,None,None,None,1.374,5.83,3.332,None,None,None,None,None,-243000000,None,0.158,None,2697000000,2025-10-29,quarterly,11.7,USD,post-market,None,-155000000,0.0868,0.288,0.059,245.97,596000000,3152000000,None,None,797.79,849.59,-4.9553,5274000000,1216000000,631000000,4045000000,4058000000,3414000000,3563000000,1229000000,21.32,None,1019.33,522.49
2025-12-28,URI,38.83,15986000000.0,21.32,None,1.678,141.14,195000000,None,316000000,316000000,1404000000,-2158000000,-22000000,2000000,3000000,None,None,16000000,1000000,110036000,None,2211000000,2211000000,223000000,None,None,511000000,None,None,454000000,470000000,7.0,0.0085,5114000000,5114000000,None,0.02,-0.61,526000000,980000000,12.31,2018-12-31,17.67,1328000000,6232000000.0,1077000000,310000000,123000000,33000000,33000000,None,566000000,None,174000000,None,None,3125000000,None,None,310000000,None,None,None,0.265,730000000,553000000,524000000,422000000,308000000,None,None,None,None,None,None,None,1.374,5.83,3.332,None,None,None,None,None,-211000000,None,0.158,None,2697000000,2025-10-29,quarterly,11.7,USD,post-market,None,-155000000,0.0868,0.288,0.059,245.97,596000000,3152000000,None,None,797.79,849.59,-4.9553,5274000000,1216000000,631000000,4045000000,4058000000,3414000000,3563000000,1229000000,21.32,None,1019.33,522.49
2025-12-28,URI,38.83,15986000000.0,21.32,None,1.678,141.14,790000000,None,316000000,316000000,863000000,-1388000000,-52000000,-1000000,-4000000,None,None,-160000000,1000000,110036000,None,2211000000,2211000000,223000000,None,None,511000000,None,None,454000000,418000000,7.0,0.0085,0,0,None,0.02,-0.61,526000000,980000000,12.31,2018-09-30,17.67,1328000000,6232000000.0,1077000000,310000000,123000000,33000000,33000000,None,566000000,None,174000000,None,None,3125000000,None,None,333000000,None,None,None,0.265,474000000,553000000,524000000,422000000,308000000,None,None,None,None,None,None,None,1.374,5.83,3.332,None,None,None,None,None,-211000000,None,0.158,None,2697000000,2025-10-29,quarterly,11.7,USD,post-market,None,-155000000,0.0868,0.288,0.059,245.97,596000000,3152000000,None,None,797.79,849.59,-4.9553,5274000000,1216000000,631000000,4045000000,4058000000,3414000000,3563000000,1229000000,21.32,None,1019.33,522.49
2025-12-28,URI,38.83,15986000000.0,21.32,None,1.678,141.14,993000000,None,316000000,316000000,-338000000,-827000000,-161000000,-3000000,-10000000,None,None,-51000000,1000000,110036000,None,2211000000,2211000000,223000000,None,None,511000000,None,None,454000000,390000000,7.0,0.0085,0,0,None,0.02,-0.61,526000000,980000000,12.31,2018-06-30,17.67,1328000000,6232000000.0,1077000000,310000000,123000000,33000000,33000000,None,566000000,None,174000000,None,None,3125000000,None,None,270000000,None,None,None,0.265,1007000000,553000000,524000000,422000000,308000000,None,None,None,None,None,None,None,1.374,5.83,3.332,None,None,None,None,None,-169000000,None,0.158,None,2697000000,2025-10-29,quarterly,11.7,USD,post-market,None,-155000000,0.0868,0.288,0.059,245.97,596000000,3152000000,None,None,797.79,849.59,-4.9553,5274000000,1216000000,631000000,4045000000,4058000000,3414000000,3563000000,1229000000,21.32,None,1019.33,522.49
2025-12-28,URI,38.83,15986000000.0,21.32,None,1.678,141.14,313000000,None,316000000,316000000,-532000000,-178000000,-74000000,-6000000,-9000000,None,None,80000000,1000000,110036000,None,2211000000,2211000000,223000000,None,None,511000000,None,None,454000000,393000000,7.0,0.0085,0,0,None,0.02,-0.61,526000000,980000000,12.31,2018-03-31,17.67,1328000000,6232000000.0,1077000000,310000000,123000000,33000000,33000000,None,566000000,None,174000000,None,None,3125000000,None,None,183000000,None,None,None,0.265,642000000,553000000,524000000,422000000,308000000,None,None,None,None,None,None,None,1.374,5.83,3.332,None,None,None,None,None,-226000000,None,0.158,None,2697000000,2025-10-29,quarterly,11.7,USD,post-market,None,-155000000,0.0868,0.288,0.059,245.97,596000000,3152000000,None,None,797.79,849.59,-4.9553,5274000000,1216000000,631000000,4045000000,4058000000,3414000000,3563000000,1229000000,21.32,None,1019.33,522.49
2025-12-28,URI,38.83,15986000000.0,21.32,None,1.678,141.14,317000000,None,316000000,316000000,1020000000,-1453000000,28000000,-3000000,10000000,None,None,-12000000,1000000,110036000,None,2211000000,2211000000,223000000,None,None,511000000,None,None,454000000,390000000,7.0,0.0085,3000000,3000000,None,0.02,-0.61,526000000,980000000,12.31,2017-12-31,17.67,1328000000,6232000000.0,1077000000,310000000,123000000,33000000,33000000,None,566000000,None,174000000,None,None,3125000000,None,None,897000000,None,None,None,0.265,464000000,553000000,524000000,422000000,308000000,None,None,None,None,None,None,None,1.374,5.83,3.332,None,None,None,None,None,-30000000,None,0.158,None,2697000000,2025-10-29,quarterly,11.7,USD,post-market,None,-155000000,0.0868,0.288,0.059,245.97,596000000,3152000000,None,None,797.79,849.59,-4.9553,5274000000,1216000000,631000000,4045000000,4058000000,3414000000,3563000000,1229000000,21.32,None,1019.33,522.49
2025-12-28,URI,38.83,15986000000.0,21.32,None,1.678,141.14,604000000,None,316000000,316000000,107000000,-560000000,-14000000,10000000,-4000000,None,None,-156000000,1000000,110036000,None,2211000000,2211000000,223000000,None,None,511000000,None,None,454000000,353000000,7.0,0.0085,0,0,None,0.02,-0.61,526000000,980000000,12.31,2017-09-30,17.67,1328000000,6232000000.0,1077000000,310000000,123000000,33000000,33000000,None,566000000,None,174000000,None,None,3125000000,None,None,199000000,None,None,None,0.265,429000000,553000000,524000000,422000000,308000000,None,None,None,None,None,None,None,1.374,5.83,3.332,None,None,None,None,None,-2000000,None,0.158,None,2697000000,2025-10-29,quarterly,11.7,USD,post-market,None,-155000000,0.0868,0.288,0.059,245.97,596000000,3152000000,None,None,797.79,849.59,-4.9553,5274000000,1216000000,631000000,4045000000,4058000000,3414000000,3563000000,1229000000,21.32,None,1019.33,522.49
2025-12-28,URI,38.83,15986000000.0,21.32,None,1.678,141.14,727000000,None,316000000,316000000,836000000,-1558000000,1000000,9000000,1000000,None,None,-81000000,1000000,110036000,None,2211000000,2211000000,223000000,None,None,511000000,None,None,454000000,330000000,7.0,0.0085,0,0,None,0.02,-0.61,526000000,980000000,12.31,2017-06-30,17.67,1328000000,6232000000.0,1077000000,310000000,123000000,33000000,33000000,None,566000000,None,174000000,None,None,3125000000,None,None,141000000,None,None,None,0.265,714000000,553000000,524000000,422000000,308000000,None,None,None,None,None,None,None,1.374,5.83,3.332,None,None,None,None,None,-1000000,None,0.158,None,2697000000,2025-10-29,quarterly,11.7,USD,post-market,None,-155000000,0.0868,0.288,0.059,245.97,596000000,3152000000,None,None,797.79,849.59,-4.9553,5274000000,1216000000,631000000,4045000000,4058000000,3414000000,3563000000,1229000000,21.32,None,1019.33,522.49
2025-12-28,URI,38.83,15986000000.0,21.32,None,1.678,141.14,241000000,None,316000000,316000000,-466000000,-134000000,25000000,2000000,-6000000,None,None,65000000,1000000,110036000,None,2211000000,2211000000,223000000,None,None,511000000,None,None,454000000,310000000,7.0,0.0085,0,0,None,0.02,-0.61,526000000,980000000,12.31,2017-03-31,17.67,1328000000,6232000000.0,1077000000,310000000,123000000,33000000,33000000,None,566000000,None,174000000,None,None,3125000000,None,None,109000000,None,None,None,0.265,623000000,553000000,524000000,422000000,308000000,None,None,None,None,None,None,None,1.374,5.83,3.332,None,None,None,None,None,-23000000,None,0.158,None,2697000000,2025-10-29,quarterly,11.7,USD,post-market,None,-155000000,0.0868,0.288,0.059,245.97,596000000,3152000000,None,None,797.79,849.59,-4.9553,5274000000,1216000000,631000000,4045000000,4058000000,3414000000,3563000000,1229000000,21.32,None,1019.33,522.49
2025-12-28,URI,38.83,15986000000.0,21.32,None,1.678,141.14,129000000,None,316000000,316000000,-308000000,6000000,15000000,-6000000,4000000,None,None,8000000,1000000,110036000,None,2211000000,2211000000,223000000,None,None,511000000,None,None,454000000,318000000,7.0,0.0085,2940000000,2940000000,None,0.02,-0.61,526000000,980000000,12.31,2016-12-31,17.67,1328000000,6232000000.0,1077000000,310000000,123000000,33000000,33000000,None,566000000,None,174000000,None,None,3125000000,None,None,153000000,None,None,None,0.265,323000000,553000000,524000000,422000000,308000000,None,None,None,None,None,None,None,1.374,5.83,3.332,None,None,None,None,None,-40000000,None,0.158,None,2697000000,2025-10-29,quarterly,11.7,USD,post-market,None,-155000000,0.0868,0.288,0.059,245.97,596000000,3152000000,None,None,797.79,849.59,-4.9553,5274000000,1216000000,631000000,4045000000,4058000000,3414000000,3563000000,1229000000,21.32,None,1019.33,522.49
2025-12-28,URI,38.83,15986000000.0,21.32,None,1.678,141.14,446000000,None,316000000,316000000,-5000000,-343000000,32000000,-3000000,-1000000,None,None,-61000000,1000000,110036000,None,2211000000,2211000000,223000000,None,None,511000000,None,None,454000000,311000000,7.0,0.0085,0,0,None,0.02,-0.61,526000000,980000000,12.31,2016-09-30,17.67,1328000000,6232000000.0,1077000000,310000000,123000000,33000000,33000000,None,566000000,None,174000000,None,None,3125000000,None,None,187000000,None,None,None,0.265,383000000,553000000,524000000,422000000,308000000,None,None,None,None,None,None,None,1.374,5.83,3.332,None,None,None,None,None,-152000000,None,0.158,None,2697000000,2025-10-29,quarterly,11.7,USD,post-market,None,-155000000,0.0868,0.288,0.059,245.97,596000000,3152000000,None,None,797.79,849.59,-4.9553,5274000000,1216000000,631000000,4045000000,4058000000,3414000000,3563000000,1229000000,21.32,None,1019.33,522.49
2025-12-28,URI,38.83,15986000000.0,21.32,None,1.678,141.14,641000000,None,316000000,316000000,-91000000,-505000000,46000000,-1000000,2000000,None,None,-35000000,1000000,110036000,None,2211000000,2211000000,223000000,None,None,511000000,None,None,454000000,306000000,7.0,0.0085,0,0,None,0.02,-0.61,526000000,980000000,12.31,2016-06-30,17.67,1328000000,6232000000.0,1077000000,310000000,123000000,33000000,33000000,None,566000000,None,174000000,None,None,3125000000,None,None,134000000,None,None,None,0.265,643000000,553000000,524000000,422000000,308000000,None,None,None,None,None,None,None,1.374,5.83,3.332,None,None,None,None,None,-172000000,None,0.158,None,2697000000,2025-10-29,quarterly,11.7,USD,post-market,None,-155000000,0.0868,0.288,0.059,245.97,596000000,3152000000,None,None,797.79,849.59,-4.9553,5274000000,1216000000,631000000,4045000000,4058000000,3414000000,3563000000,1229000000,21.32,None,1019.33,522.49
2025-12-28,URI,38.83,15986000000.0,21.32,None,1.678,141.14,123000000,None,316000000,316000000,-560000000,-17000000,40000000,13000000,-4000000,None,None,103000000,1000000,110036000,None,2211000000,2211000000,223000000,None,None,511000000,None,None,454000000,310000000,7.0,0.0085,0,0,None,0.02,-0.61,526000000,980000000,12.31,2016-03-31,17.67,1328000000,6232000000.0,1077000000,310000000,123000000,33000000,33000000,None,566000000,None,174000000,None,None,3125000000,None,None,92000000,None,None,None,0.265,604000000,553000000,524000000,422000000,308000000,None,None,None,None,None,None,None,1.374,5.83,3.332,None,None,None,None,None,-164000000,None,0.158,None,2697000000,2025-10-29,quarterly,11.7,USD,post-market,None,-155000000,0.0868,0.288,0.059,245.97,596000000,3152000000,None,None,797.79,849.59,-4.9553,5274000000,1216000000,631000000,4045000000,4058000000,3414000000,3563000000,1229000000,21.32,None,1019.33,522.49
2025-12-28,URI,38.83,15986000000.0,21.32,None,1.678,141.14,135000000,None,316000000,316000000,-447000000,22000000,8000000,-5000000,8000000,None,None,61000000,1000000,110036000,None,2211000000,2211000000,223000000,None,None,511000000,None,None,454000000,318000000,7.0,0.0085,1112000000,1112000000,None,0.02,-0.61,526000000,980000000,12.31,2015-12-31,17.67,1328000000,6232000000.0,1077000000,310000000,123000000,33000000,33000000,None,566000000,None,174000000,None,None,3125000000,None,None,169000000,None,None,None,0.265,438000000,553000000,524000000,422000000,308000000,None,None,None,None,None,None,None,1.374,5.83,3.332,None,None,None,None,None,-122000000,None,0.158,None,2697000000,2025-10-29,quarterly,11.7,USD,post-market,None,-155000000,0.0868,0.288,0.059,245.97,596000000,3152000000,None,None,797.79,849.59,-4.9553,5274000000,1216000000,631000000,4045000000,4058000000,3414000000,3563000000,1229000000,21.32,None,1019.33,522.49
2025-12-28,URI,38.83,15986000000.0,21.32,None,1.678,141.14,435000000,None,316000000,316000000,-10000000,-316000000,-29000000,-10000000,3000000,None,None,-109000000,1000000,110036000,None,2211000000,2211000000,223000000,None,None,511000000,None,None,454000000,315000000,7.0,0.0085,0,0,None,0.02,-0.61,526000000,980000000,12.31,2015-09-30,17.67,1328000000,6232000000.0,1077000000,310000000,123000000,33000000,33000000,None,566000000,None,174000000,None,None,3125000000,None,None,215000000,None,None,None,0.265,307000000,553000000,524000000,422000000,308000000,None,None,None,None,None,None,None,1.374,5.83,3.332,None,None,None,None,None,-166000000,None,0.158,None,2697000000,2025-10-29,quarterly,11.7,USD,post-market,None,-155000000,0.0868,0.288,0.059,245.97,596000000,3152000000,None,None,797.79,849.59,-4.9553,5274000000,1216000000,631000000,4045000000,4058000000,3414000000,3563000000,1229000000,21.32,None,1019.33,522.49
2025-12-28,URI,38.83,15986000000.0,21.32,None,1.678,141.14,721000000,None,316000000,316000000,17000000,-651000000,-57000000,2000000,1000000,None,None,-44000000,1000000,110036000,None,2211000000,2211000000,223000000,None,None,511000000,None,None,454000000,307000000,7.0,0.0085,0,0,None,0.02,-0.61,526000000,980000000,12.31,2015-06-30,17.67,1328000000,6232000000.0,1077000000,310000000,123000000,33000000,33000000,None,566000000,None,174000000,None,None,3125000000,None,None,86000000,None,None,None,0.265,575000000,553000000,524000000,422000000,308000000,None,None,None,None,None,None,None,1.374,5.83,3.332,None,None,None,None,None,-158000000,None,0.158,None,2697000000,2025-10-29,quarterly,11.7,USD,post-market,None,-155000000,0.0868,0.288,0.059,245.97,596000000,3152000000,None,None,797.79,849.59,-4.9553,5274000000,1216000000,631000000,4045000000,4058000000,3414000000,3563000000,1229000000,21.32,None,1019.33,522.49
2025-12-28,URI,38.83,15986000000.0,21.32,None,1.678,141.14,345000000,None,316000000,316000000,-335000000,-225000000,99000000,-16000000,-4000000,None,None,81000000,1000000,110036000,None,2211000000,2211000000,223000000,None,None,511000000,None,None,454000000,304000000,7.0,0.0085,0,0,None,0.02,-0.61,526000000,980000000,12.31,2015-03-31,17.67,1328000000,6232000000.0,1077000000,310000000,123000000,33000000,33000000,None,566000000,None,174000000,None,None,3125000000,None,None,115000000,None,None,None,0.265,675000000,553000000,524000000,422000000,308000000,None,None,None,None,None,None,None,1.374,5.83,3.332,None,None,None,None,None,-343000000,None,0.158,None,2697000000,2025-10-29,quarterly,11.7,USD,post-market,None,-155000000,0.0868,0.288,0.059,245.97,596000000,3152000000,None,None,797.79,849.59,-4.9553,5274000000,1216000000,631000000,4045000000,4058000000,3414000000,3563000000,1229000000,21.32,None,1019.33,522.49
2025-12-28,URI,38.83,15986000000.0,21.32,None,1.678,141.14,253000000,None,316000000,316000000,-245000000,-94000000,-10000000,-6000000,34000000,None,None,-2000000,1000000,110036000,None,2211000000,2211000000,223000000,None,None,511000000,None,None,454000000,312000000,7.0,0.0085,1157000000,1157000000,None,0.02,-0.61,526000000,980000000,12.31,2014-12-31,17.67,1328000000,6232000000.0,1077000000,310000000,123000000,33000000,33000000,None,566000000,None,174000000,None,None,3125000000,None,None,194000000,None,None,None,0.265,335000000,553000000,524000000,422000000,308000000,None,None,None,None,None,None,None,1.374,5.83,3.332,None,None,None,None,None,-214000000,None,0.158,None,2697000000,2025-10-29,quarterly,11.7,USD,post-market,None,-155000000,0.0868,0.288,0.059,245.97,596000000,3152000000,None,None,797.79,849.59,-4.9553,5274000000,1216000000,631000000,4045000000,4058000000,3414000000,3563000000,1229000000,21.32,None,1019.33,522.49
2025-12-28,URI,38.83,15986000000.0,21.32,None,1.678,141.14,488000000,None,316000000,316000000,-71000000,-336000000,-2000000,-7000000,8000000,None,None,-107000000,1000000,110036000,None,2211000000,2211000000,223000000,None,None,511000000,None,None,454000000,306000000,7.0,0.0085,0,0,None,0.02,-0.61,526000000,980000000,12.31,2014-09-30,17.67,1328000000,6232000000.0,1077000000,310000000,123000000,33000000,33000000,None,566000000,None,174000000,None,None,3125000000,None,None,192000000,None,None,None,0.265,412000000,553000000,524000000,422000000,308000000,None,None,None,None,None,None,None,1.374,5.83,3.332,None,None,None,None,None,-152000000,None,0.158,None,2697000000,2025-10-29,quarterly,11.7,USD,post-market,None,-155000000,0.0868,0.288,0.059,245.97,596000000,3152000000,None,None,797.79,849.59,-4.9553,5274000000,1216000000,631000000,4045000000,4058000000,3414000000,3563000000,1229000000,21.32,None,1019.33,522.49
2025-12-28,URI,38.83,15986000000.0,21.32,None,1.678,141.14,729000000,None,316000000,316000000,730000000,-1339000000,-57000000,6000000,1000000,None,None,-39000000,1000000,110036000,None,2211000000,2211000000,223000000,None,None,511000000,None,None,454000000,299000000,7.0,0.0085,0,0,None,0.02,-0.61,526000000,980000000,12.31,2014-06-30,17.67,1328000000,6232000000.0,1077000000,310000000,123000000,33000000,33000000,None,566000000,None,174000000,None,None,3125000000,None,None,94000000,None,None,None,0.265,546000000,553000000,524000000,422000000,308000000,None,None,None,None,None,None,None,1.374,5.83,3.332,None,None,None,None,None,-186000000,None,0.158,None,2697000000,2025-10-29,quarterly,11.7,USD,post-market,None,-155000000,0.0868,0.288,0.059,245.97,596000000,3152000000,None,None,797.79,849.59,-4.9553,5274000000,1216000000,631000000,4045000000,4058000000,3414000000,3563000000,1229000000,21.32,None,1019.33,522.49
2025-12-28,URI,38.83,15986000000.0,21.32,None,1.678,141.14,351000000,None,316000000,316000000,-218000000,-231000000,52000000,-7000000,-32000000,None,None,47000000,1000000,110036000,None,2211000000,2211000000,223000000,None,None,511000000,None,None,454000000,277000000,7.0,0.0085,0,0,None,0.02,-0.61,526000000,980000000,12.31,2014-03-31,17.67,1328000000,6232000000.0,1077000000,310000000,123000000,33000000,33000000,None,566000000,None,174000000,None,None,3125000000,None,None,60000000,None,None,None,0.265,508000000,553000000,524000000,422000000,308000000,None,None,None,None,None,None,None,1.374,5.83,3.332,None,None,None,None,None,-61000000,None,0.158,None,2697000000,2025-10-29,quarterly,11.7,USD,post-market,None,-155000000,0.0868,0.288,0.059,245.97,596000000,3152000000,None,None,797.79,849.59,-4.9553,5274000000,1216000000,631000000,4045000000,4058000000,3414000000,3563000000,1229000000,21.32,None,1019.33,522.49
2025-12-28,URI,38.83,15986000000.0,21.32,None,1.678,141.14,114000000,None,316000000,316000000,-411000000,31000000,None,None,20000000,None,None,None,1000000,110036000,None,2211000000,2211000000,223000000,None,None,511000000,None,None,454000000,284000000,7.0,0.0085,869000000,869000000,None,0.02,-0.61,526000000,980000000,12.31,2013-12-31,17.67,1328000000,6232000000.0,1077000000,310000000,123000000,33000000,33000000,None,566000000,None,174000000,None,None,3125000000,None,None,140000000,None,None,None,0.265,436000000,553000000,524000000,422000000,308000000,None,None,None,None,None,None,None,1.374,5.83,3.332,None,None,None,None,None,-16000000,None,0.158,None,2697000000,2025-10-29,quarterly,11.7,USD,post-market,None,-155000000,0.0868,0.288,0.059,245.97,596000000,3152000000,None,None,797.79,849.59,-4.9553,5274000000,1216000000,631000000,4045000000,4058000000,3414000000,3563000000,1229000000,21.32,None,1019.33,522.49
2025-12-28,URI,38.83,15986000000.0,21.32,None,1.678,141.14,504000000,None,316000000,316000000,159000000,-407000000,None,None,21000000,None,None,None,1000000,110036000,None,2211000000,2211000000,223000000,None,None,511000000,None,None,454000000,278000000,7.0,0.0085,0,0,None,0.02,-0.61,526000000,980000000,12.31,2013-09-30,17.67,1328000000,6232000000.0,1077000000,310000000,123000000,33000000,33000000,None,566000000,None,174000000,None,None,3125000000,None,None,143000000,None,None,None,0.265,237000000,553000000,524000000,422000000,308000000,None,None,None,None,None,None,None,1.374,5.83,3.332,None,None,None,None,None,-15000000,None,0.158,None,2697000000,2025-10-29,quarterly,11.7,USD,post-market,None,-155000000,0.0868,0.288,0.059,245.97,596000000,3152000000,None,None,797.79,849.59,-4.9553,5274000000,1216000000,631000000,4045000000,4058000000,3414000000,3563000000,1229000000,21.32,None,1019.33,522.49
2025-12-28,URI,38.83,15986000000.0,21.32,None,1.678,141.14,763000000,None,316000000,316000000,148000000,-626000000,None,None,-9000000,None,None,None,1000000,110036000,None,2211000000,2211000000,223000000,None,None,511000000,None,None,454000000,270000000,7.0,0.0085,0,0,None,0.02,-0.61,526000000,980000000,12.31,2013-06-30,17.67,1328000000,6232000000.0,1077000000,310000000,123000000,33000000,33000000,None,566000000,None,174000000,None,None,3125000000,None,None,83000000,None,None,None,0.265,469000000,553000000,524000000,422000000,308000000,None,None,None,None,None,None,None,1.374,5.83,3.332,None,None,None,None,None,-54000000,None,0.158,None,2697000000,2025-10-29,quarterly,11.7,USD,post-market,None,-155000000,0.0868,0.288,0.059,245.97,596000000,3152000000,None,None,797.79,849.59,-4.9553,5274000000,1216000000,631000000,4045000000,4058000000,3414000000,3563000000,1229000000,21.32,None,1019.33,522.49
2025-12-28,URI,38.83,15986000000.0,21.32,None,1.678,141.14,303000000,None,316000000,316000000,-191000000,-175000000,None,None,-34000000,None,None,None,1000000,110036000,None,2211000000,2211000000,223000000,None,None,511000000,None,None,454000000,266000000,7.0,0.0085,0,0,None,0.02,-0.61,526000000,980000000,12.31,2013-03-31,17.67,1328000000,6232000000.0,1077000000,310000000,123000000,33000000,33000000,None,566000000,None,174000000,None,None,3125000000,None,None,21000000,None,None,None,0.265,409000000,553000000,524000000,422000000,308000000,None,None,None,None,None,None,None,1.374,5.83,3.332,None,None,None,None,None,-30000000,None,0.158,None,2697000000,2025-10-29,quarterly,11.7,USD,post-market,None,-155000000,0.0868,0.288,0.059,245.97,596000000,3152000000,None,None,797.79,849.59,-4.9553,5274000000,1216000000,631000000,4045000000,4058000000,3414000000,3563000000,1229000000,21.32,None,1019.33,522.49
2025-12-28,URI,38.83,15986000000.0,21.32,None,1.678,141.14,184000000,None,316000000,316000000,-149000000,-38000000,None,None,20000000,None,None,None,1000000,110036000,None,2211000000,2211000000,223000000,None,None,511000000,None,None,454000000,272000000,7.0,0.0085,1127000000,1127000000,None,0.02,-0.61,526000000,980000000,12.31,2012-12-31,17.67,1328000000,6232000000.0,1077000000,310000000,123000000,33000000,33000000,None,566000000,None,174000000,None,None,3125000000,None,None,41000000,None,None,None,0.265,226000000,553000000,524000000,422000000,308000000,None,None,None,None,None,None,None,1.374,5.83,3.332,None,None,None,None,None,-3000000,None,0.158,None,2697000000,2025-10-29,quarterly,11.7,USD,post-market,None,-155000000,0.0868,0.288,0.059,245.97,596000000,3152000000,None,None,797.79,849.59,-4.9553,5274000000,1216000000,631000000,4045000000,4058000000,3414000000,3563000000,1229000000,21.32,None,1019.33,522.49
2025-12-28,URI,38.83,15986000000.0,21.32,None,1.678,141.14,287000000,None,316000000,316000000,45000000,-172000000,None,None,17000000,None,None,None,1000000,110036000,None,2211000000,2211000000,223000000,None,None,511000000,None,None,454000000,275000000,7.0,0.0085,693000000,693000000,None,0.02,-0.61,526000000,980000000,12.31,2012-09-30,17.67,1328000000,6232000000.0,1077000000,310000000,123000000,33000000,33000000,None,566000000,None,174000000,None,None,3125000000,None,None,73000000,None,None,None,0.265,153000000,553000000,524000000,422000000,308000000,None,None,None,None,None,None,None,1.374,5.83,3.332,None,None,None,None,None,-13000000,None,0.158,None,2697000000,2025-10-29,quarterly,11.7,USD,post-market,None,-155000000,0.0868,0.288,0.059,245.97,596000000,3152000000,None,None,797.79,849.59,-4.9553,5274000000,1216000000,631000000,4045000000,4058000000,3414000000,3563000000,1229000000,21.32,None,1019.33,522.49
2025-12-28,URI,38.83,15986000000.0,21.32,None,1.678,141.14,472000000,None,316000000,316000000,1422000000,-1494000000,None,None,2000000,None,None,None,1000000,110036000,None,2211000000,2211000000,223000000,None,None,511000000,None,None,454000000,221000000,7.0,0.0085,3667000000,3667000000,None,0.02,-0.61,526000000,980000000,12.31,2012-06-30,17.67,1328000000,6232000000.0,1077000000,310000000,123000000,33000000,33000000,None,566000000,None,174000000,None,None,3125000000,None,None,-52000000,None,None,None,0.265,88000000,553000000,524000000,422000000,308000000,None,None,None,None,None,None,None,1.374,5.83,3.332,None,None,None,None,None,-107000000,None,0.158,None,2697000000,2025-10-29,quarterly,11.7,USD,post-market,None,-155000000,0.0868,0.288,0.059,245.97,596000000,3152000000,None,None,797.79,849.59,-4.9553,5274000000,1216000000,631000000,4045000000,4058000000,3414000000,3563000000,1229000000,21.32,None,1019.33,522.49
2025-12-28,URI,38.83,15986000000.0,21.32,None,1.678,141.14,426000000,None,316000000,316000000,135000000,-400000000,None,None,-41000000,None,None,None,1000000,110036000,None,2211000000,2211000000,223000000,None,None,511000000,None,None,454000000,129000000,7.0,0.0085,526000000,526000000,None,0.02,-0.61,526000000,980000000,12.31,2012-03-31,17.67,1328000000,6232000000.0,1077000000,310000000,123000000,33000000,33000000,None,566000000,None,174000000,None,None,3125000000,None,None,13000000,None,None,None,0.265,254000000,553000000,524000000,422000000,308000000,None,None,None,None,None,None,None,1.374,5.83,3.332,None,None,None,None,None,-8000000,None,0.158,None,2697000000,2025-10-29,quarterly,11.7,USD,post-market,None,-155000000,0.0868,0.288,0.059,245.97,596000000,3152000000,None,None,797.79,849.59,-4.9553,5274000000,1216000000,631000000,4045000000,4058000000,3414000000,3563000000,1229000000,21.32,None,1019.33,522.49
2025-12-28,URI,38.83,15986000000.0,21.32,None,1.678,141.14,155000000,None,316000000,316000000,-12000000,-134000000,None,None,14000000,None,None,None,1000000,110036000,None,2211000000,2211000000,223000000,None,None,511000000,None,None,454000000,129000000,7.0,0.0085,None,None,None,0.02,-0.61,526000000,980000000,12.31,2011-12-31,17.67,1328000000,6232000000.0,1077000000,310000000,123000000,33000000,33000000,None,566000000,None,174000000,None,None,3125000000,None,None,29000000,None,None,None,0.265,155000000,553000000,524000000,422000000,308000000,None,None,None,None,None,None,None,1.374,5.83,3.332,None,None,None,None,None,7000000,None,0.158,None,2697000000,2025-10-29,quarterly,11.7,USD,post-market,None,-155000000,0.0868,0.288,0.059,245.97,596000000,3152000000,None,None,797.79,849.59,-4.9553,5274000000,1216000000,631000000,4045000000,4058000000,3414000000,3563000000,1229000000,21.32,None,1019.33,522.49
2025-12-28,URI,38.83,15986000000.0,21.32,None,1.678,141.14,230000000,None,316000000,316000000,53000000,-240000000,None,None,13000000,None,None,None,1000000,110036000,None,2211000000,2211000000,223000000,None,None,511000000,None,None,454000000,123000000,7.0,0.0085,0,0,None,0.02,-0.61,526000000,980000000,12.31,2011-09-30,17.67,1328000000,6232000000.0,1077000000,310000000,123000000,33000000,33000000,None,566000000,None,174000000,None,None,3125000000,None,None,65000000,None,None,None,0.265,157000000,553000000,524000000,422000000,308000000,None,None,None,None,None,None,None,1.374,5.83,3.332,None,None,None,None,None,0,None,0.158,None,2697000000,2025-10-29,quarterly,11.7,USD,post-market,None,-155000000,0.0868,0.288,0.059,245.97,596000000,3152000000,None,None,797.79,849.59,-4.9553,5274000000,1216000000,631000000,4045000000,4058000000,3414000000,3563000000,1229000000,21.32,None,1019.33,522.49
2025-12-28,URI,38.83,15986000000.0,21.32,None,1.678,141.14,305000000,None,316000000,316000000,112000000,-403000000,None,None,-6000000,None,None,None,1000000,110036000,None,2211000000,2211000000,223000000,None,None,511000000,None,None,454000000,117000000,7.0,0.0085,0,0,None,0.02,-0.61,526000000,980000000,12.31,2011-06-30,17.67,1328000000,6232000000.0,1077000000,310000000,123000000,33000000,33000000,None,566000000,None,174000000,None,None,3125000000,None,None,27000000,None,None,None,0.265,142000000,553000000,524000000,422000000,308000000,None,None,None,None,None,None,None,1.374,5.83,3.332,None,None,None,None,None,0,None,0.158,None,2697000000,2025-10-29,quarterly,11.7,USD,post-market,None,-155000000,0.0868,0.288,0.059,245.97,596000000,3152000000,None,None,797.79,849.59,-4.9553,5274000000,1216000000,631000000,4045000000,4058000000,3414000000,3563000000,1229000000,21.32,None,1019.33,522.49
2025-12-28,URI,38.83,15986000000.0,21.32,None,1.678,141.14,120000000,None,316000000,316000000,-73000000,-84000000,None,None,-24000000,None,None,None,1000000,110036000,None,2211000000,2211000000,223000000,None,None,511000000,None,None,454000000,111000000,7.0,0.0085,1212000000,1212000000,None,0.02,-0.61,526000000,980000000,12.31,2011-03-31,17.67,1328000000,6232000000.0,1077000000,310000000,123000000,33000000,33000000,None,566000000,None,174000000,None,None,3125000000,None,None,-20000000,None,None,None,0.265,154000000,553000000,524000000,422000000,308000000,None,None,None,None,None,None,None,1.374,5.83,3.332,None,None,None,None,None,-7000000,None,0.158,None,2697000000,2025-10-29,quarterly,11.7,USD,post-market,None,-155000000,0.0868,0.288,0.059,245.97,596000000,3152000000,None,None,797.79,849.59,-4.9553,5274000000,1216000000,631000000,4045000000,4058000000,3414000000,3563000000,1229000000,21.32,None,1019.33,522.49
2025-12-28,URI,38.83,15986000000.0,21.32,None,1.678,141.14,67000000,None,316000000,316000000,-56000000,-26000000,None,None,9000000,None,None,None,1000000,110036000,None,2211000000,2211000000,223000000,None,None,511000000,None,None,454000000,117000000,7.0,0.0085,857000000,857000000,None,0.02,-0.61,526000000,980000000,12.31,2010-12-31,17.67,1328000000,6232000000.0,1077000000,310000000,123000000,33000000,33000000,None,566000000,None,174000000,None,None,3125000000,None,None,-21000000,None,None,None,0.265,109000000,553000000,524000000,422000000,308000000,None,None,None,None,None,None,None,1.374,5.83,3.332,None,None,None,None,None,1000000,None,0.158,None,2697000000,2025-10-29,quarterly,11.7,USD,post-market,None,-155000000,0.0868,0.288,0.059,245.97,596000000,3152000000,None,None,797.79,849.59,-4.9553,5274000000,1216000000,631000000,4045000000,4058000000,3414000000,3563000000,1229000000,21.32,None,1019.33,522.49
2025-12-28,URI,38.83,15986000000.0,21.32,None,1.678,141.14,121000000,None,316000000,316000000,97000000,-86000000,None,None,12000000,None,None,None,1000000,110036000,None,2211000000,2211000000,223000000,None,None,511000000,None,None,454000000,112000000,7.0,0.0085,None,None,None,0.02,-0.61,526000000,980000000,12.31,2010-09-30,17.67,1328000000,6232000000.0,1077000000,310000000,123000000,33000000,33000000,None,566000000,None,174000000,None,None,3125000000,None,None,23000000,None,None,None,0.265,124000000,553000000,524000000,422000000,308000000,None,None,None,None,None,None,None,1.374,5.83,3.332,None,None,None,None,None,None,None,0.158,None,2697000000,2025-10-29,quarterly,11.7,USD,post-market,None,-155000000,0.0868,0.288,0.059,245.97,596000000,3152000000,None,None,797.79,849.59,-4.9553,5274000000,1216000000,631000000,4045000000,4058000000,3414000000,3563000000,1229000000,21.32,None,1019.33,522.49
2025-12-28,URI,38.83,15986000000.0,21.32,None,1.678,141.14,132000000,None,316000000,316000000,10000000,-93000000,None,None,-14000000,None,None,None,1000000,110036000,None,2211000000,2211000000,223000000,None,None,511000000,None,None,454000000,111000000,7.0,0.0085,None,None,None,0.02,-0.61,526000000,980000000,12.31,2010-06-30,17.67,1328000000,6232000000.0,1077000000,310000000,123000000,33000000,33000000,None,566000000,None,174000000,None,None,3125000000,None,None,12000000,None,None,None,0.265,101000000,553000000,524000000,422000000,308000000,None,None,None,None,None,None,None,1.374,5.83,3.332,None,None,None,None,None,None,None,0.158,None,2697000000,2025-10-29,quarterly,11.7,USD,post-market,None,-155000000,0.0868,0.288,0.059,245.97,596000000,3152000000,None,None,797.79,849.59,-4.9553,5274000000,1216000000,631000000,4045000000,4058000000,3414000000,3563000000,1229000000,21.32,None,1019.33,522.49
2025-12-28,URI,38.83,15986000000.0,21.32,None,1.678,141.14,54000000,None,316000000,316000000,-254000000,-18000000,None,None,-2000000,None,None,None,1000000,110036000,None,2211000000,2211000000,223000000,None,None,511000000,None,None,454000000,109000000,7.0,0.0085,None,None,None,0.02,-0.61,526000000,980000000,12.31,2010-03-31,17.67,1328000000,6232000000.0,1077000000,310000000,123000000,33000000,33000000,None,566000000,None,174000000,None,None,3125000000,None,None,-40000000,None,None,None,0.265,118000000,553000000,524000000,422000000,308000000,None,None,None,None,None,None,None,1.374,5.83,3.332,None,None,None,None,None,-1000000,None,0.158,None,2697000000,2025-10-29,quarterly,11.7,USD,post-market,None,-155000000,0.0868,0.288,0.059,245.97,596000000,3152000000,None,None,797.79,849.59,-4.9553,5274000000,1216000000,631000000,4045000000,4058000000,3414000000,3563000000,1229000000,21.32,None,1019.33,522.49
2025-12-28,URI,38.83,15986000000.0,21.32,None,1.678,141.14,79000000,None,316000000,316000000,-28000000,-39000000,None,None,9000000,None,None,None,1000000,110036000,None,2211000000,2211000000,223000000,None,None,511000000,None,None,454000000,116000000,7.0,0.0085,None,None,None,0.02,-0.61,526000000,980000000,12.31,2009-12-31,17.67,1328000000,6232000000.0,1077000000,310000000,123000000,33000000,33000000,None,566000000,None,174000000,None,None,3125000000,None,None,-24000000,None,None,None,0.265,85000000,553000000,524000000,422000000,308000000,None,None,None,None,None,None,None,1.374,5.83,3.332,None,None,None,None,None,-1000000,None,0.158,None,2697000000,2025-10-29,quarterly,11.7,USD,post-market,None,-155000000,0.0868,0.288,0.059,245.97,596000000,3152000000,None,None,797.79,849.59,-4.9553,5274000000,1216000000,631000000,4045000000,4058000000,3414000000,3563000000,1229000000,21.32,None,1019.33,522.49
2025-12-28,URI,38.83,15986000000.0,21.32,None,1.678,141.14,68000000,None,316000000,316000000,-84000000,-49000000,None,None,3000000,None,None,None,1000000,110036000,None,2211000000,2211000000,223000000,None,None,511000000,None,None,454000000,113000000,7.0,0.0085,None,None,None,0.02,-0.61,526000000,980000000,12.31,2009-09-30,17.67,1328000000,6232000000.0,1077000000,310000000,123000000,33000000,33000000,None,566000000,None,174000000,None,None,3125000000,None,None,74000000,None,None,None,0.265,148000000,553000000,524000000,422000000,308000000,None,None,None,None,None,None,None,1.374,5.83,3.332,None,None,None,None,None,None,None,0.158,None,2697000000,2025-10-29,quarterly,11.7,USD,post-market,None,-155000000,0.0868,0.288,0.059,245.97,596000000,3152000000,None,None,797.79,849.59,-4.9553,5274000000,1216000000,631000000,4045000000,4058000000,3414000000,3563000000,1229000000,21.32,None,1019.33,522.49
2025-12-28,URI,38.83,15986000000.0,21.32,None,1.678,141.14,100000000,None,316000000,316000000,-49000000,-10000000,None,None,4000000,None,None,None,1000000,110036000,None,2211000000,2211000000,223000000,None,None,511000000,None,None,454000000,125000000,7.0,0.0085,None,None,None,0.02,-0.61,526000000,980000000,12.31,2009-06-30,17.67,1328000000,6232000000.0,1077000000,310000000,123000000,33000000,33000000,None,566000000,None,174000000,None,None,3125000000,None,None,-17000000,None,None,None,0.265,81000000,553000000,524000000,422000000,308000000,None,None,None,None,None,None,None,1.374,5.83,3.332,None,None,None,None,None,None,None,0.158,None,2697000000,2025-10-29,quarterly,11.7,USD,post-market,None,-155000000,0.0868,0.288,0.059,245.97,596000000,3152000000,None,None,797.79,849.59,-4.9553,5274000000,1216000000,631000000,4045000000,4058000000,3414000000,3563000000,1229000000,21.32,None,1019.33,522.49
2025-12-28,URI,38.83,15986000000.0,21.32,None,1.678,141.14,64000000,None,316000000,316000000,-107000000,4000000,None,None,None,None,None,None,1000000,110036000,None,2211000000,2211000000,223000000,None,None,511000000,None,None,454000000,120000000,7.0,0.0085,None,None,None,0.02,-0.61,526000000,980000000,12.31,2009-03-31,17.67,1328000000,6232000000.0,1077000000,310000000,123000000,33000000,33000000,None,566000000,None,174000000,None,None,3125000000,None,None,-19000000,None,None,None,0.265,124000000,553000000,524000000,422000000,308000000,None,None,None,None,None,None,None,1.374,5.83,3.332,None,None,None,None,None,None,None,0.158,None,2697000000,2025-10-29,quarterly,11.7,USD,post-market,None,-155000000,0.0868,0.288,0.059,245.97,596000000,3152000000,None,None,797.79,849.59,-4.9553,5274000000,1216000000,631000000,4045000000,4058000000,3414000000,3563000000,1229000000,21.32,None,1019.33,522.49
2025-12-28,URI,38.83,15986000000.0,21.32,None,1.678,141.14,73000000,None,316000000,316000000,-181000000,5000000,None,None,19000000,None,None,None,1000000,110036000,None,2211000000,2211000000,223000000,None,None,511000000,None,None,454000000,124000000,7.0,0.0085,None,None,None,0.02,-0.61,526000000,980000000,12.31,2008-12-31,17.67,1328000000,6232000000.0,1077000000,310000000,123000000,33000000,33000000,None,566000000,None,174000000,None,None,3125000000,None,None,-853000000,None,None,None,0.265,193000000,553000000,524000000,422000000,308000000,None,None,None,None,None,None,None,1.374,5.83,3.332,None,None,None,None,None,-253000000,None,0.158,None,2697000000,2025-10-29,quarterly,11.7,USD,post-market,None,-155000000,0.0868,0.288,0.059,245.97,596000000,3152000000,None,None,797.79,849.59,-4.9553,5274000000,1216000000,631000000,4045000000,4058000000,3414000000,3563000000,1229000000,21.32,None,1019.33,522.49
2025-12-28,URI,38.83,15986000000.0,21.32,None,1.678,141.14,162000000,None,316000000,316000000,-14000000,-121000000,None,None,15000000,None,None,None,1000000,110036000,None,2211000000,2211000000,223000000,None,None,511000000,None,None,454000000,135000000,7.0,0.0085,None,None,None,0.02,-0.61,526000000,980000000,12.31,2008-09-30,17.67,1328000000,6232000000.0,1077000000,310000000,123000000,33000000,33000000,None,566000000,None,174000000,None,None,3125000000,None,None,74000000,None,None,None,0.265,124000000,553000000,524000000,422000000,308000000,None,None,None,None,None,None,None,1.374,5.83,3.332,None,None,None,None,None,-350000000,None,0.158,None,2697000000,2025-10-29,quarterly,11.7,USD,post-market,None,-155000000,0.0868,0.288,0.059,245.97,596000000,3152000000,None,None,797.79,849.59,-4.9553,5274000000,1216000000,631000000,4045000000,4058000000,3414000000,3563000000,1229000000,21.32,None,1019.33,522.49
2025-12-28,URI,38.83,15986000000.0,21.32,None,1.678,141.14,318000000,None,316000000,316000000,-410000000,-247000000,None,None,1000000,None,None,None,1000000,110036000,None,2211000000,2211000000,223000000,None,None,511000000,None,None,454000000,130000000,7.0,0.0085,None,None,None,0.02,-0.61,526000000,980000000,12.31,2008-06-30,17.67,1328000000,6232000000.0,1077000000,310000000,123000000,33000000,33000000,None,566000000,None,174000000,None,None,3125000000,None,None,37000000,None,None,None,0.265,221000000,553000000,524000000,422000000,308000000,None,None,None,None,None,None,None,1.374,5.83,3.332,None,None,None,None,None,None,None,0.158,None,2697000000,2025-10-29,quarterly,11.7,USD,post-market,None,-155000000,0.0868,0.288,0.059,245.97,596000000,3152000000,None,None,797.79,849.59,-4.9553,5274000000,1216000000,631000000,4045000000,4058000000,3414000000,3563000000,1229000000,21.32,None,1019.33,522.49
2025-12-28,URI,38.83,15986000000.0,21.32,None,1.678,141.14,151000000,None,316000000,316000000,-7000000,-83000000,None,None,-4000000,None,None,None,1000000,110036000,None,2211000000,2211000000,223000000,None,None,511000000,None,None,454000000,124000000,7.0,0.0085,None,None,None,0.02,-0.61,526000000,980000000,12.31,2008-03-31,17.67,1328000000,6232000000.0,1077000000,310000000,123000000,33000000,33000000,None,566000000,None,174000000,None,None,3125000000,None,None,38000000,None,None,None,0.265,226000000,553000000,524000000,422000000,308000000,None,None,None,None,None,None,None,1.374,5.83,3.332,None,None,None,None,None,None,None,0.158,None,2697000000,2025-10-29,quarterly,11.7,USD,post-market,None,-155000000,0.0868,0.288,0.059,245.97,596000000,3152000000,None,None,797.79,849.59,-4.9553,5274000000,1216000000,631000000,4045000000,4058000000,3414000000,3563000000,1229000000,21.32,None,1019.33,522.49
2025-12-28,URI,38.83,15986000000.0,21.32,None,1.678,141.14,124000000,None,316000000,316000000,-60000000,-45000000,None,None,35000000,None,None,None,1000000,110036000,None,2211000000,2211000000,223000000,None,None,511000000,None,None,454000000,119000000,7.0,0.0085,None,None,None,0.02,-0.61,526000000,980000000,12.31,2007-12-31,17.67,1328000000,6232000000.0,1077000000,310000000,123000000,33000000,33000000,None,566000000,None,174000000,None,None,3125000000,None,None,153000000,None,None,None,0.265,375000000,553000000,524000000,422000000,308000000,None,None,None,None,None,None,None,1.374,5.83,3.332,None,None,None,None,None,-1000000,None,0.158,None,2697000000,2025-10-29,quarterly,11.7,USD,post-market,None,-155000000,0.0868,0.288,0.059,245.97,596000000,3152000000,None,None,797.79,849.59,-4.9553,5274000000,1216000000,631000000,4045000000,4058000000,3414000000,3563000000,1229000000,21.32,None,1019.33,522.49
2025-12-28,URI,38.83,15986000000.0,21.32,None,1.678,141.14,209000000,None,316000000,316000000,-41000000,-122000000,None,None,39000000,None,None,None,1000000,110036000,None,2211000000,2211000000,223000000,None,None,511000000,None,None,454000000,128000000,7.0,0.0085,None,None,None,0.02,-0.61,526000000,980000000,12.31,2007-09-30,17.67,1328000000,6232000000.0,1077000000,310000000,123000000,33000000,33000000,None,566000000,None,174000000,None,None,3125000000,None,None,111000000,None,None,None,0.265,164000000,553000000,524000000,422000000,308000000,None,None,None,None,None,None,None,1.374,5.83,3.332,None,None,None,None,None,-3000000,None,0.158,None,2697000000,2025-10-29,quarterly,11.7,USD,post-market,None,-155000000,0.0868,0.288,0.059,245.97,596000000,3152000000,None,None,797.79,849.59,-4.9553,5274000000,1216000000,631000000,4045000000,4058000000,3414000000,3563000000,1229000000,21.32,None,1019.33,522.49
2025-12-28,URI,38.83,15986000000.0,21.32,None,1.678,141.14,361000000,None,316000000,316000000,74000000,-273000000,None,None,7000000,None,None,None,1000000,110036000,None,2211000000,2211000000,223000000,None,None,511000000,None,None,454000000,129000000,7.0,0.0085,None,None,None,0.02,-0.61,526000000,980000000,12.31,2007-06-30,17.67,1328000000,6232000000.0,1077000000,310000000,123000000,33000000,33000000,None,566000000,None,174000000,None,None,3125000000,None,None,67000000,None,None,None,0.265,196000000,553000000,524000000,422000000,308000000,None,None,None,None,None,None,None,1.374,5.83,3.332,None,None,None,None,None,None,None,0.158,None,2697000000,2025-10-29,quarterly,11.7,USD,post-market,None,-155000000,0.0868,0.288,0.059,245.97,596000000,3152000000,None,None,797.79,849.59,-4.9553,5274000000,1216000000,631000000,4045000000,4058000000,3414000000,3563000000,1229000000,21.32,None,1019.33,522.49
2025-12-28,URI,38.83,15986000000.0,21.32,None,1.678,141.14,296000000,None,316000000,316000000,14000000,-164000000,None,None,-30000000,None,None,None,1000000,110036000,None,2211000000,2211000000,223000000,None,None,511000000,None,None,454000000,121000000,7.0,0.0085,None,None,None,0.02,-0.61,526000000,980000000,12.31,2007-03-31,17.67,1328000000,6232000000.0,1077000000,310000000,123000000,33000000,33000000,None,566000000,None,174000000,None,None,3125000000,None,None,32000000,None,None,None,0.265,133000000,553000000,524000000,422000000,308000000,None,None,None,None,None,None,None,1.374,5.83,3.332,None,None,None,None,None,-1000000,None,0.158,None,2697000000,2025-10-29,quarterly,11.7,USD,post-market,None,-155000000,0.0868,0.288,0.059,245.97,596000000,3152000000,None,None,797.79,849.59,-4.9553,5274000000,1216000000,631000000,4045000000,4058000000,3414000000,3563000000,1229000000,21.32,None,1019.33,522.49
2025-12-28,URI,38.83,15986000000.0,21.32,None,1.678,141.14,114000000,None,316000000,316000000,-248000000,-22000000,None,None,20000000,None,None,None,1000000,110036000,None,2211000000,2211000000,223000000,None,None,511000000,None,None,454000000,127000000,7.0,0.0085,None,None,None,0.02,-0.61,526000000,980000000,12.31,2006-12-31,17.67,1328000000,6232000000.0,1077000000,310000000,123000000,33000000,33000000,None,566000000,None,174000000,None,None,3125000000,None,None,53000000,None,None,None,0.265,252000000,553000000,524000000,422000000,308000000,None,None,None,None,None,None,None,1.374,5.83,3.332,None,None,None,None,None,None,None,0.158,None,2697000000,2025-10-29,quarterly,11.7,USD,post-market,None,-155000000,0.0868,0.288,0.059,245.97,596000000,3152000000,None,None,797.79,849.59,-4.9553,5274000000,1216000000,631000000,4045000000,4058000000,3414000000,3563000000,1229000000,21.32,None,1019.33,522.49
2025-12-28,URI,38.83,15986000000.0,21.32,None,1.678,141.14,192000000,None,316000000,316000000,-203000000,-102000000,None,None,22000000,None,None,None,1000000,110036000,None,2211000000,2211000000,223000000,None,None,511000000,None,None,454000000,132000000,7.0,0.0085,None,None,None,0.02,-0.61,526000000,980000000,12.31,2006-09-30,17.67,1328000000,6232000000.0,1077000000,310000000,123000000,33000000,33000000,None,566000000,None,174000000,None,None,3125000000,None,None,95000000,None,None,None,0.265,237000000,553000000,524000000,422000000,308000000,None,None,None,None,None,None,None,1.374,5.83,3.332,None,None,None,None,None,None,None,0.158,None,2697000000,2025-10-29,quarterly,11.7,USD,post-market,None,-155000000,0.0868,0.288,0.059,245.97,596000000,3152000000,None,None,797.79,849.59,-4.9553,5274000000,1216000000,631000000,4045000000,4058000000,3414000000,3563000000,1229000000,21.32,None,1019.33,522.49
2025-12-28,URI,38.83,15986000000.0,21.32,None,1.678,141.14,395000000,None,316000000,316000000,55000000,-322000000,None,None,17000000,None,None,None,1000000,110036000,None,2211000000,2211000000,223000000,None,None,511000000,None,None,454000000,128000000,7.0,0.0085,None,None,None,0.02,-0.61,526000000,980000000,12.31,2006-06-30,17.67,1328000000,6232000000.0,1077000000,310000000,123000000,33000000,33000000,None,566000000,None,174000000,None,None,3125000000,None,None,56000000,None,None,None,0.265,143000000,553000000,524000000,422000000,308000000,None,None,None,None,None,None,None,1.374,5.83,3.332,None,None,None,None,None,None,None,0.158,None,2697000000,2025-10-29,quarterly,11.7,USD,post-market,None,-155000000,0.0868,0.288,0.059,245.97,596000000,3152000000,None,None,797.79,849.59,-4.9553,5274000000,1216000000,631000000,4045000000,4058000000,3414000000,3563000000,1229000000,21.32,None,1019.33,522.49
2025-12-28,URI,38.83,15986000000.0,21.32,None,1.678,141.14,264000000,None,316000000,316000000,-8000000,-202000000,None,None,-38000000,None,None,None,1000000,110036000,None,2211000000,2211000000,223000000,None,None,511000000,None,None,454000000,116000000,7.0,0.0085,None,None,None,0.02,-0.61,526000000,980000000,12.31,2006-03-31,17.67,1328000000,6232000000.0,1077000000,310000000,123000000,33000000,33000000,None,566000000,None,174000000,None,None,3125000000,None,None,20000000,None,None,None,0.265,226000000,553000000,524000000,422000000,308000000,None,None,None,None,None,None,None,1.374,5.83,3.332,None,None,None,None,None,-167000,None,0.158,None,2697000000,2025-10-29,quarterly,11.7,USD,post-market,None,-155000000,0.0868,0.288,0.059,245.97,596000000,3152000000,None,None,797.79,849.59,-4.9553,5274000000,1216000000,631000000,4045000000,4058000000,3414000000,3563000000,1229000000,21.32,None,1019.33,522.49
2025-12-28,URI,38.83,15986000000.0,21.32,None,1.678,141.14,127000000,None,316000000,316000000,-13000000,-44000000,None,None,9000000,None,None,None,1000000,110036000,None,2211000000,2211000000,223000000,None,None,511000000,None,None,454000000,120000000,7.0,0.0085,3627000,3627000,None,0.02,-0.61,526000000,980000000,12.31,2005-12-31,17.67,1328000000,6232000000.0,1077000000,310000000,123000000,33000000,33000000,None,566000000,None,174000000,None,None,3125000000,None,None,49000000,None,None,None,0.265,219000000,553000000,524000000,422000000,308000000,None,None,None,None,None,None,None,1.374,5.83,3.332,None,None,None,None,None,-6000000,None,0.158,None,2697000000,2025-10-29,quarterly,11.7,USD,post-market,None,-155000000,0.0868,0.288,0.059,245.97,596000000,3152000000,None,None,797.79,849.59,-4.9553,5274000000,1216000000,631000000,4045000000,4058000000,3414000000,3563000000,1229000000,21.32,None,1019.33,522.49
2025-12-28,URI,38.83,15986000000.0,21.32,None,1.678,141.14,220000000,None,316000000,316000000,-43000000,None,None,None,1000000,None,None,None,1000000,110036000,None,2211000000,2211000000,223000000,None,None,511000000,None,None,454000000,116000000,7.0,0.0085,None,None,None,0.02,-0.61,526000000,980000000,12.31,2005-09-30,17.67,1328000000,6232000000.0,1077000000,310000000,123000000,33000000,33000000,None,566000000,None,174000000,None,None,3125000000,None,None,76000000,None,None,None,0.265,99000000,553000000,524000000,422000000,308000000,None,None,None,None,None,None,None,1.374,5.83,3.332,None,None,None,None,None,None,None,0.158,None,2697000000,2025-10-29,quarterly,11.7,USD,post-market,None,-155000000,0.0868,0.288,0.059,245.97,596000000,3152000000,None,None,797.79,849.59,-4.9553,5274000000,1216000000,631000000,4045000000,4058000000,3414000000,3563000000,1229000000,21.32,None,1019.33,522.49
2025-12-28,URI,38.83,15986000000.0,21.32,None,1.678,141.14,4127000000,None,316000000,316000000,-274000000,-4148000000,None,None,15000000,None,None,None,1000000,110036000,None,2211000000,2211000000,223000000,None,None,511000000,None,None,454000000,2903000000,7.0,0.0085,434000000,434000000,None,0.02,-0.61,526000000,980000000,12.31,2024-12-31,17.67,1328000000,6232000000.0,1077000000,310000000,123000000,33000000,33000000,None,566000000,None,174000000,None,None,3125000000,None,None,2575000000,None,None,None,0.265,4546000000,553000000,524000000,422000000,308000000,None,None,None,None,None,None,None,1.374,5.83,3.332,None,None,None,None,None,-1571000000,None,0.158,None,2697000000,2025-10-29,annual,11.7,USD,post-market,None,-155000000,0.0868,0.288,0.059,245.97,596000000,3152000000,None,None,797.79,849.59,-4.9553,5274000000,1216000000,631000000,4045000000,4058000000,3414000000,3563000000,1229000000,21.32,None,1019.33,522.49
2025-12-28,URI,38.83,15986000000.0,21.32,None,1.678,141.14,4070000000,None,316000000,316000000,-1474000000,-2976000000,None,None,19000000,None,None,None,1000000,110036000,None,2211000000,2211000000,223000000,None,None,511000000,None,None,454000000,2781000000,7.0,0.0085,406000000,406000000,None,0.02,-0.61,526000000,980000000,12.31,2023-12-31,17.67,1328000000,6232000000.0,1077000000,310000000,123000000,33000000,33000000,None,566000000,None,174000000,None,None,3125000000,None,None,2424000000,None,None,None,0.265,4704000000,553000000,524000000,422000000,308000000,None,None,None,None,None,None,None,1.374,5.83,3.332,None,None,None,None,None,-1070000000,None,0.158,None,2697000000,2025-10-29,annual,11.7,USD,post-market,None,-155000000,0.0868,0.288,0.059,245.97,596000000,3152000000,None,None,797.79,849.59,-4.9553,5274000000,1216000000,631000000,4045000000,4058000000,3414000000,3563000000,1229000000,21.32,None,1019.33,522.49
2025-12-28,URI,38.83,15986000000.0,21.32,None,1.678,141.14,3690000000,None,316000000,316000000,552000000,-5016000000,-31000000,None,-25000000,None,None,-329000000,1000000,110036000,None,2211000000,2211000000,223000000,None,None,511000000,None,None,454000000,2217000000,7.0,0.0085,0,0,None,0.02,-0.61,526000000,980000000,12.31,2022-12-31,17.67,1328000000,6232000000.0,1077000000,310000000,123000000,33000000,33000000,None,566000000,None,174000000,None,None,3125000000,None,None,2105000000,None,None,None,0.265,4433000000,553000000,524000000,422000000,308000000,None,None,None,None,None,None,None,1.374,5.83,3.332,None,None,None,None,None,-1068000000,None,0.158,None,2697000000,2025-10-29,annual,11.7,USD,post-market,None,-155000000,0.0868,0.288,0.059,245.97,596000000,3152000000,None,None,797.79,849.59,-4.9553,5274000000,1216000000,631000000,4045000000,4058000000,3414000000,3563000000,1229000000,21.32,None,1019.33,522.49
2025-12-28,URI,38.83,15986000000.0,21.32,None,1.678,141.14,3198000000,None,316000000,316000000,-140000000,-3611000000,-62000000,None,9000000,None,None,-300000000,1000000,110036000,None,2211000000,2211000000,223000000,None,None,511000000,None,None,454000000,1983000000,7.0,0.0085,0,0,None,0.02,-0.61,526000000,980000000,12.31,2021-12-31,17.67,1328000000,6232000000.0,1077000000,310000000,123000000,33000000,33000000,None,566000000,None,174000000,None,None,3125000000,None,None,1386000000,None,None,None,0.265,3689000000,553000000,524000000,422000000,308000000,None,None,None,None,None,None,None,1.374,5.83,3.332,None,None,None,None,None,-34000000,None,0.158,None,2697000000,2025-10-29,annual,11.7,USD,post-market,None,-155000000,0.0868,0.288,0.059,245.97,596000000,3152000000,None,None,797.79,849.59,-4.9553,5274000000,1216000000,631000000,4045000000,4058000000,3414000000,3563000000,1229000000,21.32,None,1019.33,522.49
2025-12-28,URI,38.83,15986000000.0,21.32,None,1.678,141.14,1158000000,None,316000000,316000000,-2293000000,-223000000,142000000,None,-5000000,None,None,218000000,1000000,110036000,None,2211000000,2211000000,223000000,None,None,511000000,None,None,454000000,1988000000,7.0,0.0085,1000000,1000000,None,0.02,-0.61,526000000,980000000,12.31,2020-12-31,17.67,1328000000,6232000000.0,1077000000,310000000,123000000,33000000,33000000,None,566000000,None,174000000,None,None,3125000000,None,None,890000000,None,None,None,0.265,2658000000,553000000,524000000,422000000,308000000,None,None,None,None,None,None,None,1.374,5.83,3.332,None,None,None,None,None,-286000000,None,0.158,None,2697000000,2025-10-29,annual,11.7,USD,post-market,None,-155000000,0.0868,0.288,0.059,245.97,596000000,3152000000,None,None,797.79,849.59,-4.9553,5274000000,1216000000,631000000,4045000000,4058000000,3414000000,3563000000,1229000000,21.32,None,1019.33,522.49
2025-12-28,URI,38.83,15986000000.0,21.32,None,1.678,141.14,2350000000,None,316000000,316000000,-1305000000,-1710000000,9000000,None,-8000000,None,None,39000000,1000000,110036000,None,2211000000,2211000000,223000000,None,None,511000000,None,None,454000000,2038000000,7.0,0.0085,11000000,11000000,None,0.02,-0.61,526000000,980000000,12.31,2019-12-31,17.67,1328000000,6232000000.0,1077000000,310000000,123000000,33000000,33000000,None,566000000,None,174000000,None,None,3125000000,None,None,1174000000,None,None,None,0.265,3024000000,553000000,524000000,422000000,308000000,None,None,None,None,None,None,None,1.374,5.83,3.332,None,None,None,None,None,-870000000,None,0.158,None,2697000000,2025-10-29,annual,11.7,USD,post-market,None,-155000000,0.0868,0.288,0.059,245.97,596000000,3152000000,None,None,797.79,849.59,-4.9553,5274000000,1216000000,631000000,4045000000,4058000000,3414000000,3563000000,1229000000,21.32,None,1019.33,522.49
2025-12-28,URI,38.83,15986000000.0,21.32,None,1.678,141.14,2291000000,None,316000000,316000000,1397000000,-4551000000,-309000000,-8000000,-20000000,None,None,-115000000,1000000,110036000,None,2211000000,2211000000,223000000,None,None,511000000,None,None,454000000,1671000000,7.0,0.0085,None,None,None,0.02,-0.61,526000000,980000000,12.31,2018-12-31,17.67,1328000000,6232000000.0,1077000000,310000000,123000000,33000000,33000000,None,566000000,None,174000000,None,None,3125000000,None,None,1096000000,None,None,None,0.265,2853000000,553000000,524000000,422000000,308000000,None,None,None,None,None,None,None,1.374,5.83,3.332,None,None,None,None,None,-817000000,None,0.158,None,2697000000,2025-10-29,annual,11.7,USD,post-market,None,-155000000,0.0868,0.288,0.059,245.97,596000000,3152000000,None,None,797.79,849.59,-4.9553,5274000000,1216000000,631000000,4045000000,4058000000,3414000000,3563000000,1229000000,21.32,None,1019.33,522.49
2025-12-28,URI,38.83,15986000000.0,21.32,None,1.678,141.14,1889000000,None,316000000,316000000,1497000000,-3705000000,40000000,18000000,1000000,None,None,-184000000,1000000,110036000,None,2211000000,2211000000,223000000,None,None,511000000,None,None,454000000,1383000000,7.0,0.0085,0,0,None,0.02,-0.61,526000000,980000000,12.31,2017-12-31,17.67,1328000000,6232000000.0,1077000000,310000000,123000000,33000000,33000000,None,566000000,None,174000000,None,None,3125000000,None,None,1346000000,None,None,None,0.265,2230000000,553000000,524000000,422000000,308000000,None,None,None,None,None,None,None,1.374,5.83,3.332,None,None,None,None,None,-56000000,None,0.158,None,2697000000,2025-10-29,annual,11.7,USD,post-market,None,-155000000,0.0868,0.288,0.059,245.97,596000000,3152000000,None,None,797.79,849.59,-4.9553,5274000000,1216000000,631000000,4045000000,4058000000,3414000000,3563000000,1229000000,21.32,None,1019.33,522.49
2025-12-28,URI,38.83,15986000000.0,21.32,None,1.678,141.14,1339000000,None,316000000,316000000,-964000000,-859000000,133000000,3000000,1000000,None,None,15000000,1000000,110036000,None,2211000000,2211000000,223000000,None,None,511000000,None,None,454000000,1245000000,7.0,0.0085,0,0,None,0.02,-0.61,526000000,980000000,12.31,2016-12-31,17.67,1328000000,6232000000.0,1077000000,310000000,123000000,33000000,33000000,None,566000000,None,174000000,None,None,3125000000,None,None,566000000,None,None,None,0.265,1953000000,553000000,524000000,422000000,308000000,None,None,None,None,None,None,None,1.374,5.83,3.332,None,None,None,None,None,-528000000,None,0.158,None,2697000000,2025-10-29,annual,11.7,USD,post-market,None,-155000000,0.0868,0.288,0.059,245.97,596000000,3152000000,None,None,797.79,849.59,-4.9553,5274000000,1216000000,631000000,4045000000,4058000000,3414000000,3563000000,1229000000,21.32,None,1019.33,522.49
2025-12-28,URI,38.83,15986000000.0,21.32,None,1.678,141.14,1636000000,None,316000000,316000000,-775000000,-1170000000,21000000,-29000000,8000000,None,None,-11000000,1000000,110036000,None,2211000000,2211000000,223000000,None,None,511000000,None,None,454000000,1244000000,7.0,0.0085,0,0,None,0.02,-0.61,526000000,980000000,12.31,2015-12-31,17.67,1328000000,6232000000.0,1077000000,310000000,123000000,33000000,33000000,None,566000000,None,174000000,None,None,3125000000,None,None,585000000,None,None,None,0.265,1995000000,553000000,524000000,422000000,308000000,None,None,None,None,None,None,None,1.374,5.83,3.332,None,None,None,None,None,-789000000,None,0.158,None,2697000000,2025-10-29,annual,11.7,USD,post-market,None,-155000000,0.0868,0.288,0.059,245.97,596000000,3152000000,None,None,797.79,849.59,-4.9553,5274000000,1216000000,631000000,4045000000,4058000000,3414000000,3563000000,1229000000,21.32,None,1019.33,522.49
2025-12-28,URI,38.83,15986000000.0,21.32,None,1.678,141.14,1821000000,None,316000000,316000000,196000000,-2000000000,-17000000,-14000000,11000000,None,None,-101000000,1000000,110036000,None,2211000000,2211000000,223000000,None,None,511000000,None,None,454000000,1194000000,7.0,0.0085,0,0,None,0.02,-0.61,526000000,980000000,12.31,2014-12-31,17.67,1328000000,6232000000.0,1077000000,310000000,123000000,33000000,33000000,None,566000000,None,174000000,None,None,3125000000,None,None,540000000,None,None,None,0.265,1801000000,553000000,524000000,422000000,308000000,None,None,None,None,None,None,None,1.374,5.83,3.332,None,None,None,None,None,-613000000,None,0.158,None,2697000000,2025-10-29,annual,11.7,USD,post-market,None,-155000000,0.0868,0.288,0.059,245.97,596000000,3152000000,None,None,797.79,849.59,-4.9553,5274000000,1216000000,631000000,4045000000,4058000000,3414000000,3563000000,1229000000,21.32,None,1019.33,522.49
2025-12-28,URI,38.83,15986000000.0,21.32,None,1.678,141.14,1684000000,None,316000000,316000000,-295000000,-1177000000,69000000,-10000000,-2000000,None,None,-20000000,1000000,110036000,None,2211000000,2211000000,223000000,None,None,511000000,None,None,454000000,1098000000,7.0,0.0085,0,0,None,0.02,-0.61,526000000,980000000,12.31,2013-12-31,17.67,1328000000,6232000000.0,1077000000,310000000,123000000,33000000,33000000,None,566000000,None,174000000,None,None,3125000000,None,None,387000000,None,None,None,0.265,1551000000,553000000,524000000,422000000,308000000,None,None,None,None,None,None,None,1.374,5.83,3.332,None,None,None,None,None,-115000000,None,0.158,None,2697000000,2025-10-29,annual,11.7,USD,post-market,None,-155000000,0.0868,0.288,0.059,245.97,596000000,3152000000,None,None,797.79,849.59,-4.9553,5274000000,1216000000,631000000,4045000000,4058000000,3414000000,3563000000,1229000000,21.32,None,1019.33,522.49
2025-12-28,URI,38.83,15986000000.0,21.32,None,1.678,141.14,1369000000,None,316000000,316000000,1453000000,-2104000000,None,None,-2000000,None,None,None,1000000,110036000,None,2211000000,2211000000,223000000,None,None,511000000,None,None,454000000,897000000,7.0,0.0085,0,0,None,0.02,-0.61,526000000,980000000,12.31,2012-12-31,17.67,1328000000,6232000000.0,1077000000,310000000,123000000,33000000,33000000,None,566000000,None,174000000,None,None,3125000000,None,None,75000000,None,None,None,0.265,721000000,553000000,524000000,422000000,308000000,None,None,None,None,None,None,None,1.374,5.83,3.332,None,None,None,None,None,-131000000,None,0.158,None,2697000000,2025-10-29,annual,11.7,USD,post-market,None,-155000000,0.0868,0.288,0.059,245.97,596000000,3152000000,None,None,797.79,849.59,-4.9553,5274000000,1216000000,631000000,4045000000,4058000000,3414000000,3563000000,1229000000,21.32,None,1019.33,522.49
2025-12-28,URI,38.83,15986000000.0,21.32,None,1.678,141.14,810000000,None,316000000,316000000,80000000,-861000000,None,None,-3000000,None,None,None,1000000,110036000,None,2211000000,2211000000,223000000,None,None,511000000,None,None,454000000,480000000,7.0,0.0085,None,None,None,0.02,-0.61,526000000,980000000,12.31,2011-12-31,17.67,1328000000,6232000000.0,1077000000,310000000,123000000,33000000,33000000,None,566000000,None,174000000,None,None,3125000000,None,None,101000000,None,None,None,0.265,608000000,553000000,524000000,422000000,308000000,None,None,None,None,None,None,None,1.374,5.83,3.332,None,None,None,None,None,-7000000,None,0.158,None,2697000000,2025-10-29,annual,11.7,USD,post-market,None,-155000000,0.0868,0.288,0.059,245.97,596000000,3152000000,None,None,797.79,849.59,-4.9553,5274000000,1216000000,631000000,4045000000,4058000000,3414000000,3563000000,1229000000,21.32,None,1019.33,522.49
2025-12-28,URI,38.83,15986000000.0,21.32,None,1.678,141.14,374000000,None,316000000,316000000,-203000000,-223000000,None,None,5000000,None,None,None,1000000,110036000,None,2211000000,2211000000,223000000,None,None,511000000,None,None,454000000,449000000,7.0,0.0085,3423000000,3423000000,None,0.02,-0.61,526000000,980000000,12.31,2010-12-31,17.67,1328000000,6232000000.0,1077000000,310000000,123000000,33000000,33000000,None,566000000,None,174000000,None,None,3125000000,None,None,-26000000,None,None,None,0.265,452000000,553000000,524000000,422000000,308000000,None,None,None,None,None,None,None,1.374,5.83,3.332,None,None,None,None,None,-1000000,None,0.158,None,2697000000,2025-10-29,annual,11.7,USD,post-market,None,-155000000,0.0868,0.288,0.059,245.97,596000000,3152000000,None,None,797.79,849.59,-4.9553,5274000000,1216000000,631000000,4045000000,4058000000,3414000000,3563000000,1229000000,21.32,None,1019.33,522.49
2025-12-28,URI,38.83,15986000000.0,21.32,None,1.678,141.14,311000000,None,316000000,316000000,-268000000,-94000000,None,None,16000000,None,None,None,1000000,110036000,None,2211000000,2211000000,223000000,None,None,511000000,None,None,454000000,474000000,7.0,0.0085,None,None,None,0.02,-0.61,526000000,980000000,12.31,2009-12-31,17.67,1328000000,6232000000.0,1077000000,310000000,123000000,33000000,33000000,None,566000000,None,174000000,None,None,3125000000,None,None,-60000000,None,None,None,0.265,438000000,553000000,524000000,422000000,308000000,None,None,None,None,None,None,None,1.374,5.83,3.332,None,None,None,None,None,-1000000,None,0.158,None,2697000000,2025-10-29,annual,11.7,USD,post-market,None,-155000000,0.0868,0.288,0.059,245.97,596000000,3152000000,None,None,797.79,849.59,-4.9553,5274000000,1216000000,631000000,4045000000,4058000000,3414000000,3563000000,1229000000,21.32,None,1019.33,522.49
2025-12-28,URI,38.83,15986000000.0,21.32,None,1.678,141.14,704000000,None,316000000,316000000,-612000000,-446000000,None,None,31000000,None,None,None,1000000,110036000,None,2211000000,2211000000,223000000,None,None,511000000,None,None,454000000,513000000,7.0,0.0085,257000000,257000000,None,0.02,-0.61,526000000,980000000,12.31,2008-12-31,17.67,1328000000,6232000000.0,1077000000,310000000,123000000,33000000,33000000,None,566000000,None,174000000,None,None,3125000000,None,None,-704000000,None,None,None,0.265,764000000,553000000,524000000,422000000,308000000,None,None,None,None,None,None,None,1.374,5.83,3.332,None,None,None,None,None,-605000000,None,0.158,None,2697000000,2025-10-29,annual,11.7,USD,post-market,None,-155000000,0.0868,0.288,0.059,245.97,596000000,3152000000,None,None,797.79,849.59,-4.9553,5274000000,1216000000,631000000,4045000000,4058000000,3414000000,3563000000,1229000000,21.32,None,1019.33,522.49
2025-12-28,URI,38.83,15986000000.0,21.32,None,1.678,141.14,990000000,None,316000000,316000000,-13000000,-604000000,None,None,51000000,None,None,None,1000000,110036000,None,2211000000,2211000000,223000000,None,None,511000000,None,None,454000000,497000000,7.0,0.0085,None,None,None,0.02,-0.61,526000000,980000000,12.31,2007-12-31,17.67,1328000000,6232000000.0,1077000000,310000000,123000000,33000000,33000000,None,566000000,None,174000000,None,None,3125000000,None,None,363000000,None,None,None,0.265,868000000,553000000,524000000,422000000,308000000,None,None,None,None,None,None,None,1.374,5.83,3.332,None,None,None,None,None,-5000000,None,0.158,None,2697000000,2025-10-29,annual,11.7,USD,post-market,None,-155000000,0.0868,0.288,0.059,245.97,596000000,3152000000,None,None,797.79,849.59,-4.9553,5274000000,1216000000,631000000,4045000000,4058000000,3414000000,3563000000,1229000000,21.32,None,1019.33,522.49
2025-12-28,URI,38.83,15986000000.0,21.32,None,1.678,141.14,965000000,None,316000000,316000000,-404000000,-648000000,None,None,21000000,None,None,None,1000000,110036000,None,2211000000,2211000000,223000000,None,None,511000000,None,None,454000000,503000000,7.0,0.0085,None,None,None,0.02,-0.61,526000000,980000000,12.31,2006-12-31,17.67,1328000000,6232000000.0,1077000000,310000000,123000000,33000000,33000000,None,566000000,None,174000000,None,None,3125000000,None,None,224000000,None,None,None,0.265,858000000,553000000,524000000,422000000,308000000,None,None,None,None,None,None,None,1.374,5.83,3.332,None,None,None,None,None,-4000000,None,0.158,None,2697000000,2025-10-29,annual,11.7,USD,post-market,None,-155000000,0.0868,0.288,0.059,245.97,596000000,3152000000,None,None,797.79,849.59,-4.9553,5274000000,1216000000,631000000,4045000000,4058000000,3414000000,3563000000,1229000000,21.32,None,1019.33,522.49
2025-12-28,URI,38.83,15986000000.0,21.32,None,1.678,141.14,863000000,None,316000000,316000000,-80000000,-553000000,None,None,-32000000,None,None,None,1000000,110036000,None,2211000000,2211000000,223000000,None,None,511000000,None,None,454000000,462000000,7.0,0.0085,None,None,None,0.02,-0.61,526000000,980000000,12.31,2005-12-31,17.67,1328000000,6232000000.0,1077000000,310000000,123000000,33000000,33000000,None,566000000,None,174000000,None,None,3125000000,None,None,187000000,None,None,None,0.265,643000000,553000000,524000000,422000000,308000000,None,None,None,None,None,None,None,1.374,5.83,3.332,None,None,None,None,None,-8000000,None,0.158,None,2697000000,2025-10-29,annual,11.7,USD,post-market,None,-155000000,0.0868,0.288,0.059,245.97,596000000,3152000000,None,None,797.79,849.59,-4.9553,5274000000,1216000000,631000000,4045000000,4058000000,3414000000,3563000000,1229000000,21.32,None,1019.33,522.49
