date,symbol,eps,revenue_ttm,pe_ratio,accumulateddepreciationamortizationppe,beta,book_value,capitalexpenditures,capitalleaseobligations,cashandcashequivalentsatcarryingvalue,cashandshortterminvestments,cashflowfromfinancing,cashflowfrominvestment,changeincashandcashequivalents,changeinexchangerate,changeininventory,changeinoperatingassets,changeinoperatingliabilities,changeinreceivables,commonstock,commonstocksharesoutstanding,comprehensiveincomenetoftax,costofgoodsandservicessold,costofrevenue,currentaccountspayable,currentdebt,currentlongtermdebt,currentnetreceivables,deferredrevenue,depreciation,depreciationandamortization,depreciationdepletionandamortization,dividend_per_share,dividend_yield,dividendpayout,dividendpayoutcommonstock,dividendpayoutpreferredstock,earnings_growth_yoy,earnings_surprise,ebit,ebitda,estimated_eps,fiscaldateending,forward_pe,goodwill,gross_profit_ttm,grossprofit,incomebeforetax,incometaxexpense,intangibleassets,intangibleassetsexcludinggoodwill,interestanddebtexpense,interestexpense,interestincome,inventory,investmentincomenet,investments,longtermdebt,longtermdebtnoncurrent,longterminvestments,netincome,netincomefromcontinuingoperations,netinterestincome,noninterestincome,operating_margin_ttm,operatingcashflow,operatingexpenses,operatingincome,othercurrentassets,othercurrentliabilities,othernoncurrentassets,othernoncurrentliabilities,othernonoperatingincome,paymentsforoperatingactivities,paymentsforrepurchaseofcommonstock,paymentsforrepurchaseofequity,paymentsforrepurchaseofpreferredstock,peg_ratio,price_to_book,price_to_sales_ttm,proceedsfromissuanceofcommonstock,proceedsfromissuanceoflongtermdebtandcapitalsecuritiesnet,proceedsfromissuanceofpreferredstock,proceedsfromoperatingactivities,proceedsfromrepaymentsofshorttermdebt,proceedsfromrepurchaseofequity,proceedsfromsaleoftreasurystock,profit_margin,profitloss,propertyplantequipment,report_date,report_type,reported_eps,reportedcurrency,reporttime,researchanddevelopment,retainedearnings,return_on_assets_ttm,return_on_equity_ttm,revenue_growth_yoy,revenue_per_share_ttm,sellinggeneralandadministrative,shortlongtermdebttotal,shorttermdebt,shortterminvestments,sma_200,sma_50,surprise_pct,totalassets,totalcurrentassets,totalcurrentliabilities,totalliabilities,totalnoncurrentassets,totalnoncurrentliabilities,totalrevenue,totalshareholderequity,trailing_pe,treasurystock,week_52_high,week_52_low
1998-03-31,UTL,,,,,,,,,,,,,,,,,,,,,,,,,,,,,,,,,,,,,,0.0,,,,,,,,,,,,,,,,,,,,,,,,,,,,,,,,,,,,,,,,,,,,,,,,,,,,1998-03-31,,0.5562,,pre-market,,,,,,,,,,,,,,,,,,,,,,,,,
1998-06-30,UTL,,,,,,,,,,,,,,,,,,,,,,,,,,,,,,,,,,,,,,0.0,,,,,,,,,,,,,,,,,,,,,,,,,,,,,,,,,,,,,,,,,,,,,,,,,,,,1998-06-30,,0.3059,,pre-market,,,,,,,,,,,,,,,,,,,,,,,,,
1998-09-30,UTL,,,,,,,,,,,,,,,,,,,,,,,,,,,,,,,,,,,,,,0.0,,,,,,,,,,,,,,,,,,,,,,,,,,,,,,,,,,,,,,,,,,,,,,,,,,,,1998-09-30,,0.3569,,pre-market,,,,,,,,,,,,,,,,,,,,,,,,,
1999-03-31,UTL,,,,,,,,,,,,,,,,,,,,,,,,,,,,,,,,,,,,,,0.0,,,,,,,,,,,,,,,,,,,,,,,,,,,,,,,,,,,,,,,,,,,,,,,,,,,,1999-03-31,,0.5791,,pre-market,,,,,,,,,,,,,,,,,,,,,,,,,
1999-06-30,UTL,,,,,,,,,,,,,,,,,,,,,,,,,,,,,,,,,,,,,,0.0,,,,,,,,,,,,,,,,,,,,,,,,,,,,,,,,,,,,,,,,,,,,,,,,,,,,1999-06-30,,0.326,,pre-market,,,,,,,,,,,,,,,,,,,,,,,,,
1999-09-30,UTL,,,,,,,,,,,,,,,,,,,,,,,,,,,,,,,,,,,,,,0.0,,,,,,,,,,,,,,,,,,,,,,,,,,,,,,,,,,,,,,,,,,,,,,,,,,,,1999-09-30,,0.3493,,pre-market,,,,,,,,,,,,,,,,,,,,,,,,,
2000-03-31,UTL,,,,,,,,,,,,,,,,,,,,,,,,,,,,,,,,,,,,,,0.0,,,,,,,,,,,,,,,,,,,,,,,,,,,,,,,,,,,,,,,,,,,,,,,,,,,,2000-03-31,,0.5474,,pre-market,,,,,,,,,,,,,,,,,,,,,,,,,
2000-06-30,UTL,,,,,,,,,,,,,,,,,,,,,,,,,,,,,,,,,,,,,,0.0,,,,,,,,,,,,,,,,,,,,,,,,,,,,,,,,,,,,,,,,,,,,,,,,,,,,2000-06-30,,0.246,,pre-market,,,,,,,,,,,,,,,,,,,,,,,,,
2000-09-30,UTL,,,,,,,,,,,,,,,,,,,,,,,,,,,,,,,,,,,,,,0.0,,,,,,,,,,,,,,,,,,,,,,,,,,,,,,,,,,,,,,,,,,,,,,,,,,,,2000-09-30,,0.2258,,pre-market,,,,,,,,,,,,,,,,,,,,,,,,,
2000-12-31,UTL,,,,,,,,,,,,,,,,,,,,,,,,,,,,,,,,,,,,,,0.0,,,,,,,,,,,,,,,,,,,,,,,,,,,,,,,,,,,,,,,,,,,,,,,,,,,,2000-12-31,,0.4365,,pre-market,,,,,,,,,,,,,,,,,,,,,,,,,
2001-03-31,UTL,,,,,,,,,,,,,,,,,,,,,,,,,,,,,,,,,,,,,,0.0,,,,,,,,,,,,,,,,,,,,,,,,,,,,,,,,,,,,,,,,,,,,,,,,,,,,2001-03-31,,0.4093,,pre-market,,,,,,,,,,,,,,,,,,,,,,,,,
2001-06-30,UTL,,,,,,,,,,,,,,,,,,,,,,,,,,,,,,,,,,,,,,0.0,,,,,,,,,,,,,,,,,,,,,,,,,,,,,,,,,,,,,,,,,,,,,,,,,,,,2001-06-30,,0.2926,,pre-market,,,,,,,,,,,,,,,,,,,,,,,,,
2001-09-30,UTL,,,,,,,,,,,,,,,,,,,,,,,,,,,,,,,,,,,,,,0.0,,,,,,,,,,,,,,,,,,,,,,,,,,,,,,,,,,,,,,,,,,,,,,,,,,,,2001-09-30,,-0.5426,,pre-market,,,,,,,,,,,,,,,,,,,,,,,,,
2001-12-31,UTL,,,,,,,,,,,,,,,,,,,,,,,,,,,,,,,,,,,,,,0.0,,,,,,,,,,,,,,,,,,,,,,,,,,,,,,,,,,,,,,,,,,,,,,,,,,,,2001-12-31,,0.03,,pre-market,,,,,,,,,,,,,,,,,,,,,,,,,
2002-03-31,UTL,,,,,,,,,,,,,,,,,,,,,,,,,,,,,,,,,,,,,,0.0,,,,,,,,,,,,,,,,,,,,,,,,,,,,,,,,,,,,,,,,,,,,,,,,,,,,2002-03-31,,0.3561,,pre-market,,,,,,,,,,,,,,,,,,,,,,,,,
2002-06-30,UTL,,,,,,,,,,,,,,,,,,,,,,,,,,,,,,,,,,,,,,0.0,,,,,,,,,,,,,,,,,,,,,,,,,,,,,,,,,,,,,,,,,,,,,,,,,,,,2002-06-30,,0.2702,,pre-market,,,,,,,,,,,,,,,,,,,,,,,,,
2002-09-30,UTL,,,,,,,,,,,,,,,,,,,,,,,,,,,,,,,,,,,,,,0.0,,,,,,,,,,,,,,,,,,,,,,,,,,,,,,,,,,,,,,,,,,,,,,,,,,,,2002-09-30,,0.289,,pre-market,,,,,,,,,,,,,,,,,,,,,,,,,
2002-12-31,UTL,,,,,,,,,,,,,,,,,,,,,,,,,,,,,,,,,,,,,,0.0,,,,,,,,,,,,,,,,,,,,,,,,,,,,,,,,,,,,,,,,,,,,,,,,,,,,2002-12-31,,0.3091,,pre-market,,,,,,,,,,,,,,,,,,,,,,,,,
2003-03-31,UTL,,,,,,,,,,,,,,,,,,,,,,,,,,,,,,,,,,,,,,0.0,,,,,,,,,,,,,,,,,,,,,,,,,,,,,,,,,,,,,,,,,,,,,,,,,,,,2003-03-31,,0.5204,,pre-market,,,,,,,,,,,,,,,,,,,,,,,,,
2003-06-30,UTL,,,,,,,,,,,,,,,,,,,,,,,,,,,,,,,,,,,,,,0.0,,,,,,,,,,,,,,,,,,,,,,,,,,,,,,,,,,,,,,,,,,,,,,,,,,,,2003-07-31,,0.2976,,pre-market,,,,,,,,,,,,,,,,,,,,,,,,,
2003-09-30,UTL,,,,,,,,,,,,,,,,,,,,,,,,,,,,,,,,,,,,,,0.0,,,,,,,,,,,,,,,,,,,,,,,,,,,,,,,,,,,,,,,,,,,,,,,,,,,,2003-10-30,,0.3006,,pre-market,,,,,,,,,,,,,,,,,,,,,,,,,
2003-12-31,UTL,,,,,,,,,,,,,,,,,,,,,,,,,,,,,,,,,,,,,,0.0,,,,,,,,,,,,,,,,,,,,,,,,,,,,,,,,,,,,,,,,,,,,,,,,,,,,2004-02-06,,0.4598,,pre-market,,,,,,,,,,,,,,,,,,,,,,,,,
2004-03-31,UTL,,,,,,,,,,,,,,,,,,,,,,,,,,,,,,,,,,,,,,0.0,,,,,,,,,,,,,,,,,,,,,,,,,,,,,,,,,,,,,,,,,,,,,,,,,,,,2004-04-28,,0.4979,,pre-market,,,,,,,,,,,,,,,,,,,,,,,,,
2004-06-30,UTL,,,,,,,,,,,,,,,,,,,,,,,,,,,,,,,,,,,,,,0.0,,,,,,,,,,,,,,,,,,,,,,,,,,,,,,,,,,,,,,,,,,,,,,,,,,,,2004-07-29,,0.2801,,pre-market,,,,,,,,,,,,,,,,,,,,,,,,,
2004-09-30,UTL,,,,,,,,,,,,,,,,,,,,,,,,,,,,,,,,,,,,,,0.0,,,,,,,,,,,,,,,,,,,,,,,,,,,,,,,,,,,,,,,,,,,,,,,,,,,,2004-10-28,,0.2183,,pre-market,,,,,,,,,,,,,,,,,,,,,,,,,
2004-12-31,UTL,,,,,,,,,,,,,,,,,,,,,,,,,,,,,,,,,,,,,,0.0,,,,,,,,,,,,,,,,,,,,,,,,,,,,,,,,,,,,,,,,,,,,,,,,,,,,2005-02-04,,0.4547,,pre-market,,,,,,,,,,,,,,,,,,,,,,,,,
2005-03-31,UTL,,,,,,,,,,,,,,,,,,,,,,,,,,,,,,,,,,,,,,0.0,,,,,,,,,,,,,,,,,,,,,,,,,,,,,,,,,,,,,,,,,,,,,,,,,,,,2005-04-29,,0.4813,,pre-market,,,,,,,,,,,,,,,,,,,,,,,,,
2005-06-30,UTL,,,,,,,,,,,,,,,,,,,,,,,,,,,,,,,,,,,,,,0.0,,,,,,,,,,,,,,,,,,,,,,,,,,,,,,,,,,,,,,,,,,,,,,,,,,,,2005-07-29,,0.2691,,pre-market,,,,,,,,,,,,,,,,,,,,,,,,,
2005-09-30,UTL,,,,,,,,,,,,,,,,,,,,,,,,,,,,,,,,,,,,,,0.0,,,,,,,,,,,,,,,,,,,,,,,,,,,,,,,,,,,,,,,,,,,,,,,,,,,,2005-10-28,,0.2801,,pre-market,,,,,,,,,,,,,,,,,,,,,,,,,
2005-12-31,UTL,,,,,,,,,,,,,,,,,,,,,,,,,,,,,,,,,,,,,,0.0,,,,,,,,,,,,,,,,,,,,,,,,,,,,,,,,,,,,,,,,,,,,,,,,,,,,2006-02-03,,0.479,,pre-market,,,,,,,,,,,,,,,,,,,,,,,,,
2006-03-31,UTL,,,,,,,,,,,,,,,,,,,,,,,,,,,,,,,,,,,,,,0.0,,,,,,,,,,,,,,,,,,,,,,,,,,,,,,,,,,,,,,,,,,,,,,,,,,,,2006-04-28,,0.36,,pre-market,,,,,,,,,,,,,,,,,,,,,,,,,
2006-06-30,UTL,,,,,,,,,,,,,,,,,,,,,,,,,,,,,,,,,,,,,,0.0,,,,,,,,,,,,,,,,,,,,,,,,,,,,,,,,,,,,,,,,,,,,,,,,,,,,2006-07-28,,0.2499,,pre-market,,,,,,,,,,,,,,,,,,,,,,,,,
2006-09-30,UTL,,,,,,,,,,,,,,,,,,,,,,,,,,,,,,,,,,,,,,0.0,,,,,,,,,,,,,,,,,,,,,,,,,,,,,,,,,,,,,,,,,,,,,,,,,,,,2006-10-26,,0.3189,,pre-market,,,,,,,,,,,,,,,,,,,,,,,,,
2006-12-31,UTL,,,,,,,,,,,,,,,,,,,,,,,,,,,,,,,,,,,,,,0.0,,,,,,,,,,,,,,,,,,,,,,,,,,,,,,,,,,,,,,,,,,,,,,,,,,,,2007-02-02,,0.4796,,pre-market,,,,,,,,,,,,,,,,,,,,,,,,,
2007-03-31,UTL,,,,,,,,,,,,,,,,,,,,,,,,,,,,,,,,,,,,,,0.0,,,,,,,,,,,,,,,,,,,,,,,,,,,,,,,,,,,,,,,,,,,,,,,,,,,,2007-04-26,,0.4607,,pre-market,,,,,,,,,,,,,,,,,,,,,,,,,
2007-06-30,UTL,,,,,,,,,,,,,,,,,,,,,,,,,,,,,,,,,,,,,,0.0,,,,,,,,,,,,,,,,,,,,,,,,,,,,,,,,,,,,,,,,,,,,,,,,,,,,2007-07-26,,0.3002,,pre-market,,,,,,,,,,,,,,,,,,,,,,,,,
2007-09-30,UTL,,,,,,,,,,,,,,,,,,,,,,,,,,,,,,,,,,,,,,0.0,,,,,,,,,,,,,,,,,,,,,,,,,,,,,,,,,,,,,,,,,,,,,,,,,,,,2007-10-26,,0.2823,,pre-market,,,,,,,,,,,,,,,,,,,,,,,,,
2007-12-31,UTL,,,,,,,,,,,,,,,,,,,,,,,,,,,,,,,,,,,,,,0.0,,,,,,,,,,,,,,,,,,,,,,,,,,,,,,,,,,,,,,,,,,,,,,,,,,,,2008-02-01,,0.48,,pre-market,,,,,,,,,,,,,,,,,,,,,,,,,
2008-03-31,UTL,,,,,,,,,,,,,,,,,,,,,,,,,,,,,,,,,,,,,,0.0,,,,,,,,,,,,,,,,,,,,,,,,,,,,,,,,,,,,,,,,,,,,,,,,,,,,2008-04-24,,0.5765,,pre-market,,,,,,,,,,,,,,,,,,,,,,,,,
2008-06-30,UTL,,,,,,,,,,,,,,,,,,,,,,,,,,,,,,,,,,,,,,0.0,,,,,,,,,,,,,,,,,,,,,,,,,,,,,,,,,,,,,,,,,,,,,,,,,,,,2008-07-25,,0.2787,,pre-market,,,,,,,,,,,,,,,,,,,,,,,,,
2008-09-30,UTL,,,,,,,,,,,,,,,,,,,,,,,,,,,,,,,,,,,,,,0.0,,,,,,,,,,,,,,,,,,,,,,,,,,,,,,,,,,,,,,,,,,,,,,,,,,,,2008-10-24,,0.261,,pre-market,,,,,,,,,,,,,,,,,,,,,,,,,
2008-12-31,UTL,,,,,,,,,,,,,,,,,,,,,,,,,,,,,,,,,,,,,,0.12,,,0.41,,,,,,,,,,,,,,,,,,,,,,,,,,,,,,,,,,,,,,,,,,,,,,,,,2009-02-06,,0.53,,post-market,,,,,,,,,,,,,29.2683,,,,,,,,,,,,
2009-03-31,UTL,,,,,,,,,,,,,,,,,,,,,,,,,,,,,,,,,,,,,,0.55,,,0.59,,,,,,,,,,,,,,,,,,,,,,,,,,,,,,,,,,,,,,,,,,,,,,,,,2009-04-27,,1.14,,post-market,,,,,,,,,,,,,93.2203,,,,,,,,,,,,
2009-06-30,UTL,,,,,,,,,,,,,,,,,,,,,,,,,,,,,,,,,,,,,,0.11,,,-0.08,,,,,,,,,,,,,,,,,,,,,,,,,,,,,,,,,,,,,,,,,,,,,,,,,2009-07-23,,0.03,,post-market,,,,,,,,,,,,,137.5,,,,,,,,,,,,
2009-09-30,UTL,,,,,,,,,,,,,,,,,,,,,,,,,,,,,,,,,,,,,,-0.08,,,0.02,,,,,,,,,,,,,,,,,,,,,,,,,,,,,,,,,,,,,,,,,,,,,,,,,2009-10-23,,-0.06,,post-market,,,,,,,,,,,,,-400.0,,,,,,,,,,,,
2009-12-31,UTL,,,,,,,,,,,,,,,,,,,,,,,,,,,,,,,,,,,,,,-0.18,,,0.65,,,,,,,,,,,,,,,,,,,,,,,,,,,,,,,,,,,,,,,,,,,,,,,,,2010-02-05,,0.47,,pre-market,,,,,,,,,,,,,-27.6923,,,,,,,,,,,,
2010-03-31,UTL,,,,,,,,,,,,,,,,,,,,,,,,,,,,,,,,,,,,,,-0.35,,,0.96,,,,,,,,,,,,,,,,,,,,,,,,,,,,,,,,,,,,,,,,,,,,,,,,,2010-04-27,,0.61,,pre-market,,,,,,,,,,,,,-36.4583,,,,,,,,,,,,
2010-06-30,UTL,,,,,,,,,,,,,,,,,,,,,,,,,,,,,,,,,,,,,,-0.24,,,0.05,,,,,,,,,,,,,,,,,,,,,,,,,,,,,,,,,,,,,,,,,,,,,,,,,2010-07-27,,-0.19,,pre-market,,,,,,,,,,,,,-480.0,,,,,,,,,,,,
2010-09-30,UTL,,,,,,,,,,,,,,,,,,,,,,,,,,,,,,,,,,,,,,-0.04,,,0.03,,,,,,,,,,,,,,,,,,,,,,,,,,,,,,,,,,,,,,,,,,,,,,,,,2010-10-25,,-0.01,,post-market,,,,,,,,,,,,,-133.3333,,,,,,,,,,,,
2010-12-31,UTL,,,,,,,,,,,,,,,,,,,,,,,,,,,,,,,,,,,,,,-0.2,,,0.68,,,,,,,,,,,,,,,,,,,,,,,,,,,,,,,,,,,,,,,,,,,,,,,,,2011-02-03,,0.48,,pre-market,,,,,,,,,,,,,-29.4118,,,,,,,,,,,,
2011-03-31,UTL,,,,,,,,,,,,,,,,,,,,,,,,,,,,,,,,,,,,,,0.01,,,0.8,,,,,,,,,,,,,,,,,,,,,,,,,,,,,,,,,,,,,,,,,,,,,,,,,2011-04-26,,0.81,,pre-market,,,,,,,,,,,,,1.25,,,,,,,,,,,,
2011-06-30,UTL,,,,,,,,,,,,,,,,,,,,,,,,,,,,,,,,,,,,,,0.01,,,-0.09,,,,,,,,,,,,,,,,,,,,,,,,,,,,,,,,,,,,,,,,,,,,,,,,,2011-07-28,,-0.08,,pre-market,,,,,,,,,,,,,11.1111,,,,,,,,,,,,
2011-09-30,UTL,,,,,,,,,,,,,,,,,,,,,,,,,,,,,,,,,,,,,,0.0,,,-0.09,,,,,,,,,,,,,,,,,,,,,,,,,,,,,,,,,,,,,,,,,,,,,,,,,2011-10-27,,-0.147,,pre-market,,,,,,,,,,,,,11.1111,,,,,,,,,,,,
2011-12-31,UTL,,,,,,,,,,,,,,,,,,,,,,,,,,,,,,,,,,,,,,0.3,,,0.62,,,,,,,,,,,,,,,,,,,,,,,,,,,,,,,,,,,,,,,,,,,,,,,,,2012-01-31,,0.92,,post-market,,,,,,,,,,,,,48.3871,,,,,,,,,,,,
2012-03-31,UTL,,,,,,,,,,,,,,,,,,,,,,,,,,,,,,,,,,,,,,-0.05,,,0.88,,,,,,,,,,,,,,,,,,,,,,,,,,,,,,,,,,,,,,,,,,,,,,,,,2012-04-25,,0.83,,pre-market,,,,,,,,,,,,,-5.6818,,,,,,,,,,,,
2012-06-30,UTL,,,,,,,,,,,,,,,,,,,,,,,,,,,,,,,,,,,,,,-0.14,,,0.11,,,,,,,,,,,,,,,,,,,,,,,,,,,,,,,,,,,,,,,,,,,,,,,,,2012-07-25,,-0.03,,pre-market,,,,,,,,,,,,,-127.2727,,,,,,,,,,,,
2012-09-30,UTL,,,,,,,,,,,,,,,,,,,,,,,,,,,,,,,,,,,,,,0.09,,,-0.06,,,,,,,,,,,,,,,,,,,,,,,,,,,,,,,,,,,,,,,,,,,,,,,,,2012-10-24,,0.03,,pre-market,,,,,,,,,,,,,150.0,,,,,,,,,,,,
2012-12-31,UTL,,,,,,,,,,,,,,,,,,,,,,,,,,,,,,,,,,,,,,0.02,,,0.64,,,,,,,,,,,,,,,,,,,,,,,,,,,,,,,,,,,,,,,,,,,,,,,,,2013-01-30,,0.66,,pre-market,,,,,,,,,,,,,3.125,,,,,,,,,,,,
2013-03-31,UTL,,,,,,,,,,,,,,,,,,,,,,,,,,,,,,,,,,,,,,-0.04,,,0.83,,,,,,,,,,,,,,,,,,,,,,,,,,,,,,,,,,,,,,,,,,,,,,,,,2013-04-24,,0.79,,pre-market,,,,,,,,,,,,,-4.8193,,,,,,,,,,,,
2013-06-30,UTL,,,,,,,,,,,,,,,,,,,,,,,,,,,,,,,,,,,,,,-0.02,,,0.01,,,,,,,,,,,,,,,,,,,,,,,,,,,,,,,,,,,,,,,,,,,,,,,,,2013-07-24,,-0.01,,pre-market,,,,,,,,,,,,,-200.0,,,,,,,,,,,,
2013-09-30,UTL,,,,,,,,,,,,,,,,,,,,,,,,,,,,,,,,,,,,,,0.03,,,0.01,,,,,,,,,,,,,,,,,,,,,,,,,,,,,,,,,,,,,,,,,,,,,,,,,2013-10-23,,0.04,,pre-market,,,,,,,,,,,,,300.0,,,,,,,,,,,,
2013-12-31,UTL,,,,,,,,,,,,,,,,,,,,,,,,,,,,,,,,,,,,,,0.07,,,0.68,,,,,,,,,,,,,,,,,,,,,,,,,,,,,,,,,,,,,,,,,,,,,,,,,2014-01-29,,0.75,,pre-market,,,,,,,,,,,,,10.2941,,,,,,,,,,,,
2014-03-31,UTL,,,,,,,,,,,,,,,,,,,,,,,,,,,,,,,,,,,,,,0.08,,,0.83,,,,,,,,,,,,,,,,,,,,,,,,,,,,,,,,,,,,,,,,,,,,,,,,,2014-04-23,,0.91,,pre-market,,,,,,,,,,,,,9.6386,,,,,,,,,,,,
2014-06-30,UTL,,,,,,,,,,,,,,,,,,,,,,,,,,,,,,,,,,,,,,0.07,,,0.01,,,,,,,,,,,,,,,,,,,,,,,,,,,,,,,,,,,,,,,,,,,,,,,,,2014-07-23,,0.08,,pre-market,,,,,,,,,,,,,700.0,,,,,,,,,,,,
2014-09-30,UTL,,,,,,,,,,,,,,,,,,,,,,,,,,,,,,,,,,,,,,0.03,,,0.08,,,,,,,,,,,,,,,,,,,,,,,,,,,,,,,,,,,,,,,,,,,,,,,,,2014-10-23,,0.11,,pre-market,,,,,,,,,,,,,37.5,,,,,,,,,,,,
2014-12-31,UTL,,,,,,,,,,,,,,,,,,,,,,,,,,,,,,,,,,,,,,0.0,,,0.69,,,,,,,,,,,,,,,,,,,,,,,,,,,,,,,,,,,,,,,,,,,,,,,,,2015-01-28,,0.69,,post-market,,,,,,,,,,,,,0.0,,,,,,,,,,,,
2015-03-31,UTL,,,,,,,,,,,,,,,,,,,,,,,,,,,,,,,,,,,,,,0.04,,,0.94,,,,,,,,,,,,,,,,,,,,,,,,,,,,,,,,,,,,,,,,,,,,,,,,,2015-04-23,,0.98,,pre-market,,,,,,,,,,,,,4.2553,,,,,,,,,,,,
2015-06-30,UTL,,,,,,,,,,,,,,,,,,,,,,,,,,,,,,,,,,,,,,0.02,,,0.1,,,,,,,,,,,,,,,,,,,,,,,,,,,,,,,,,,,,,,,,,,,,,,,,,2015-07-23,,0.12,,pre-market,,,,,,,,,,,,,20.0,,,,,,,,,,,,
2015-09-30,UTL,,,,,,,,,,,,,,,,,,,,,,,,,,,,,,,,,,,,,,0.0,,,0.12,,,,,,,,,,,,,,,,,,,,,,,,,,,,,,,,,,,,,,,,,,,,,,,,,2015-10-22,,0.12,,pre-market,,,,,,,,,,,,,0.0,,,,,,,,,,,,
2015-12-31,UTL,,,,,,,,,,,,,,,,,,,,,,,,,,,,,,,,,,,,,,0.0,,,0.67,,,,,,,,,,,,,,,,,,,,,,,,,,,,,,,,,,,,,,,,,,,,,,,,,2016-01-28,,0.67,,pre-market,,,,,,,,,,,,,0.0,,,,,,,,,,,,
2016-03-31,UTL,,,,,,,,,,,,,,,,,,,,,,,,,,,,,,,,,,,,,,-0.06,,,0.84,,,,,,,,,,,,,,,,,,,,,,,,,,,,,,,,,,,,,,,,,,,,,,,,,2016-04-21,,0.78,,pre-market,,,,,,,,,,,,,-7.1429,,,,,,,,,,,,
2016-06-30,UTL,,,,,,,,,,,,,,,,,,,,,,,,,,,,,,,,,,,,,,0.04,,,0.14,,,,,,,,,,,,,,,,,,,,,,,,,,,,,,,,,,,,,,,,,,,,,,,,,2016-07-21,,0.18,,pre-market,,,,,,,,,,,,,28.5714,,,,,,,,,,,,
2016-09-30,UTL,,,,,,,,,,,,,,,,,,,,,,,,,,,,,,,,,,,,,,0.09,,,0.16,,,,,,,,,,,,,,,,,,,,,,,,,,,,,,,,,,,,,,,,,,,,,,,,,2016-10-20,,0.25,,pre-market,,,,,,,,,,,,,56.25,,,,,,,,,,,,
2016-12-31,UTL,,,,,,,,,,,,,,,,,,,,,,,,,,,,,,,,,,,,,,0.01,,,0.72,,,,,,,,,,,,,,,,,,,,,,,,,,,,,,,,,,,,,,,,,,,,,,,,,2017-02-02,,0.73,,pre-market,,,,,,,,,,,,,1.3889,,,,,,,,,,,,
2017-03-31,UTL,,,,,,,,,,,,,,,,,,,,,,,,,,,,,,,,,,,,,,0.01,,,0.87,,,,,,,,,,,,,,,,,,,,,,,,,,,,,,,,,,,,,,,,,,,,,,,,,2017-04-27,,0.88,,pre-market,,,,,,,,,,,,,1.1494,,,,,,,,,,,,
2017-06-30,UTL,,,,,,,,,,,,,,,,,,,,,,,,,,,,,,,,,,,,,,0.03,,,0.2,,,,,,,,,,,,,,,,,,,,,,,,,,,,,,,,,,,,,,,,,,,,,,,,,2017-07-27,,0.23,,pre-market,,,,,,,,,,,,,15.0,,,,,,,,,,,,
2017-09-30,UTL,,,,,,,,,,,,,,,,,,,,,,,,,,,,,,,,,,,,,,0.04,,,0.12,,,,,,,,,,,,,,,,,,,,,,,,,,,,,,,,,,,,,,,,,,,,,,,,,2017-10-26,,0.16,,pre-market,,,,,,,,,,,,,33.3333,,,,,,,,,,,,
2017-12-31,UTL,,,,,,,,,,,,,,,,,,,,,,,,,,,,,,,,,,,,,,0.02,,,0.77,,,,,,,,,,,,,,,,,,,,,,,,,,,,,,,,,,,,,,,,,,,,,,,,,2018-02-01,,0.79,,pre-market,,,,,,,,,,,,,2.5974,,,,,,,,,,,,
2018-03-31,UTL,,,,,,,,,,,,,,,,,,,,,,,,,,,,,,,,,,,,,,0.13,,,0.93,,,,,,,,,,,,,,,,,,,,,,,,,,,,,,,,,,,,,,,,,,,,,,,,,2018-04-26,,1.06,,pre-market,,,,,,,,,,,,,13.9785,,,,,,,,,,,,
2018-06-30,UTL,,,,,,,,,,,,,,,,,,,,,,,,,,,,,,,,,,,,,,0.08,,,0.24,,,,,,,,,,,,,,,,,,,,,,,,,,,,,,,,,,,,,,,,,,,,,,,,,2018-07-26,,0.32,,pre-market,,,,,,,,,,,,,33.3333,,,,,,,,,,,,
2018-09-30,UTL,,,,,,,,,,,,,,,,,,,,,,,,,,,,,,,,,,,,,,0.12,,,0.07,,,,,,,,,,,,,,,,,,,,,,,,,,,,,,,,,,,,,,,,,,,,,,,,,2018-10-25,,0.19,,pre-market,,,,,,,,,,,,,171.4286,,,,,,,,,,,,
2018-12-31,UTL,,,,,,,,,,,,,,,,,,,,,,,,,,,,,,,,,,,,,,0.05,,,0.69,,,,,,,,,,,,,,,,,,,,,,,,,,,,,,,,,,,,,,,,,,,,,,,,,2019-01-31,,0.74,,pre-market,,,,,,,,,,,,,7.2464,,,,,,,,,,,,
2019-03-31,UTL,,,,,,,,,,,,,,,,,,,,,,,,,,,,,,,,,,,,,,-0.13,,,1.25,,,,,,,,,,,,,,,,,,,,,,,,,,,,,,,,,,,,,,,,,,,,,,,,,2019-04-25,,1.12,,pre-market,,,,,,,,,,,,,-10.4,,,,,,,,,,,,
2019-06-30,UTL,,,,,,,,,,,,,,,,,,,,,,,,,,,,,,,,,,,,,,0.0,,,0.21,,,,,,,,,,,,,,,,,,,,,,,,,,,,,,,,,,,,,,,,,,,,,,,,,2019-07-25,,0.21,,pre-market,,,,,,,,,,,,,0.0,,,,,,,,,,,,
2019-09-30,UTL,,,,,,,,,,,,,,,,,,,,,,,,,,,,,,,,,,,,,,0.01,,,0.14,,,,,,,,,,,,,,,,,,,,,,,,,,,,,,,,,,,,,,,,,,,,,,,,,2019-10-24,,0.15,,pre-market,,,,,,,,,,,,,7.1429,,,,,,,,,,,,
2019-12-31,UTL,,,,,,,,,,,,,,,,,,,,,,,,,,,,,,,,,,,,,,-0.01,,,0.78,,,,,,,,,,,,,,,,,,,,,,,,,,,,,,,,,,,,,,,,,,,,,,,,,2020-01-30,,0.77,,pre-market,,,,,,,,,,,,,-1.2821,,,,,,,,,,,,
2020-03-31,UTL,,,,,,,,,,,,,,,,,,,,,,,,,,,,,,,,,,,,,,0.06,,,1.16,,,,,,,,,,,,,,,,,,,,,,,,,,,,,,,,,,,,,,,,,,,,,,,,,2020-04-30,,1.22,,pre-market,,,,,,,,,,,,,5.1724,,,,,,,,,,,,
2020-06-30,UTL,,,,,,,,,,,,,,,,,,,,,,,,,,,,,,,,,,,,,,-0.01,,,0.22,,,,,,,,,,,,,,,,,,,,,,,,,,,,,,,,,,,,,,,,,,,,,,,,,2020-07-30,,0.21,,pre-market,,,,,,,,,,,,,-4.5455,,,,,,,,,,,,
2020-09-30,UTL,,,,,,,,,,,,,,,,,,,,,,,,,,,,,,,,,,,,,,-0.12,,,0.14,,,,,,,,,,,,,,,,,,,,,,,,,,,,,,,,,,,,,,,,,,,,,,,,,2020-10-29,,0.02,,pre-market,,,,,,,,,,,,,-85.7143,,,,,,,,,,,,
2020-12-31,UTL,,,,,,,,,,,,,,,,,,,,,,,,,,,,,,,,,,,,,,0.06,,,0.84,,,,,,,,,,,,,,,,,,,,,,,,,,,,,,,,,,,,,,,,,,,,,,,,,2021-02-02,,0.9,,pre-market,,,,,,,,,,,,,7.1429,,,,,,,,,,,,
2021-03-31,UTL,,,,,,,,,,,,,,,,,,,,,,,,,,,,,,,,,,,,,,0.11,,,1.15,,,,,,,,,,,,,,,,,,,,,,,,,,,,,,,,,,,,,,,,,,,,,,,,,2021-05-04,,1.26,,pre-market,,,,,,,,,,,,,9.5652,,,,,,,,,,,,
2021-06-30,UTL,,,,,,,,,,,,,,,,,,,,,,,,,,,,,,,,,,,,,,-0.02,,,0.2,,,,,,,,,,,,,,,,,,,,,,,,,,,,,,,,,,,,,,,,,,,,,,,,,2021-08-03,,0.18,,pre-market,,,,,,,,,,,,,-10.0,,,,,,,,,,,,
2021-09-30,UTL,,,,,,,,,,,,,,,,,,,,,,,,,,,,,,,,,,,,,,-0.03,,,0.03,,,,,,,,,,,,,,,,,,,,,,,,,,,,,,,,,,,,,,,,,,,,,,,,,2021-11-02,,0.0,,pre-market,,,,,,,,,,,,,-100.0,,,,,,,,,,,,
2021-12-31,UTL,,,,,,,,,,,,,,,,,,,,,,,,,,,,,,,,,,,,,,-0.11,,,1.04,,,,,,,,,,,,,,,,,,,,,,,,,,,,,,,,,,,,,,,,,,,,,,,,,2022-02-01,,0.93,,pre-market,,,,,,,,,,,,,-10.5769,,,,,,,,,,,,
2022-03-31,UTL,,,,,,,,,,,,,,,,,,,,,,,,,,,,,,,,,,,,,,0.04,,,1.31,,,,,,,,,,,,,,,,,,,,,,,,,,,,,,,,,,,,,,,,,,,,,,,,,2022-05-03,,1.35,,pre-market,,,,,,,,,,,,,3.0534,,,,,,,,,,,,
2022-06-30,UTL,,,,,,,,,,,,,,,,,,,,,,,,,,,,,,,,,,,,,,0.05,,,0.25,,,,,,,,,,,,,,,,,,,,,,,,,,,,,,,,,,,,,,,,,,,,,,,,,2022-08-02,,0.3,,pre-market,,,,,,,,,,,,,20.0,,,,,,,,,,,,
2022-09-30,UTL,,,,,,,,,,,,,,,,,,,,,,,,,,,,,,,,,,,,,,0.02,,,0.01,,,,,,,,,,,,,,,,,,,,,,,,,,,,,,,,,,,,,,,,,,,,,,,,,2022-11-01,,0.03,,pre-market,,,,,,,,,,,,,200.0,,,,,,,,,,,,
2022-12-31,UTL,,,,,,,,,,,,,,,,,,,,,,,,,,,,,,,,,,,,,,0.07,,,0.84,,,,,,,,,,,,,,,,,,,,,,,,,,,,,,,,,,,,,,,,,,,,,,,,,2023-02-14,,0.91,,pre-market,,,,,,,,,,,,,8.3333,,,,,,,,,,,,
2023-03-31,UTL,,,,,,,,,,,,,,,,,,,,,,,,,,,,,,,,,,,,,,0.05,,,1.46,,,,,,,,,,,,,,,,,,,,,,,,,,,,,,,,,,,,,,,,,,,,,,,,,2023-05-02,,1.51,,pre-market,,,,,,,,,,,,,3.4247,,,,,,,,,,,,
2023-06-30,UTL,,,,,,,,,,,,,,,,,,,,,,,,,,,,,,,,,,,,,,-0.03,,,0.28,,,,,,,,,,,,,,,,,,,,,,,,,,,,,,,,,,,,,,,,,,,,,,,,,2023-08-01,,0.25,,pre-market,,,,,,,,,,,,,-10.7143,,,,,,,,,,,,
2023-09-30,UTL,,,,,,,,,,,,,,,,,,,,,,,,,,,,,,,,,,,,,,0.04,,,0.05,,,,,,,,,,,,,,,,,,,,,,,,,,,,,,,,,,,,,,,,,,,,,,,,,2023-11-07,,0.09,,pre-market,,,,,,,,,,,,,80.0,,,,,,,,,,,,
2023-12-31,UTL,,,,,,,,,,,,,,,,,,,,,,,,,,,,,,,,,,,,,,0.03,,,0.94,,,,,,,,,,,,,,,,,,,,,,,,,,,,,,,,,,,,,,,,,,,,,,,,,2024-02-13,,0.97,,pre-market,,,,,,,,,,,,,3.1915,,,,,,,,,,,,
2024-03-31,UTL,,,,,,,,,,,,,,,,,,,,,,,,,,,,,,,,,,,,,,0.1,,,1.59,,,,,,,,,,,,,,,,,,,,,,,,,,,,,,,,,,,,,,,,,,,,,,,,,2024-05-07,,1.69,,pre-market,,,,,,,,,,,,,6.2893,,,,,,,,,,,,
2024-06-30,UTL,,,,,,,,,,,,,,,,,,,,,,,,,,,,,,,,,,,,,,-0.02,,,0.29,,,,,,,,,,,,,,,,,,,,,,,,,,,,,,,,,,,,,,,,,,,,,,,,,2024-08-06,,0.27,,pre-market,,,,,,,,,,,,,-6.8966,,,,,,,,,,,,
2024-09-30,UTL,,,,,,,,,,,,,,,,,,,,,,,,,,,,,,,,,,,,,,-0.06,,,0.08,,,,,,,,,,,,,,,,,,,,,,,,,,,,,,,,,,,,,,,,,,,,,,,,,2024-11-04,,0.02,,post-market,,,,,,,,,,,,,-75.0,,,,,,,,,,,,
2024-12-31,UTL,,,,,,,,,,,,,,,,,,,,,,,,,,,,,,,,,,,,,,0.02,,,0.95,,,,,,,,,,,,,,,,,,,,,,,,,,,,,,,,,,,,,,,,,,,,,,,,,2025-02-10,,0.97,,post-market,,,,,,,,,,,,,2.1053,,,,,,,,,,,,
2025-03-31,UTL,,,,,,,,,,,,,,,,,,,,,,,,,,,,,,,,,,,,,,-0.01,,,1.75,,,,,,,,,,,,,,,,,,,,,,,,,,,,,,,,,,,,,,,,,,,,,,,,,2025-05-06,,1.74,,post-market,,,,,,,,,,,,,-0.5714,,,,,,,,,,,,
2025-06-30,UTL,,,,,,,,,,,,,,,,,,,,,,,,,,,,,,,,,,,,,,-0.04,,,0.29,,,,,,,,,,,,,,,,,,,,,,,,,,,,,,,,,,,,,,,,,,,,,,,,,2025-08-04,,0.25,,post-market,,,,,,,,,,,,,-13.7931,,,,,,,,,,,,
2025-09-30,UTL,,,,,,,,,,,,,,,,,,,,,,,,,,,,,,,,,,,,,,0.06,,,-0.03,,,,,,,,,,,,,,,,,,,,,,,,,,,,,,,,,,,,,,,,,,,,,,,,,2025-11-03,,0.03,,post-market,,,,,,,,,,,,,200.0,,,,,,,,,,,,
2025-12-28,UTL,2.85,502000000.0,17.14,,0.508,33.35,,,,,,,,,,,,,,,,,,,,,,,,,,1.775,0.0365,,,,-0.074,0.06,,,-0.03,,19.88,,211700000.0,,,,,,,,,,,,,,,,,,,0.0741,,,,,,,,,,,,,3.368,1.461,1.743,,,,,,,,0.0932,,,2025-11-03,,0.03,,post-market,,,0.0328,0.0851,0.088,30.7,,,,,51.33,48.91,200.0,,,,,,,,,17.14,,58.4,44.19
2025-12-28,UTL,2.85,502000000.0,17.14,,0.508,33.35,,,,,,,,,,,,,,,None,84800000,84800000,,,,,,None,22200000,,1.775,0.0365,,,,-0.074,0.06,9100000,31300000,-0.03,2025-09-30,19.88,,211700000.0,16300000,-1600000,-1300000,,,None,10700000,1800000,,None,,,,,-300000,-300000,-8900000,None,0.0741,,8600000,7700000,,,,,None,,,,,3.368,1.461,1.743,,,,,,,,0.0932,,,2025-11-03,quarterly,0.03,USD,post-market,None,,0.0328,0.0851,0.088,30.7,None,,,,51.33,48.91,200.0,,,,,,,101100000,,17.14,,58.4,44.19
2025-12-28,UTL,2.85,502000000.0,17.14,,0.508,33.35,,,,,,,,,,,,,,,None,60900000,60900000,,,,,,None,21800000,,1.775,0.0365,,,,-0.074,0.06,15400000,37200000,-0.03,2025-06-30,19.88,,211700000.0,41700000,4700000,700000,,,None,10700000,1400000,,None,,,,,4000000,4000000,-9300000,None,0.0741,,28400000,13300000,,,,,None,,,,,3.368,1.461,1.743,,,,,,,,0.0932,,,2025-11-03,quarterly,0.03,USD,post-market,None,,0.0328,0.0851,0.088,30.7,None,,,,51.33,48.91,200.0,,,,,,,102600000,,17.14,,58.4,44.19
2025-12-28,UTL,2.85,502000000.0,17.14,,0.508,33.35,,,,,,,,,,,,,,,None,95000000,95000000,,,,,,None,21700000,,1.775,0.0365,,,,-0.074,0.06,47700000,69400000,-0.03,2025-03-31,19.88,,211700000.0,75800000,37000000,9500000,,,None,10700000,1600000,,None,,,,,27500000,27500000,-9100000,None,0.0741,,29600000,46200000,,,,,None,,,,,3.368,1.461,1.743,,,,,,,,0.0932,,,2025-11-03,quarterly,0.03,USD,post-market,None,,0.0328,0.0851,0.088,30.7,None,,,,51.33,48.91,200.0,,,,,,,170800000,,17.14,,58.4,44.19
2025-12-28,UTL,2.85,502000000.0,17.14,,0.508,33.35,,,,,,,,,,,,,,,None,71100000,71100000,,,,,,None,20900000,,1.775,0.0365,,,,-0.074,0.06,29200000,50100000,-0.03,2024-12-31,19.88,,211700000.0,56400000,20900000,5300000,,,None,8300000,1100000,,None,,,,,15600000,15600000,-7200000,None,0.0741,,28200000,28200000,,,,,None,,,,,3.368,1.461,1.743,,,,,,,,0.0932,,,2025-11-03,quarterly,0.03,USD,post-market,None,,0.0328,0.0851,0.088,30.7,None,,,,51.33,48.91,200.0,,,,,,,127500000,,17.14,,58.4,44.19
2025-12-28,UTL,2.85,502000000.0,17.14,,0.508,33.35,,,,,,,,,,,,,,,None,60200000,60200000,,,,,,None,19100000,,1.775,0.0365,,,,-0.074,0.06,6359000,25459000,-0.03,2024-09-30,19.88,,211700000.0,32700000,-1300000,-1300000,,,None,7400000,2900000,,None,,,,,0,0,-7400000,None,0.0741,,26900000,5800000,,,,,None,,,,,3.368,1.461,1.743,,,,,,,,0.0932,,,2025-11-03,quarterly,0.03,USD,post-market,None,,0.0328,0.0851,0.088,30.7,None,,,,51.33,48.91,200.0,,,,,,,92900000,,17.14,,58.4,44.19
2025-12-28,UTL,2.85,502000000.0,17.14,,0.508,33.35,,,,,,,,,,,,,,,None,58100000,58100000,,,,,,None,18100000,,1.775,0.0365,,,,-0.074,0.06,14700000,32800000,-0.03,2024-06-30,19.88,,211700000.0,37600000,4900000,600000,,,None,9800000,2400000,,None,,,,,4300000,4300000,-7400000,None,0.0741,,25200000,12400000,,,,,None,,,,,3.368,1.461,1.743,,,,,,,,0.0932,,,2025-11-03,quarterly,0.03,USD,post-market,None,,0.0328,0.0851,0.088,30.7,None,,,,51.33,48.91,200.0,,,,,,,95700000,,17.14,,58.4,44.19
2025-12-28,UTL,2.85,502000000.0,17.14,,0.508,33.35,,,,,,,,,,,,,,,None,108800000,108800000,,,,,,None,18000000,,1.775,0.0365,,,,-0.074,0.06,45900000,63900000,-0.03,2024-03-31,19.88,,211700000.0,69900000,36600000,9400000,,,None,9300000,2000000,,None,,,,,27200000,27200000,-7300000,None,0.0741,,25700000,44200000,,,,,None,,,,,3.368,1.461,1.743,,,,,,,,0.0932,,,2025-11-03,quarterly,0.03,USD,post-market,None,,0.0328,0.0851,0.088,30.7,None,,,,51.33,48.91,200.0,,,,,,,178700000,,17.14,,58.4,44.19
2025-12-28,UTL,2.85,502000000.0,17.14,,0.508,33.35,,,,,,,,,,,,,,,None,77100000,77100000,,,,,,None,17300000,,1.775,0.0365,,,,-0.074,0.06,29600000,46900000,-0.03,2023-12-31,19.88,,211700000.0,52500000,20100000,4600000,,,None,9500000,1900000,,None,,,,,15500000,15500000,-7600000,None,0.0741,,24700000,27800000,,,,,None,,,,,3.368,1.461,1.743,,,,,,,,0.0932,,,2025-11-03,quarterly,0.03,USD,post-market,None,,0.0328,0.0851,0.088,30.7,None,,,,51.33,48.91,200.0,,,,,,,129600000,,17.14,,58.4,44.19
2025-12-28,UTL,2.85,502000000.0,17.14,,0.508,33.35,,,,,,,,,,,,,,,None,72100000,72100000,,,,,,None,16800000,,1.775,0.0365,,,,-0.074,0.06,9700000,26500000,-0.03,2023-09-30,19.88,,211700000.0,31800000,1000000,-400000,,,None,8700000,1700000,,None,,,,,1400000,1400000,-7000000,None,0.0741,,23800000,8000000,,,,,None,,,,,3.368,1.461,1.743,,,,,,,,0.0932,,,2025-11-03,quarterly,0.03,USD,post-market,None,,0.0328,0.0851,0.088,30.7,None,,,,51.33,48.91,200.0,,,,,,,103900000,,17.14,,58.4,44.19
2025-12-28,UTL,2.85,502000000.0,17.14,,0.508,33.35,,,,,,,,,,,,,,,None,68200000,68200000,,,,,,None,16600000,,1.775,0.0365,,,,-0.074,0.06,13400000,30000000,-0.03,2023-06-30,19.88,,211700000.0,35200000,4900000,700000,,,None,8500000,7000000,,None,,,,,4200000,4200000,-7000000,None,0.0741,,23400000,11800000,,,,,None,,,,,3.368,1.461,1.743,,,,,,,,0.0932,,,2025-11-03,quarterly,0.03,USD,post-market,None,,0.0328,0.0851,0.088,30.7,None,,,,51.33,48.91,200.0,,,,,,,103400000,,17.14,,58.4,44.19
2025-12-28,UTL,2.85,502000000.0,17.14,,0.508,33.35,,,,,,,,,,,,,,,None,156700000,156700000,,,,,,None,16700000,,1.775,0.0365,,,,-0.074,0.06,40600000,57300000,-0.03,2023-03-31,19.88,,211700000.0,63500000,32400000,8300000,,,None,8200000,7100000,,None,,,,,24100000,24100000,-7100000,None,0.0741,,24000000,39500000,,,,,None,,,,,3.368,1.461,1.743,,,,,,,,0.0932,,,2025-11-03,quarterly,0.03,USD,post-market,None,,0.0328,0.0851,0.088,30.7,None,,,,51.33,48.91,200.0,,,,,,,220200000,,17.14,,58.4,44.19
2025-12-28,UTL,2.85,502000000.0,17.14,,0.508,33.35,,,,,,,,,,,,,,,None,114200000,114200000,,,,,,None,15700000,,1.775,0.0365,,,,-0.074,0.06,26400000,42100000,-0.03,2022-12-31,19.88,,211700000.0,47300000,18700000,4200000,,,None,7700000,1300000,,None,,,,,14500000,14500000,-6400000,None,0.0741,,21700000,25600000,,,,,-500000,,,,,3.368,1.461,1.743,,,,,,,,0.0932,,,2025-11-03,quarterly,0.03,USD,post-market,None,,0.0328,0.0851,0.088,30.7,None,,,,51.33,48.91,200.0,,,,,,,161500000,,17.14,,58.4,44.19
2025-12-28,UTL,2.85,502000000.0,17.14,,0.508,33.35,,,,,,,,,,,,,,,None,80000000,80000000,,,,,,None,16600000,,1.775,0.0365,,,,-0.074,0.06,7300000,23900000,-0.03,2022-09-30,19.88,,211700000.0,30200000,6600000,-500000,,,None,7300000,6600000,,None,,,,,500000,500000,-6600000,None,0.0741,,23000000,7200000,,,,,-600000,,,,,3.368,1.461,1.743,,,,,,,,0.0932,,,2025-11-03,quarterly,0.03,USD,post-market,None,,0.0328,0.0851,0.088,30.7,None,,,,51.33,48.91,200.0,,,,,,,110200000,,17.14,,58.4,44.19
2025-12-28,UTL,2.85,502000000.0,17.14,,0.508,33.35,,,,,,,,,,,,,,,None,65500000,65500000,,,,,,None,14800000,,1.775,0.0365,,,,-0.074,0.06,11700000,26500000,-0.03,2022-06-30,19.88,,211700000.0,33400000,5000000,100000,,,None,6700000,400000,,None,,,,,4900000,4900000,-6300000,None,0.0741,,21500000,11900000,,,,,-600000,,,,,3.368,1.461,1.743,,,,,,,,0.0932,,,2025-11-03,quarterly,0.03,USD,post-market,None,,0.0328,0.0851,0.088,30.7,None,,,,51.33,48.91,200.0,,,,,,,98900000,,17.14,,58.4,44.19
2025-12-28,UTL,2.85,502000000.0,17.14,,0.508,33.35,,,,,,,,,,,,,,,None,134500000,134500000,,,,,,None,15500000,,1.775,0.0365,,,,-0.074,0.06,35500000,51000000,-0.03,2022-03-31,19.88,,211700000.0,58100000,28900000,7400000,,,None,6600000,400000,,None,,,,,21500000,21500000,-6200000,None,0.0741,,22300000,35800000,,,,,-700000,,,,,3.368,1.461,1.743,,,,,,,,0.0932,,,2025-11-03,quarterly,0.03,USD,post-market,None,,0.0328,0.0851,0.088,30.7,None,,,,51.33,48.91,200.0,,,,,,,192600000,,17.14,,58.4,44.19
2025-12-28,UTL,2.85,502000000.0,17.14,,0.508,33.35,,,,,,,,,,,,,,,None,92400000,92400000,,,,,,None,15000000,,1.775,0.0365,,,,-0.074,0.06,25700000,40700000,-0.03,2021-12-31,19.88,,211700000.0,47400000,19100000,4600000,,,None,6600000,6100000,,None,,,,,14500000,14500000,-6100000,None,0.0741,,21000000,26400000,,,,,-1200000,,,,,3.368,1.461,1.743,,,,,,,,0.0932,,,2025-11-03,quarterly,0.03,USD,post-market,None,,0.0328,0.0851,0.088,30.7,None,,,,51.33,48.91,200.0,,,,,,,139800000,,17.14,,58.4,44.19
2025-12-28,UTL,2.85,502000000.0,17.14,,0.508,33.35,,,,,,,,,,,,,,,None,70000000,70000000,,,,,,None,14800000,,1.775,0.0365,,,,-0.074,0.06,6500000,21300000,-0.03,2021-09-30,19.88,,211700000.0,28100000,-300000,-300000,,,None,6800000,300000,,None,,,,,0,0,-6500000,None,0.0741,,20900000,7200000,,,,,-1000000,,,,,3.368,1.461,1.743,,,,,,,,0.0932,,,2025-11-03,quarterly,0.03,USD,post-market,None,,0.0328,0.0851,0.088,30.7,None,,,,51.33,48.91,200.0,,,,,,,98100000,,17.14,,58.4,44.19
2025-12-28,UTL,2.85,502000000.0,17.14,,0.508,33.35,,,,,,,,,,,,,,,None,64800000,64800000,,,,,,None,14800000,,1.775,0.0365,,,,-0.074,0.06,10100000,24900000,-0.03,2021-06-30,19.88,,211700000.0,31800000,3400000,700000,,,None,6700000,6300000,,None,,,,,2700000,2700000,-6300000,None,0.0741,,21000000,10800000,,,,,-1100000,,,,,3.368,1.461,1.743,,,,,,,,0.0932,,,2025-11-03,quarterly,0.03,USD,post-market,None,,0.0328,0.0851,0.088,30.7,None,,,,51.33,48.91,200.0,,,,,,,96600000,,17.14,,58.4,44.19
2025-12-28,UTL,2.85,502000000.0,17.14,,0.508,33.35,,,,,,,,,,,,,,,None,84300000,84300000,,,,,,None,14900000,,1.775,0.0365,,,,-0.074,0.06,32300000,47200000,-0.03,2021-03-31,19.88,,211700000.0,54500000,25400000,6500000,,,None,6900000,200000,,None,,,,,18900000,18900000,-6700000,None,0.0741,,21100000,33400000,,,,,-1300000,,,,,3.368,1.461,1.743,,,,,,,,0.0932,,,2025-11-03,quarterly,0.03,USD,post-market,None,,0.0328,0.0851,0.088,30.7,None,,,,51.33,48.91,200.0,,,,,,,138800000,,17.14,,58.4,44.19
2025-12-28,UTL,2.85,502000000.0,17.14,,0.508,33.35,,,,,,,,,,,,,,,None,71800000,71800000,,,,,,None,13800000,,1.775,0.0365,,,,-0.074,0.06,24800000,38600000,-0.03,2020-12-31,19.88,,211700000.0,45100000,18000000,4400000,,,None,6800000,700000,,None,,,,,13600000,13600000,-6100000,None,0.0741,,19800000,25300000,,,,,9200000,,,,,3.368,1.461,1.743,,,,,,,,0.0932,,,2025-11-03,quarterly,0.03,USD,post-market,None,,0.0328,0.0851,0.088,30.7,None,,,,51.33,48.91,200.0,,,,,,,116900000,,17.14,,58.4,44.19
2025-12-28,UTL,2.85,502000000.0,17.14,,0.508,33.35,,,,,,,,,,,,,,,None,61000000,61000000,,,,,,None,13700000,,1.775,0.0365,,,,-0.074,0.06,7100000,20800000,-0.03,2020-09-30,19.88,,211700000.0,26400000,700000,400000,,,None,6400000,5600000,,None,,,,,300000,300000,-5600000,None,0.0741,,19000000,7400000,,,,,-1100000,,,,,3.368,1.461,1.743,,,,,,,,0.0932,,,2025-11-03,quarterly,0.03,USD,post-market,None,,0.0328,0.0851,0.088,30.7,None,,,,51.33,48.91,200.0,,,,,,,87400000,,17.14,,58.4,44.19
2025-12-28,UTL,2.85,502000000.0,17.14,,0.508,33.35,,,,,,,,,,,,,,,None,53200000,53200000,,,,,,None,13500000,,1.775,0.0365,,,,-0.074,0.06,10100000,23600000,-0.03,2020-06-30,19.88,,211700000.0,30700000,3800000,700000,,,None,6300000,400000,,None,,,,,3100000,3100000,-5900000,None,0.0741,,19600000,11100000,,,,,-1400000,,,,,3.368,1.461,1.743,,,,,,,,0.0932,,,2025-11-03,quarterly,0.03,USD,post-market,None,,0.0328,0.0851,0.088,30.7,None,,,,51.33,48.91,200.0,,,,,,,83900000,,17.14,,58.4,44.19
2025-12-28,UTL,2.85,502000000.0,17.14,,0.508,33.35,,,,,,,,,,,,,,,None,82800000,82800000,,,,,,None,13500000,,1.775,0.0365,,,,-0.074,0.06,26700000,40200000,-0.03,2020-03-31,19.88,,211700000.0,47600000,19900000,4700000,,,None,6800000,600000,,None,,,,,15200000,15200000,-6200000,None,0.0741,,20000000,27600000,,,,,-1500000,,,,,3.368,1.461,1.743,,,,,,,,0.0932,,,2025-11-03,quarterly,0.03,USD,post-market,None,,0.0328,0.0851,0.088,30.7,None,,,,51.33,48.91,200.0,,,,,,,130400000,,17.14,,58.4,44.19
2025-12-28,UTL,2.85,502000000.0,17.14,,0.508,33.35,,,,,,,,,,,,,,,None,75700000,75700000,,,,,,None,13000000,,1.775,0.0365,,,,-0.074,0.06,21700000,34700000,-0.03,2019-12-31,19.88,,211700000.0,40700000,15000000,3600000,,,None,6700000,900000,,None,,,,,11400000,11400000,-5800000,None,0.0741,,18700000,22000000,,,,,-1200000,,,,,3.368,1.461,1.743,,,,,,,,0.0932,,,2025-11-03,quarterly,0.03,USD,post-market,None,,0.0328,0.0851,0.088,30.7,4600000,,,,51.33,48.91,200.0,,,,,,,116400000,,17.14,,58.4,44.19
2025-12-28,UTL,2.85,502000000.0,17.14,,0.508,33.35,,,,,,,,,,,,,,,None,57000000,57000000,,,,,,None,12800000,,1.775,0.0365,,,,-0.074,0.06,9700000,22500000,-0.03,2019-09-30,19.88,,211700000.0,28300000,3200000,900000,,,None,6500000,700000,,None,,,,,2300000,2300000,-5800000,None,0.0741,,18300000,10000000,,,,,-1000000,,,,,3.368,1.461,1.743,,,,,,,,0.0932,,,2025-11-03,quarterly,0.03,USD,post-market,None,,0.0328,0.0851,0.088,30.7,4600000,,,,51.33,48.91,200.0,,,,,,,85300000,,17.14,,58.4,44.19
2025-12-28,UTL,2.85,502000000.0,17.14,,0.508,33.35,,,,,,,,,,,,,,,None,54600000,54600000,,,,,,None,12400000,,1.775,0.0365,,,,-0.074,0.06,11700000,24100000,-0.03,2019-06-30,19.88,,211700000.0,29800000,5100000,1100000,,,None,6600000,700000,,None,,,,,4000000,4000000,-5900000,None,0.0741,,17500000,12300000,,,,,-1300000,,,,,3.368,1.461,1.743,,,,,,,,0.0932,,,2025-11-03,quarterly,0.03,USD,post-market,None,,0.0328,0.0851,0.088,30.7,4600000,,,,51.33,48.91,200.0,,,,,,,84400000,,17.14,,58.4,44.19
2025-12-28,UTL,2.85,502000000.0,17.14,,0.508,33.35,,,,,,,,,,,,,,,None,103100000,103100000,,,,,,None,13800000,,1.775,0.0365,,,,-0.074,0.06,41500000,55300000,-0.03,2019-03-31,19.88,,211700000.0,49000000,34700000,8200000,,,None,6800000,6200000,,None,,,,,26500000,26500000,-6200000,None,0.0741,,20200000,28800000,,,,,12100000,,,,,3.368,1.461,1.743,,,,,,,,0.0932,,,2025-11-03,quarterly,0.03,USD,post-market,None,,0.0328,0.0851,0.088,30.7,4600000,,,,51.33,48.91,200.0,,,,,,,152100000,,17.14,,58.4,44.19
2025-12-28,UTL,2.85,502000000.0,17.14,,0.508,33.35,,,,,,,,,,,,,,,None,84500000,84500000,,,,,,None,13000000,,1.775,0.0365,,,,-0.074,0.06,21400000,34400000,-0.03,2018-12-31,19.88,,211700000.0,41100000,14400000,3400000,,,None,7000000,None,,None,,,,,11000000,11007000,None,None,0.0741,,18900000,22200000,,,,,-1700000,,,,,3.368,1.461,1.743,,,,,,,,0.0932,,,2025-11-03,quarterly,0.03,USD,post-market,0,,0.0328,0.0851,0.088,30.7,5500000,,,,51.33,48.91,200.0,,,,,,,125600000,,17.14,,58.4,44.19
2025-12-28,UTL,2.85,502000000.0,17.14,,0.508,33.35,,,,,,,,,,,,,,,None,60000000,60000000,,,,,,None,12400000,,1.775,0.0365,,,,-0.074,0.06,9800000,22200000,-0.03,2018-09-30,19.88,,211700000.0,28200000,3200000,400000,,,None,6600000,None,,None,,,,,2800000,2800000,None,None,0.0741,,17900000,10300000,,,,,-1100000,,,,,3.368,1.461,1.743,,,,,,,,0.0932,,,2025-11-03,quarterly,0.03,USD,post-market,0,,0.0328,0.0851,0.088,30.7,5500000,,,,51.33,48.91,200.0,,,,,,,88200000,,17.14,,58.4,44.19
2025-12-28,UTL,2.85,502000000.0,17.14,,0.508,33.35,,,,,,,,,,,,,,,None,56000000,56000000,,,,,,None,12700000,,1.775,0.0365,,,,-0.074,0.06,9800000,22500000,-0.03,2018-06-30,19.88,,211700000.0,28500000,3400000,-200000,,,None,6400000,None,,None,,,,,3600000,3600000,None,None,0.0741,,17900000,10600000,,,,,-1300000,,,,,3.368,1.461,1.743,,,,,,,,0.0932,,,2025-11-03,quarterly,0.03,USD,post-market,0,,0.0328,0.0851,0.088,30.7,5500000,,,,51.33,48.91,200.0,,,,,,,84500000,,17.14,,58.4,44.19
2025-12-28,UTL,2.85,502000000.0,17.14,,0.508,33.35,,,,,,,,,,,,,,,None,99600000,99600000,,,,,,None,12300000,,1.775,0.0365,,,,-0.074,0.06,26800000,39100000,-0.03,2018-03-31,19.88,,211700000.0,46200000,20400000,4800000,,,None,6400000,None,,None,,,,,15600000,15600000,None,None,0.0741,,18100000,28100000,,,,,-1700000,,,,,3.368,1.461,1.743,,,,,,,,0.0932,,,2025-11-03,quarterly,0.03,USD,post-market,0,,0.0328,0.0851,0.088,30.7,5500000,,,,51.33,48.91,200.0,,,,,,,145800000,,17.14,,58.4,44.19
2025-12-28,UTL,2.85,502000000.0,17.14,,0.508,33.35,,,,,,,,,,,,,,,None,74600000,74600000,,,,,,None,11700000,,1.775,0.0365,,,,-0.074,0.06,24500000,36200000,-0.03,2017-12-31,19.88,,211700000.0,40800000,17600000,6400000,,,None,6900000,None,,None,,,,,11200000,11163000,None,None,0.0741,,17200000,23600000,,,,,None,,,,,3.368,1.461,1.743,,,,,,,,0.0932,,,2025-11-03,quarterly,0.03,USD,post-market,0,,0.0328,0.0851,0.088,30.7,5700000,,,,51.33,48.91,200.0,,,,,,,115400000,,17.14,,58.4,44.19
2025-12-28,UTL,2.85,502000000.0,17.14,,0.508,33.35,,,,,,,,,,,,,,,None,58800000,58800000,,,,,,None,10800000,,1.775,0.0365,,,,-0.074,0.06,10100000,20900000,-0.03,2017-09-30,19.88,,211700000.0,25200000,3700000,1400000,,,None,6400000,None,,None,,,,,2300000,2300000,None,None,0.0741,,15700000,9500000,,,,,None,,,,,3.368,1.461,1.743,,,,,,,,0.0932,,,2025-11-03,quarterly,0.03,USD,post-market,0,,0.0328,0.0851,0.088,30.7,0,,,,51.33,48.91,200.0,,,,,,,84000000,,17.14,,58.4,44.19
2025-12-28,UTL,2.85,502000000.0,17.14,,0.508,33.35,,,,,,,,,,,,,,,None,53200000,53200000,,,,,,None,11900000,,1.775,0.0365,,,,-0.074,0.06,10900000,22800000,-0.03,2017-06-30,19.88,,211700000.0,27600000,5100000,2000000,,,None,5800000,None,,None,,,,,3100000,3100000,None,None,0.0741,,17100000,10500000,,,,,-100000,,,,,3.368,1.461,1.743,,,,,,,,0.0932,,,2025-11-03,quarterly,0.03,USD,post-market,0,,0.0328,0.0851,0.088,30.7,0,,,,51.33,48.91,200.0,,,,,,,80800000,,17.14,,58.4,44.19
2025-12-28,UTL,2.85,502000000.0,17.14,,0.508,33.35,,,,,,,,,,,,,,,None,81900000,81900000,,,,,,None,12500000,,1.775,0.0365,,,,-0.074,0.06,26500000,39000000,-0.03,2017-03-31,19.88,,211700000.0,44100000,20100000,7700000,,,None,6400000,None,,None,,,,,12400000,12400000,None,None,0.0741,,18000000,26100000,,,,,None,,,,,3.368,1.461,1.743,,,,,,,,0.0932,,,2025-11-03,quarterly,0.03,USD,post-market,0,,0.0328,0.0851,0.088,30.7,0,,,,51.33,48.91,200.0,,,,,,,126000000,,17.14,,58.4,44.19
2025-12-28,UTL,2.85,502000000.0,17.14,,0.508,33.35,,,,,,,,,,,,,,,None,66600000,66600000,,,,,,None,11500000,,1.775,0.0365,,,,-0.074,0.06,21400000,32900000,-0.03,2016-12-31,19.88,,211700000.0,37700000,15400000,5200000,,,None,6000000,None,,None,,,,,10200000,10246000,None,None,0.0741,,16400000,21300000,,,,,-100000,,,,,3.368,1.461,1.743,,,,,,,,0.0932,,,2025-11-03,quarterly,0.03,USD,post-market,0,,0.0328,0.0851,0.088,30.7,4900000,,,,51.33,48.91,200.0,,,,,,,104300000,,17.14,,58.4,44.19
2025-12-28,UTL,2.85,502000000.0,17.14,,0.508,33.35,,,,,,,,,,,,,,,None,51200000,51200000,,,,,,None,11600000,,1.775,0.0365,,,,-0.074,0.06,11500000,23100000,-0.03,2016-09-30,19.88,,211700000.0,27600000,5500000,2000000,,,None,6000000,None,,None,,,,,3500000,3500000,None,None,0.0741,,16500000,11100000,,,,,-100000,,,,,3.368,1.461,1.743,,,,,,,,0.0932,,,2025-11-03,quarterly,0.03,USD,post-market,0,,0.0328,0.0851,0.088,30.7,0,,,,51.33,48.91,200.0,,,,,,,78800000,,17.14,,58.4,44.19
2025-12-28,UTL,2.85,502000000.0,17.14,,0.508,33.35,,,,,,,,,,,,,,,None,48500000,48500000,,,,,,None,11700000,,1.775,0.0365,,,,-0.074,0.06,9500000,21200000,-0.03,2016-06-30,19.88,,211700000.0,26000000,3700000,1200000,,,None,5900000,None,,None,,,,,2500000,2500000,None,None,0.0741,,16500000,9500000,,,,,-100000,,,,,3.368,1.461,1.743,,,,,,,,0.0932,,,2025-11-03,quarterly,0.03,USD,post-market,0,,0.0328,0.0851,0.088,30.7,0,,,,51.33,48.91,200.0,,,,,,,74500000,,17.14,,58.4,44.19
2025-12-28,UTL,2.85,502000000.0,17.14,,0.508,33.35,,,,,,,,,,,,,,,None,85600000,85600000,,,,,,None,11800000,,1.775,0.0365,,,,-0.074,0.06,23400000,35200000,-0.03,2016-03-31,19.88,,211700000.0,40200000,17900000,7000000,,,None,5800000,None,,None,,,,,10900000,10900000,None,None,0.0741,,16800000,23400000,,,,,None,,,,,3.368,1.461,1.743,,,,,,,,0.0932,,,2025-11-03,quarterly,0.03,USD,post-market,0,,0.0328,0.0851,0.088,30.7,0,,,,51.33,48.91,200.0,,,,,,,125800000,,17.14,,58.4,44.19
2025-12-28,UTL,2.85,502000000.0,17.14,,0.508,33.35,,,,,,,,,,,,,,,None,67600000,67600000,,,,,,None,11600000,,1.775,0.0365,,,,-0.074,0.06,18500000,30100000,-0.03,2015-12-31,19.88,,211700000.0,34800000,14600000,5300000,,,None,5900000,None,,None,,,,,9300000,9257000,None,None,0.0741,,16300000,18500000,,,,,700000,,,,,3.368,1.461,1.743,,,,,,,,0.0932,,,2025-11-03,quarterly,0.03,USD,post-market,0,,0.0328,0.0851,0.088,30.7,4900000,,,,51.33,48.91,200.0,,,,,,,102400000,,17.14,,58.4,44.19
2025-12-28,UTL,2.85,502000000.0,17.14,,0.508,33.35,,,,,,,,,,,,,,,None,51500000,51500000,,,,,,None,11400000,,1.775,0.0365,,,,-0.074,0.06,7300000,18700000,-0.03,2015-09-30,19.88,,211700000.0,23200000,1800000,100000,,,None,5800000,None,,None,,,,,1700000,1700000,None,None,0.0741,,15900000,7300000,,,,,None,,,,,3.368,1.461,1.743,,,,,,,,0.0932,,,2025-11-03,quarterly,0.03,USD,post-market,0,,0.0328,0.0851,0.088,30.7,0,,,,51.33,48.91,200.0,,,,,,,74700000,,17.14,,58.4,44.19
2025-12-28,UTL,2.85,502000000.0,17.14,,0.508,33.35,,,,,,,,,,,,,,,None,53700000,53700000,,,,,,None,11300000,,1.775,0.0365,,,,-0.074,0.06,8800000,20100000,-0.03,2015-06-30,19.88,,211700000.0,23800000,2800000,1100000,,,None,6000000,None,,None,,,,,1700000,1700000,None,None,0.0741,,14900000,8900000,,,,,-100000,,,,,3.368,1.461,1.743,,,,,,,,0.0932,,,2025-11-03,quarterly,0.03,USD,post-market,0,,0.0328,0.0851,0.088,30.7,0,,,,51.33,48.91,200.0,,,,,,,77500000,,17.14,,58.4,44.19
2025-12-28,UTL,2.85,502000000.0,17.14,,0.508,33.35,,,,,,,,,,,,,,,None,127500000,127500000,,,,,,None,11400000,,1.775,0.0365,,,,-0.074,0.06,28400000,39800000,-0.03,2015-03-31,19.88,,211700000.0,44700000,22500000,8900000,,,None,5900000,None,,None,,,,,13600000,13600000,None,None,0.0741,,16300000,28400000,,,,,-100000,,,,,3.368,1.461,1.743,,,,,,,,0.0932,,,2025-11-03,quarterly,0.03,USD,post-market,0,,0.0328,0.0851,0.088,30.7,0,,,,51.33,48.91,200.0,,,,,,,172200000,,17.14,,58.4,44.19
2025-12-28,UTL,2.85,502000000.0,17.14,,0.508,33.35,,,,,,,,,,,,,,,None,84400000,84400000,,,,,,None,10900000,,1.775,0.0365,,,,-0.074,0.06,20100000,31000000,-0.03,2014-12-31,19.88,,211700000.0,35400000,14600000,5200000,,,None,5800000,None,,None,,,,,9400000,9405000,None,None,0.0741,,15300000,20100000,,,,,-100000,,,,,3.368,1.461,1.743,,,,,,,,0.0932,,,2025-11-03,quarterly,0.03,USD,post-market,0,,0.0328,0.0851,0.088,30.7,0,,,,51.33,48.91,200.0,,,,,,,119800000,,17.14,,58.4,44.19
2025-12-28,UTL,2.85,502000000.0,17.14,,0.508,33.35,,,,,,,,,,,,,,,None,54200000,54200000,,,,,,None,10800000,,1.775,0.0365,,,,-0.074,0.06,7400000,18200000,-0.03,2014-09-30,19.88,,211700000.0,22400000,2300000,700000,,,None,5400000,None,,None,,,,,1600000,1600000,None,None,0.0741,,15000000,7400000,,,,,-100000,,,,,3.368,1.461,1.743,,,,,,,,0.0932,,,2025-11-03,quarterly,0.03,USD,post-market,0,,0.0328,0.0851,0.088,30.7,0,,,,51.33,48.91,200.0,,,,,,,76600000,,17.14,,58.4,44.19
2025-12-28,UTL,2.85,502000000.0,17.14,,0.508,33.35,,,,,,,,,,,,,,,None,52000000,52000000,,,,,,None,10200000,,1.775,0.0365,,,,-0.074,0.06,7100000,17300000,-0.03,2014-06-30,19.88,,211700000.0,21300000,1700000,600000,,,None,5500000,None,,None,,,,,1100000,1100000,None,None,0.0741,,14200000,7100000,,,,,-100000,,,,,3.368,1.461,1.743,,,,,,,,0.0932,,,2025-11-03,quarterly,0.03,USD,post-market,0,,0.0328,0.0851,0.088,30.7,0,,,,51.33,48.91,200.0,,,,,,,73300000,,17.14,,58.4,44.19
2025-12-28,UTL,2.85,502000000.0,17.14,,0.508,33.35,,,,,,,,,,,,,,,None,115900000,115900000,,,,,,None,10200000,,1.775,0.0365,,,,-0.074,0.06,25400000,35600000,-0.03,2014-03-31,19.88,,211700000.0,40200000,20100000,7500000,,,None,5500000,None,,None,,,,,12600000,12600000,None,None,0.0741,,14800000,25400000,,,,,-100000,,,,,3.368,1.461,1.743,,,,,,,,0.0932,,,2025-11-03,quarterly,0.03,USD,post-market,0,,0.0328,0.0851,0.088,30.7,0,,,,51.33,48.91,200.0,,,,,,,156100000,,17.14,,58.4,44.19
2025-12-28,UTL,2.85,502000000.0,17.14,,0.508,33.35,,,,,,,,,,,,,,,None,81600000,81600000,,,,,,None,9500000,,1.775,0.0365,,,,-0.074,0.06,28500000,38000000,-0.03,2013-12-31,19.88,,211700000.0,28200000,23000000,18100000,,,None,5500000,None,,None,,,,,10300000,10348000,None,None,0.0741,,300000,27900000,,,,,-100000,,,,,3.368,1.461,1.743,,,,,,,,0.0932,,,2025-11-03,quarterly,0.03,USD,post-market,0,,0.0328,0.0851,0.088,30.7,0,,,,51.33,48.91,200.0,,,,,,,109800000,,17.14,,58.4,44.19
2025-12-28,UTL,2.85,502000000.0,17.14,,0.508,33.35,,,,,,,,,,,,,,,None,50900000,50900000,,,,,,None,9600000,,1.775,0.0365,,,,-0.074,0.06,5500000,15100000,-0.03,2013-09-30,19.88,,211700000.0,21600000,600000,5500000,,,None,5600000,None,,None,,,,,600000,600000,None,None,0.0741,,16100000,5500000,,,,,-100000,,,,,3.368,1.461,1.743,,,,,,,,0.0932,,,2025-11-03,quarterly,0.03,USD,post-market,2600000,,0.0328,0.0851,0.088,30.7,0,,,,51.33,48.91,200.0,,,,,,,72500000,,17.14,,58.4,44.19
2025-12-28,UTL,2.85,502000000.0,17.14,,0.508,33.35,,,,,,,,,,,,,,,None,46900000,46900000,,,,,,None,9200000,,1.775,0.0365,,,,-0.074,0.06,5300000,14500000,-0.03,2013-06-30,19.88,,211700000.0,19500000,-100000,5300000,,,None,5400000,None,,None,,,,,-100000,-100000,None,None,0.0741,,14900000,4600000,,,,,-100000,,,,,3.368,1.461,1.743,,,,,,,,0.0932,,,2025-11-03,quarterly,0.03,USD,post-market,2200000,,0.0328,0.0851,0.088,30.7,0,,,,51.33,48.91,200.0,,,,,,,66400000,,17.14,,58.4,44.19
2025-12-28,UTL,2.85,502000000.0,17.14,,0.508,33.35,,,,,,,,,,,,,,,None,81300000,81300000,,,,,,None,9400000,,1.775,0.0365,,,,-0.074,0.06,16200000,25600000,-0.03,2013-03-31,19.88,,211700000.0,36900000,10800000,5300000,,,None,5400000,None,,None,,,,,10800000,10800000,None,None,0.0741,,21400000,15500000,,,,,-100000,,,,,3.368,1.461,1.743,,,,,,,,0.0932,,,2025-11-03,quarterly,0.03,USD,post-market,1800000,,0.0328,0.0851,0.088,30.7,0,,,,51.33,48.91,200.0,,,,,,,118200000,,17.14,,58.4,44.19
2025-12-28,UTL,2.85,502000000.0,17.14,,0.508,33.35,,,,,,,,,,,,,,,None,107700000,107700000,,,,,,None,9200000,,1.775,0.0365,,,,-0.074,0.06,17200000,26400000,-0.03,2012-12-31,19.88,,211700000.0,-8900000,14700000,8200000,,,None,8400000,None,,None,,,,,9000000,9000000,None,None,0.0741,,-22100000,13200000,,,,,None,,,,,3.368,1.461,1.743,,,,,,,,0.0932,,,2025-11-03,quarterly,0.03,USD,post-market,0,,0.0328,0.0851,0.088,30.7,0,,,,51.33,48.91,200.0,,,,,,,98800000,,17.14,,58.4,44.19
2025-12-28,UTL,2.85,502000000.0,17.14,,0.508,33.35,,,,,,,,,,,,,,,None,36900000,36900000,,,,,,None,8900000,,1.775,0.0365,,,,-0.074,0.06,5800000,14700000,-0.03,2012-09-30,19.88,,211700000.0,34400000,4900000,4500000,,,None,4400000,None,,None,,,,,500000,500000,None,None,0.0741,,29400000,5000000,,,,,-100000,,,,,3.368,1.461,1.743,,,,,,,,0.0932,,,2025-11-03,quarterly,0.03,USD,post-market,0,,0.0328,0.0851,0.088,30.7,2600000,,,,51.33,48.91,200.0,,,,,,,71300000,,17.14,,58.4,44.19
2025-12-28,UTL,2.85,502000000.0,17.14,,0.508,33.35,,,,,,,,,,,,,,,None,35100000,35100000,,,,,,None,8700000,,1.775,0.0365,,,,-0.074,0.06,5300000,14000000,-0.03,2012-06-30,19.88,,211700000.0,33700000,-300000,1000000,,,None,5600000,None,,None,,,,,-300000,-300000,None,None,0.0741,,29400000,4300000,,,,,None,,,,,3.368,1.461,1.743,,,,,,,,0.0932,,,2025-11-03,quarterly,0.03,USD,post-market,0,,0.0328,0.0851,0.088,30.7,2300000,,,,51.33,48.91,200.0,,,,,,,68800000,,17.14,,58.4,44.19
2025-12-28,UTL,2.85,502000000.0,17.14,,0.508,33.35,,,,,,,,,,,,,,,None,67600000,67600000,,,,,,None,8300000,,1.775,0.0365,,,,-0.074,0.06,14600000,22900000,-0.03,2012-03-31,19.88,,211700000.0,46600000,9000000,5600000,,,None,5600000,None,,None,,,,,9000000,9000000,None,None,0.0741,,32600000,14000000,,,,,-100000,,,,,3.368,1.461,1.743,,,,,,,,0.0932,,,2025-11-03,quarterly,0.03,USD,post-market,0,,0.0328,0.0851,0.088,30.7,1900000,,,,51.33,48.91,200.0,,,,,,,114200000,,17.14,,58.4,44.19
2025-12-28,UTL,2.85,502000000.0,17.14,,0.508,33.35,,,,,,,,,,,,,,,None,47300000,47300000,,,,,,None,6800000,,1.775,0.0365,,,,-0.074,0.06,14400000,21200000,-0.03,2011-12-31,19.88,,211700000.0,47400000,15200000,4400000,,,None,3800000,None,,None,,,,,10000000,10000000,None,None,0.0741,,33000000,14400000,,,,,None,,,,,3.368,1.461,1.743,,,,,,,,0.0932,,,2025-11-03,quarterly,0.03,USD,post-market,0,,0.0328,0.0851,0.088,30.7,3200000,,,,51.33,48.91,200.0,,,,,,,94700000,,17.14,,58.4,44.19
2025-12-28,UTL,2.85,502000000.0,17.14,,0.508,33.35,,,,,,,,,,,,,,,None,43500000,43500000,,,,,,None,6900000,,1.775,0.0365,,,,-0.074,0.06,5200000,12100000,-0.03,2011-09-30,19.88,,211700000.0,29700000,-1600000,6800000,,,None,6800000,None,,None,,,,,-1600000,-1600000,None,None,0.0741,,24500000,5200000,,,,,-200000,,,,,3.368,1.461,1.743,,,,,,,,0.0932,,,2025-11-03,quarterly,0.03,USD,post-market,0,,0.0328,0.0851,0.088,30.7,2200000,,,,51.33,48.91,200.0,,,,,,,73200000,,17.14,,58.4,44.19
2025-12-28,UTL,2.85,502000000.0,17.14,,0.508,33.35,,,,,,,,,,,,,,,None,40800000,40800000,,,,,,None,7700000,,1.775,0.0365,,,,-0.074,0.06,4800000,12500000,-0.03,2011-06-30,19.88,,211700000.0,28700000,-700000,5500000,,,None,5500000,None,,None,,,,,-700000,-700000,None,None,0.0741,,24500000,4200000,,,,,-100000,,,,,3.368,1.461,1.743,,,,,,,,0.0932,,,2025-11-03,quarterly,0.03,USD,post-market,0,,0.0328,0.0851,0.088,30.7,1600000,,,,51.33,48.91,200.0,,,,,,,69500000,,17.14,,58.4,44.19
2025-12-28,UTL,2.85,502000000.0,17.14,,0.508,33.35,,,,,,,,,,,,,,,None,71700000,71700000,,,,,,None,7900000,,1.775,0.0365,,,,-0.074,0.06,14300000,22200000,-0.03,2011-03-31,19.88,,211700000.0,43700000,8700000,5600000,,,None,5600000,None,,None,,,,,8700000,8700000,None,None,0.0741,,30300000,13400000,,,,,-100000,,,,,3.368,1.461,1.743,,,,,,,,0.0932,,,2025-11-03,quarterly,0.03,USD,post-market,0,,0.0328,0.0851,0.088,30.7,1500000,,,,51.33,48.91,200.0,,,,,,,115400000,,17.14,,58.4,44.19
2025-12-28,UTL,2.85,502000000.0,17.14,,0.508,33.35,,,,,,,,,,,,,,,None,59600000,59600000,,,,,,None,8500000,,1.775,0.0365,,,,-0.074,0.06,9800000,18300000,-0.03,2010-12-31,19.88,,211700000.0,38300000,7400000,4600000,,,None,5800000,None,,None,,,,,5200000,0,None,None,0.0741,,28500000,9800000,,,,,None,,,,,3.368,1.461,1.743,,,,,,,,0.0932,,,2025-11-03,quarterly,0.03,USD,post-market,0,,0.0328,0.0851,0.088,30.7,3000000,,,,51.33,48.91,200.0,,,,,,,97900000,,17.14,,58.4,44.19
2025-12-28,UTL,2.85,502000000.0,17.14,,0.508,33.35,,,,,,,,,,,,,,,None,48500000,48500000,,,,,,None,6200000,,1.775,0.0365,,,,-0.074,0.06,4600000,10800000,-0.03,2010-09-30,19.88,,211700000.0,27600000,-100000,0,,,None,5500000,None,,None,,,,,-100000,0,None,None,0.0741,,23000000,4600000,,,,,None,,,,,3.368,1.461,1.743,,,,,,,,0.0932,,,2025-11-03,quarterly,0.03,USD,post-market,0,,0.0328,0.0851,0.088,30.7,1600000,,,,51.33,48.91,200.0,,,,,,,76100000,,17.14,,58.4,44.19
2025-12-28,UTL,2.85,502000000.0,17.14,,0.508,33.35,,,,,,,,,,,,,,,None,46000000,46000000,,,,,,None,7100000,,1.775,0.0365,,,,-0.074,0.06,3600000,10700000,-0.03,2010-06-30,19.88,,211700000.0,25400000,-2000000,5500000,,,None,5500000,None,,None,,,,,-2000000,0,None,None,0.0741,,22700000,2700000,,,,,None,,,,,3.368,1.461,1.743,,,,,,,,0.0932,,,2025-11-03,quarterly,0.03,USD,post-market,0,,0.0328,0.0851,0.088,30.7,2500000,,,,51.33,48.91,200.0,,,,,,,71400000,,17.14,,58.4,44.19
2025-12-28,UTL,2.85,502000000.0,17.14,,0.508,33.35,,,,,,,,,,,,,,,None,74100000,74100000,,,,,,None,7100000,,1.775,0.0365,,,,-0.074,0.06,11700000,18800000,-0.03,2010-03-31,19.88,,211700000.0,38900000,6500000,800000,,,None,5200000,None,,None,,,,,6500000,0,None,None,0.0741,,28000000,10900000,,,,,None,,,,,3.368,1.461,1.743,,,,,,,,0.0932,,,2025-11-03,quarterly,0.03,USD,post-market,0,,0.0328,0.0851,0.088,30.7,1700000,,,,51.33,48.91,200.0,,,,,,,113000000,,17.14,,58.4,44.19
2025-12-28,UTL,2.85,502000000.0,17.14,,0.508,33.35,,,,,,,,,,,,,,,None,61400000,61400000,,,,,,None,8100000,,1.775,0.0365,,,,-0.074,0.06,4600000,12700000,-0.03,2009-12-31,19.88,,211700000.0,28100000,-8800000,3400000,,,None,300000,None,,None,,,,,1200000,0,None,None,0.0741,,23500000,4500000,,,,,None,,,,,3.368,1.461,1.743,,,,,,,,0.0932,,,2025-11-03,quarterly,0.03,USD,post-market,0,,0.0328,0.0851,0.088,30.7,1300000,,,,51.33,48.91,200.0,,,,,,,89500000,,17.14,,58.4,44.19
2025-12-28,UTL,2.85,502000000.0,17.14,,0.508,33.35,,,,,,,,,,,,,,,None,45800000,45800000,,,,,,None,6600000,,1.775,0.0365,,,,-0.074,0.06,3400000,10000000,-0.03,2009-09-30,19.88,,211700000.0,24600000,-600000,-100000,,,None,5100000,None,,None,,,,,-600000,0,None,None,0.0741,,21200000,3400000,,,,,None,,,,,3.368,1.461,1.743,,,,,,,,0.0932,,,2025-11-03,quarterly,0.03,USD,post-market,0,,0.0328,0.0851,0.088,30.7,1200000,,,,51.33,48.91,200.0,,,,,,,70400000,,17.14,,58.4,44.19
2025-12-28,UTL,2.85,502000000.0,17.14,,0.508,33.35,,,,,,,,,,,,,,,None,45200000,45200000,,,,,,None,6400000,,1.775,0.0365,,,,-0.074,0.06,4000000,10400000,-0.03,2009-06-30,19.88,,211700000.0,26300000,300000,3900000,,,None,3700000,None,,None,,,,,300000,0,None,None,0.0741,,22100000,4200000,,,,,None,,,,,3.368,1.461,1.743,,,,,,,,0.0932,,,2025-11-03,quarterly,0.03,USD,post-market,0,,0.0328,0.0851,0.088,30.7,1400000,,,,51.33,48.91,200.0,,,,,,,71500000,,17.14,,58.4,44.19
2025-12-28,UTL,2.85,502000000.0,17.14,,0.508,33.35,,,,,,,,,,,,,,,None,95600000,95600000,,,,,,None,6300000,,1.775,0.0365,,,,-0.074,0.06,14800000,21100000,-0.03,2009-03-31,19.88,,211700000.0,40000000,9100000,5300000,,,None,4800000,None,,None,,,,,9100000,0,None,None,0.0741,,26100000,13900000,,,,,None,,,,,3.368,1.461,1.743,,,,,,,,0.0932,,,2025-11-03,quarterly,0.03,USD,post-market,0,,0.0328,0.0851,0.088,30.7,1100000,,,,51.33,48.91,200.0,,,,,,,135600000,,17.14,,58.4,44.19
2025-12-28,UTL,2.85,502000000.0,17.14,,0.508,33.35,,,,,,,,,,,,,,,None,63700000,63700000,,,,,,None,4800000,,1.775,0.0365,,,,-0.074,0.06,7500000,12300000,-0.03,2008-12-31,19.88,,211700000.0,24100000,4600000,1400000,,,None,4000000,None,,None,,,,,3200000,0,None,None,0.0741,,20700000,3400000,,,,,None,,,,,3.368,1.461,1.743,,,,,,,,0.0932,,,2025-11-03,quarterly,0.03,USD,post-market,0,,0.0328,0.0851,0.088,30.7,700000,,,,51.33,48.91,200.0,,,,,,,87800000,,17.14,,58.4,44.19
2025-12-28,UTL,2.85,502000000.0,17.14,,0.508,33.35,,,,,,,,,,,,,,,None,51100000,51100000,,,,,,None,4600000,,1.775,0.0365,,,,-0.074,0.06,4400000,9000000,-0.03,2008-09-30,19.88,,211700000.0,18000000,2000000,500000,,,None,3900000,None,,None,,,,,1500000,0,None,None,0.0741,,13600000,4400000,,,,,None,,,,,3.368,1.461,1.743,,,,,,,,0.0932,,,2025-11-03,quarterly,0.03,USD,post-market,0,,0.0328,0.0851,0.088,30.7,600000,,,,51.33,48.91,200.0,,,,,,,69100000,,17.14,,58.4,44.19
2025-12-28,UTL,2.85,502000000.0,17.14,,0.508,33.35,,,,,,,,,,,,,,,None,40700000,40700000,,,,,,None,4500000,,1.775,0.0365,,,,-0.074,0.06,4200000,8700000,-0.03,2008-06-30,19.88,,211700000.0,18700000,2400000,700000,,,None,4000000,None,,None,,,,,1700000,0,None,None,0.0741,,13800000,4900000,,,,,None,,,,,3.368,1.461,1.743,,,,,,,,0.0932,,,2025-11-03,quarterly,0.03,USD,post-market,0,,0.0328,0.0851,0.088,30.7,900000,,,,51.33,48.91,200.0,,,,,,,59400000,,17.14,,58.4,44.19
2025-12-28,UTL,2.85,502000000.0,17.14,,0.508,33.35,,,,,,,,,,,,,,,None,51900000,51900000,,,,,,None,5200000,,1.775,0.0365,,,,-0.074,0.06,6000000,11200000,-0.03,2008-03-31,19.88,,211700000.0,20000000,5100000,1800000,,,None,5900000,None,,None,,,,,3300000,0,None,None,0.0741,,12200000,7800000,,,,,None,,,,,3.368,1.461,1.743,,,,,,,,0.0932,,,2025-11-03,quarterly,0.03,USD,post-market,0,,0.0328,0.0851,0.088,30.7,0,,,,51.33,48.91,200.0,,,,,,,71900000,,17.14,,58.4,44.19
2025-12-28,UTL,2.85,502000000.0,17.14,,0.508,33.35,,,,,,,,,,,,,,,None,44500000,44500000,,,,,,None,4400000,,1.775,0.0365,,,,-0.074,0.06,10500000,14900000,-0.03,2007-12-31,19.88,,211700000.0,19800000,4000000,1300000,,,None,3500000,None,,None,,,,,2700000,0,None,None,0.0741,,9300000,10500000,,,,,None,,,,,3.368,1.461,1.743,,,,,,,,0.0932,,,2025-11-03,quarterly,0.03,USD,post-market,0,,0.0328,0.0851,0.088,30.7,0,,,,51.33,48.91,200.0,,,,,,,64300000,,17.14,,58.4,44.19
2025-12-28,UTL,2.85,502000000.0,17.14,,0.508,33.35,,,,,,,,,,,,,,,None,44000000,44000000,,,,,,None,4500000,,1.775,0.0365,,,,-0.074,0.06,4700000,9200000,-0.03,2007-09-30,19.88,,211700000.0,17800000,2400000,800000,,,None,3900000,None,,None,,,,,1600000,0,None,None,0.0741,,13100000,4700000,,,,,None,,,,,3.368,1.461,1.743,,,,,,,,0.0932,,,2025-11-03,quarterly,0.03,USD,post-market,0,,0.0328,0.0851,0.088,30.7,800000,,,,51.33,48.91,200.0,,,,,,,61800000,,17.14,,58.4,44.19
2025-12-28,UTL,2.85,502000000.0,17.14,,0.508,33.35,,,,,,,,,,,,,,,None,40200000,40200000,,,,,,None,4400000,,1.775,0.0365,,,,-0.074,0.06,4300000,8700000,-0.03,2007-06-30,19.88,,211700000.0,18800000,2600000,800000,,,None,4200000,None,,None,,,,,1800000,0,None,None,0.0741,,13700000,5100000,,,,,None,,,,,3.368,1.461,1.743,,,,,,,,0.0932,,,2025-11-03,quarterly,0.03,USD,post-market,0,,0.0328,0.0851,0.088,30.7,1100000,,,,51.33,48.91,200.0,,,,,,,59000000,,17.14,,58.4,44.19
2025-12-28,UTL,2.85,502000000.0,17.14,,0.508,33.35,,,,,,,,,,,,,,,None,58000000,58000000,,,,,,None,4500000,,1.775,0.0365,,,,-0.074,0.06,4700000,9200000,-0.03,2007-03-31,19.88,,211700000.0,19800000,4200000,1600000,,,None,4700000,None,,None,,,,,2600000,0,None,None,0.0741,,13500000,6300000,,,,,None,,,,,3.368,1.461,1.743,,,,,,,,0.0932,,,2025-11-03,quarterly,0.03,USD,post-market,0,,0.0328,0.0851,0.088,30.7,0,,,,51.33,48.91,200.0,,,,,,,77800000,,17.14,,58.4,44.19
2025-12-28,UTL,2.85,502000000.0,17.14,,0.508,33.35,,,,,,,,,,,,,,,None,45687000,45687000,,,,,,None,4097000,,1.775,0.0365,,,,-0.074,0.06,6197000,10294000,-0.03,2006-12-31,19.88,,211700000.0,17958000,4146000,1418000,,,None,2955000,None,,None,,,,,2728000,0,None,None,0.0741,,11761000,6197000,,,,,None,,,,,3.368,1.461,1.743,,,,,,,,0.0932,,,2025-11-03,quarterly,0.03,USD,post-market,0,,0.0328,0.0851,0.088,30.7,0,,,,51.33,48.91,200.0,,,,,,,63645000,,17.14,,58.4,44.19
2025-12-28,UTL,2.85,502000000.0,17.14,,0.508,33.35,,,,,,,,,,,,,,,None,49210000,49210000,,,,,,None,3452000,,1.775,0.0365,,,,-0.074,0.06,3812000,7264000,-0.03,2006-09-30,19.88,,211700000.0,17077000,2831000,1004000,,,None,3774000,None,,None,,,,,1827000,0,None,None,0.0741,,12261000,4816000,,,,,None,,,,,3.368,1.461,1.743,,,,,,,,0.0932,,,2025-11-03,quarterly,0.03,USD,post-market,0,,0.0328,0.0851,0.088,30.7,0,,,,51.33,48.91,200.0,,,,,,,66287000,,17.14,,58.4,44.19
2025-12-28,UTL,2.85,502000000.0,17.14,,0.508,33.35,,,,,,,,,,,,,,,None,42159000,42159000,,,,,,None,4341000,,1.775,0.0365,,,,-0.074,0.06,3996000,8337000,-0.03,2006-06-30,19.88,,211700000.0,18067000,2174000,739000,,,None,3401000,None,,None,,,,,1435000,0,None,None,0.0741,,13999000,4068000,,,,,None,,,,,3.368,1.461,1.743,,,,,,,,0.0932,,,2025-11-03,quarterly,0.03,USD,post-market,0,,0.0328,0.0851,0.088,30.7,0,,,,51.33,48.91,200.0,,,,,,,60226000,,17.14,,58.4,44.19
2025-12-28,UTL,2.85,502000000.0,17.14,,0.508,33.35,,,,,,,,,,,,,,,None,53098000,53098000,,,,,,None,4179000,,1.775,0.0365,,,,-0.074,0.06,3935000,8114000,-0.03,2006-03-31,19.88,,211700000.0,17605000,3148000,1105000,,,None,3956000,None,,None,,,,,2043000,0,None,None,0.0741,,12565000,5040000,,,,,None,,,,,3.368,1.461,1.743,,,,,,,,0.0932,,,2025-11-03,quarterly,0.03,USD,post-market,0,,0.0328,0.0851,0.088,30.7,0,,,,51.33,48.91,200.0,,,,,,,70703000,,17.14,,58.4,44.19
2025-12-28,UTL,2.85,502000000.0,17.14,,0.508,33.35,,,,,,,,,,,,,,,None,45910000,45910000,,,,,,None,3814000,,1.775,0.0365,,,,-0.074,0.06,5913000,9727000,-0.03,2005-12-31,19.88,,211700000.0,18142000,4133000,1427000,,,None,2348000,None,,None,,,,,2706000,0,None,None,0.0741,,12229000,5913000,,,,,None,,,,,3.368,1.461,1.743,,,,,,,,0.0932,,,2025-11-03,quarterly,0.03,USD,post-market,0,,0.0328,0.0851,0.088,30.7,0,,,,51.33,48.91,200.0,,,,,,,64052000,,17.14,,58.4,44.19
2025-12-28,UTL,2.85,502000000.0,17.14,,0.508,33.35,,,,,,,,,,,,,,,None,38904000,38904000,,,,,,None,5007000,,1.775,0.0365,,,,-0.074,0.06,3727000,8734000,-0.03,2005-09-30,19.88,,211700000.0,17750000,2249000,648000,,,None,3194000,None,,None,,,,,1601000,0,None,None,0.0741,,13862000,3888000,,,,,None,,,,,3.368,1.461,1.743,,,,,,,,0.0932,,,2025-11-03,quarterly,0.03,USD,post-market,0,,0.0328,0.0851,0.088,30.7,0,,,,51.33,48.91,200.0,,,,,,,56654000,,17.14,,58.4,44.19
2025-12-28,UTL,2.85,502000000.0,17.14,,0.508,33.35,,,,,,,,,,,,,,,None,298200000,298200000,,,,,,None,76100000,,1.775,0.0365,,,,-0.074,0.06,98800000,174900000,-0.03,2024-12-31,19.88,,211700000.0,196600000,61100000,14000000,,,None,37700000,8400000,,None,,,,,47100000,47100000,-29300000,None,0.0741,,106000000,90600000,,,,,None,,,,,3.368,1.461,1.743,,,,,,,,0.0932,,,2025-11-03,annual,0.03,USD,post-market,None,,0.0328,0.0851,0.088,30.7,None,,,,51.33,48.91,200.0,,,,,,,494800000,,17.14,,58.4,44.19
2025-12-28,UTL,2.85,502000000.0,17.14,,0.508,33.35,,,,,,,,,,,,,,,None,374100000,374100000,,,,,,None,67400000,,1.775,0.0365,,,,-0.074,0.06,93300000,160700000,-0.03,2023-12-31,19.88,,211700000.0,183000000,58400000,13200000,,,None,34900000,6200000,,None,,,,,45200000,45200000,-28700000,None,0.0741,,95900000,87100000,,,,,None,,,,,3.368,1.461,1.743,,,,,,,,0.0932,,,2025-11-03,annual,0.03,USD,post-market,None,,0.0328,0.0851,0.088,30.7,None,,,,51.33,48.91,200.0,,,,,,,557100000,,17.14,,58.4,44.19
2025-12-28,UTL,2.85,502000000.0,17.14,,0.508,33.35,,,,,,,,,,,,,,,None,394200000,394200000,,,,,,None,62600000,,1.775,0.0365,,,,-0.074,0.06,80900000,143500000,-0.03,2022-12-31,19.88,,211700000.0,169000000,52600000,11200000,,,None,28300000,2800000,,None,,,,,41400000,41400000,-25500000,None,0.0741,,88500000,80500000,,,,,-2400000,,,,,3.368,1.461,1.743,,,,,,,,0.0932,,,2025-11-03,annual,0.03,USD,post-market,None,,0.0328,0.0851,0.088,30.7,None,,,,51.33,48.91,200.0,,,,,,,563200000,,17.14,,58.4,44.19
2025-12-28,UTL,2.85,502000000.0,17.14,,0.508,33.35,,,,,,,,,,,,,,,None,311500000,311500000,,,,,,None,59500000,,1.775,0.0365,,,,-0.074,0.06,74800000,134300000,-0.03,2021-12-31,19.88,,211700000.0,161800000,47600000,11500000,,,None,27200000,25600000,,None,,,,,36100000,36100000,-25600000,None,0.0741,,84000000,77800000,,,,,-4600000,,,,,3.368,1.461,1.743,,,,,,,,0.0932,,,2025-11-03,annual,0.03,USD,post-market,None,,0.0328,0.0851,0.088,30.7,None,,,,51.33,48.91,200.0,,,,,,,473300000,,17.14,,58.4,44.19
2025-12-28,UTL,2.85,502000000.0,17.14,,0.508,33.35,,,,,,,,,,,,,,,None,268800000,268800000,,,,,,None,54500000,,1.775,0.0365,,,,-0.074,0.06,68800000,123300000,-0.03,2020-12-31,19.88,,211700000.0,149800000,42400000,10200000,,,None,26400000,2600000,,None,,,,,32200000,32200000,-23800000,None,0.0741,,78400000,71400000,,,,,5200000,,,,,3.368,1.461,1.743,,,,,,,,0.0932,,,2025-11-03,annual,0.03,USD,post-market,None,,0.0328,0.0851,0.088,30.7,None,,,,51.33,48.91,200.0,,,,,,,418600000,,17.14,,58.4,44.19
2025-12-28,UTL,2.85,502000000.0,17.14,,0.508,33.35,,,,,,,,,,,,,,,None,290400000,290400000,,,,,,None,52000000,,1.775,0.0365,,,,-0.074,0.06,84600000,136600000,-0.03,2019-12-31,19.88,,211700000.0,147800000,58000000,13800000,,,None,26600000,2900000,,None,,,,,44200000,44200000,-23700000,None,0.0741,,74700000,73100000,,,,,8600000,,,,,3.368,1.461,1.743,,,,,,,,0.0932,,,2025-11-03,annual,0.03,USD,post-market,None,,0.0328,0.0851,0.088,30.7,4600000,,,,51.33,48.91,200.0,,,,,,,438200000,,17.14,,58.4,44.19
2025-12-28,UTL,2.85,502000000.0,17.14,,0.508,33.35,,,,,,,,,,,,,,,None,300100000,300100000,,,,,,None,50400000,,1.775,0.0365,,,,-0.074,0.06,67800000,118200000,-0.03,2018-12-31,19.88,,211700000.0,144000000,41400000,8400000,,,None,26400000,2400000,,None,,,,,33000000,33007000,-24000000,None,0.0741,,72800000,71200000,,,,,-5800000,,,,,3.368,1.461,1.743,,,,,,,,0.0932,,,2025-11-03,annual,0.03,USD,post-market,0,,0.0328,0.0851,0.088,30.7,5500000,,,,51.33,48.91,200.0,,,,,,,444100000,,17.14,,58.4,44.19
2025-12-28,UTL,2.85,502000000.0,17.14,,0.508,33.35,,,,,,,,,,,,,,,None,268500000,268500000,,,,,,None,46900000,,1.775,0.0365,,,,-0.074,0.06,72000000,118900000,-0.03,2017-12-31,19.88,,211700000.0,137700000,46500000,17500000,,,None,25500000,2400000,,None,,,,,29000000,28963000,-23100000,None,0.0741,,68000000,69700000,,,,,-100000,,,,,3.368,1.461,1.743,,,,,,,,0.0932,,,2025-11-03,annual,0.03,USD,post-market,0,,0.0328,0.0851,0.088,30.7,5700000,,,,51.33,48.91,200.0,,,,,,,406200000,,17.14,,58.4,44.19
2025-12-28,UTL,2.85,502000000.0,17.14,,0.508,33.35,,,,,,,,,,,,,,,None,251900000,251900000,,,,,,None,46600000,,1.775,0.0365,,,,-0.074,0.06,66200000,112800000,-0.03,2016-12-31,19.88,,211700000.0,131500000,42500000,15400000,,,None,23700000,1200000,,None,,,,,27100000,27146000,-22500000,None,0.0741,,66200000,65300000,,,,,-300000,,,,,3.368,1.461,1.743,,,,,,,,0.0932,,,2025-11-03,annual,0.03,USD,post-market,0,,0.0328,0.0851,0.088,30.7,4900000,,,,51.33,48.91,200.0,,,,,,,383400000,,17.14,,58.4,44.19
2025-12-28,UTL,2.85,502000000.0,17.14,,0.508,33.35,,,,,,,,,,,,,,,None,300300000,300300000,,,,,,None,45700000,,1.775,0.0365,,,,-0.074,0.06,65500000,111200000,-0.03,2015-12-31,19.88,,211700000.0,126500000,41700000,15400000,,,None,23800000,21900000,,None,,,,,26300000,26257000,None,None,0.0741,,63400000,63100000,,,,,500000,,,,,3.368,1.461,1.743,,,,,,,,0.0932,,,2025-11-03,annual,0.03,USD,post-market,0,,0.0328,0.0851,0.088,30.7,4900000,,,,51.33,48.91,200.0,,,,,,,426800000,,17.14,,58.4,44.19
2025-12-28,UTL,2.85,502000000.0,17.14,,0.508,33.35,,,,,,,,,,,,,,,None,306500000,306500000,,,,,,None,42100000,,1.775,0.0365,,,,-0.074,0.06,60900000,103000000,-0.03,2014-12-31,19.88,,211700000.0,119300000,38700000,14000000,,,None,22200000,None,,None,,,,,24700000,24705000,None,None,0.0741,,59300000,60000000,,,,,-400000,,,,,3.368,1.461,1.743,,,,,,,,0.0932,,,2025-11-03,annual,0.03,USD,post-market,0,,0.0328,0.0851,0.088,30.7,0,,,,51.33,48.91,200.0,,,,,,,425800000,,17.14,,58.4,44.19
2025-12-28,UTL,2.85,502000000.0,17.14,,0.508,33.35,,,,,,,,,,,,,,,None,260700000,260700000,,,,,,None,37700000,,1.775,0.0365,,,,-0.074,0.06,56300000,94000000,-0.03,2013-12-31,19.88,,211700000.0,106200000,34300000,12700000,,,None,22000000,None,,None,,,,,21600000,21648000,None,None,0.0741,,52700000,53500000,,,,,-400000,,,,,3.368,1.461,1.743,,,,,,,,0.0932,,,2025-11-03,annual,0.03,USD,post-market,0,,0.0328,0.0851,0.088,30.7,0,,,,51.33,48.91,200.0,,,,,,,366900000,,17.14,,58.4,44.19
2025-12-28,UTL,2.85,502000000.0,17.14,,0.508,33.35,,,,,,,,,,,,,,,None,247300000,247300000,,,,,,None,35100000,,1.775,0.0365,,,,-0.074,0.06,51500000,86600000,-0.03,2012-12-31,19.88,,211700000.0,105800000,18200000,22100000,,,None,22300000,None,,None,,,,,18200000,18200000,None,None,0.0741,,69300000,36500000,,,,,-200000,,,,,3.368,1.461,1.743,,,,,,,,0.0932,,,2025-11-03,annual,0.03,USD,post-market,9200000,,0.0328,0.0851,0.088,30.7,0,,,,51.33,48.91,200.0,,,,,,,353100000,,17.14,,58.4,44.19
2025-12-28,UTL,2.85,502000000.0,17.14,,0.508,33.35,,,,,,,,,,,,,,,None,203300000,203300000,,,,,,None,29300000,,1.775,0.0365,,,,-0.074,0.06,48400000,77700000,-0.03,2011-12-31,19.88,,211700000.0,149500000,37600000,20800000,,,None,20400000,None,,None,,,,,16400000,16400000,None,None,0.0741,,112300000,37200000,,,,,-400000,,,,,3.368,1.461,1.743,,,,,,,,0.0932,,,2025-11-03,annual,0.03,USD,post-market,0,,0.0328,0.0851,0.088,30.7,8500000,,,,51.33,48.91,200.0,,,,,,,352800000,,17.14,,58.4,44.19
2025-12-28,UTL,2.85,502000000.0,17.14,,0.508,33.35,,,,,,,,,,,,,,,None,228200000,228200000,,,,,,None,28900000,,1.775,0.0365,,,,-0.074,0.06,28000000,56900000,-0.03,2010-12-31,19.88,,211700000.0,130200000,27700000,18400000,,,None,22000000,None,,None,,,,,9600000,9600000,None,None,0.0741,,102200000,28000000,,,,,-300000,,,,,3.368,1.461,1.743,,,,,,,,0.0932,,,2025-11-03,annual,0.03,USD,post-market,0,,0.0328,0.0851,0.088,30.7,8800000,,,,51.33,48.91,200.0,,,,,,,358400000,,17.14,,58.4,44.19
2025-12-28,UTL,2.85,502000000.0,17.14,,0.508,33.35,,,,,,,,,,,,,,,None,248000000,248000000,,,,,,None,27400000,,1.775,0.0365,,,,-0.074,0.06,26100000,53500000,-0.03,2009-12-31,19.88,,211700000.0,119000000,25800000,16100000,,,None,15800000,None,,None,,,,,10000000,None,None,None,0.0741,,92900000,26100000,,,,,None,,,,,3.368,1.461,1.743,,,,,,,,0.0932,,,2025-11-03,annual,0.03,USD,post-market,None,,0.0328,0.0851,0.088,30.7,5000000,,,,51.33,48.91,200.0,,,,,,,367000000,,17.14,,58.4,44.19
2025-12-28,UTL,2.85,502000000.0,17.14,,0.508,33.35,,,,,,,,,,,,,,,None,207400000,207400000,,,,,,None,19100000,,1.775,0.0365,,,,-0.074,0.06,27200000,46300000,-0.03,2008-12-31,19.88,,211700000.0,80800000,14100000,4400000,,,None,10500000,None,,None,,,,,9700000,None,None,None,0.0741,,60300000,20500000,,,,,None,,,,,3.368,1.461,1.743,,,,,,,,0.0932,,,2025-11-03,annual,0.03,USD,post-market,None,,0.0328,0.0851,0.088,30.7,2800000,,,,51.33,48.91,200.0,,,,,,,288200000,,17.14,,58.4,44.19
2025-12-28,UTL,2.85,502000000.0,17.14,,0.508,33.35,,,,,,,,,,,,,,,None,186700000,186700000,,,,,,None,17800000,,1.775,0.0365,,,,-0.074,0.06,26600000,44400000,-0.03,2007-12-31,19.88,,211700000.0,76200000,13200000,4500000,,,None,0,None,,None,,,,,8700000,None,None,None,0.0741,,49600000,26600000,,,,,None,,,,,3.368,1.461,1.743,,,,,,,,0.0932,,,2025-11-03,annual,0.03,USD,post-market,None,,0.0328,0.0851,0.088,30.7,None,,,,51.33,48.91,200.0,,,,,,,262900000,,17.14,,58.4,44.19
2025-12-28,UTL,2.85,502000000.0,17.14,,0.508,33.35,,,,,,,,,,,,,,,None,189738000,189738000,,,,,,None,16069000,,1.775,0.0365,,,,-0.074,0.06,20102000,36171000,-0.03,2006-12-31,19.88,,211700000.0,71123000,12299000,4266000,,,None,0,None,,None,,,,,8033000,None,None,None,0.0741,,51002000,20121000,,,,,None,,,,,3.368,1.461,1.743,,,,,,,,0.0932,,,2025-11-03,annual,0.03,USD,post-market,None,,0.0328,0.0851,0.088,30.7,None,,,,51.33,48.91,200.0,,,,,,,260861000,,17.14,,58.4,44.19
2025-12-28,UTL,2.85,502000000.0,17.14,,0.508,33.35,,,,,,,,,,,,,,,None,159359000,159359000,,,,,,None,19123000,,1.775,0.0365,,,,-0.074,0.06,19963000,39086000,-0.03,2005-12-31,19.88,,211700000.0,72786000,12828000,4275000,,,None,0,None,,None,,,,,8553000,None,None,None,0.0741,,52970000,19816000,,,,,None,,,,,3.368,1.461,1.743,,,,,,,,0.0932,,,2025-11-03,annual,0.03,USD,post-market,None,,0.0328,0.0851,0.088,30.7,None,,,,51.33,48.91,200.0,,,,,,,232145000,,17.14,,58.4,44.19
2025-12-28,UTL,2.85,502000000.0,17.14,None,0.508,33.35,,6800000,14600000,14600000,,,,,,,,,416700000,16980844,None,159359000,159359000,42800000,None,152400000,82900000,None,None,19123000,,1.775,0.0365,,,,-0.074,0.06,19963000,39086000,-0.03,2025-09-30,19.88,1600000,211700000.0,72786000,12828000,4275000,None,None,None,0,None,16100000,None,None,635600000,None,None,8553000,None,None,None,0.0741,,52970000,19816000,69900000,77300000,None,158000000,None,,,,,3.368,1.461,1.743,,,,,,,,0.0932,,128400000,2025-11-03,quarterly,0.03,USD,post-market,None,180300000,0.0328,0.0851,0.088,30.7,None,795300000,154500000,None,51.33,48.91,200.0,1944700000,183500000,274600000,1347500000,1761200000,1072900000,232145000,597200000,17.14,None,58.4,44.19
2025-12-28,UTL,2.85,502000000.0,17.14,None,0.508,33.35,,5700000,8500000,8500000,,,,,,,,,344600000,16200000,None,159359000,159359000,41100000,None,176300000,79300000,None,None,19123000,,1.775,0.0365,,,,-0.074,0.06,19963000,39086000,-0.03,2025-06-30,19.88,1600000,211700000.0,72786000,12828000,4275000,None,None,None,0,None,16600000,None,None,635800000,None,None,8553000,None,None,None,0.0741,,52970000,19816000,65700000,68400000,None,153500000,None,,,,,3.368,1.461,1.743,,,,,,,,0.0932,,95200000,2025-11-03,quarterly,0.03,USD,post-market,None,188000000,0.0328,0.0851,0.088,30.7,None,817800000,178000000,None,51.33,48.91,200.0,1892700000,170100000,293500000,1359900000,1722600000,1066400000,232145000,532800000,17.14,None,58.4,44.19
2025-12-28,UTL,2.85,502000000.0,17.14,None,0.508,33.35,,6200000,10200000,10200000,,,,,,,,,342600000,16200000,None,159359000,159359000,42900000,None,177800000,103900000,None,None,19123000,,1.775,0.0365,,,,-0.074,0.06,19963000,39086000,-0.03,2025-03-31,19.88,None,211700000.0,72786000,12828000,4275000,None,None,None,0,None,16500000,None,None,637200000,None,None,8553000,None,None,None,0.0741,,52970000,19816000,64900000,62100000,None,149800000,None,,,,,3.368,1.461,1.743,,,,,,,,0.0932,,98700000,2025-11-03,quarterly,0.03,USD,post-market,None,191300000,0.0328,0.0851,0.088,30.7,None,821200000,179600000,None,51.33,48.91,200.0,1890700000,195500000,295000000,1356600000,1695200000,1061600000,232145000,534100000,17.14,None,58.4,44.19
2025-12-28,UTL,2.85,502000000.0,17.14,None,0.508,33.35,,6700000,6300000,6300000,,,,,,,,,341200000,16154500,None,159359000,159359000,49700000,None,110700000,158800000,None,None,19123000,,1.775,0.0365,,,,-0.074,0.06,19963000,39086000,-0.03,2024-12-31,19.88,None,211700000.0,72786000,12828000,4275000,None,None,None,0,None,15300000,None,None,638400000,None,None,8553000,None,None,None,0.0741,,52970000,19816000,8400000,66500000,None,144500000,None,,,,,3.368,1.461,1.743,,,,,,,,0.0932,,99600000,2025-11-03,quarterly,0.03,USD,post-market,None,171100000,0.0328,0.0851,0.088,30.7,None,755800000,112500000,None,51.33,48.91,200.0,1794500000,188800000,228700000,1282000000,1605700000,1053300000,232145000,512500000,17.14,None,58.4,44.19
2025-12-28,UTL,2.85,502000000.0,17.14,None,0.508,33.35,,None,6300000,6300000,,,,,,,,,339800000,16100000,None,159359000,159359000,36200000,None,69200000,69400000,None,None,19123000,,1.775,0.0365,,,,-0.074,0.06,19963000,39086000,-0.03,2024-09-30,19.88,None,211700000.0,72786000,12828000,4275000,None,None,None,0,None,14900000,None,None,638400000,None,None,8553000,None,None,None,0.0741,,52970000,19816000,72000000,73800000,None,147700000,None,,,,,3.368,1.461,1.743,,,,,,,,0.0932,,140900000,2025-11-03,quarterly,0.03,USD,post-market,None,162400000,0.0328,0.0851,0.088,30.7,None,707600000,69200000,None,51.33,48.91,200.0,1737100000,162600000,179200000,1234700000,1574500000,1055500000,232145000,502400000,17.14,None,58.4,44.19
2025-12-28,UTL,2.85,502000000.0,17.14,None,0.508,33.35,,None,2800000,2800000,,,,,,,,,339300000,16100000,None,159359000,159359000,37200000,None,162700000,70600000,None,None,19123000,,1.775,0.0365,,,,-0.074,0.06,19963000,39086000,-0.03,2024-06-30,19.88,None,211700000.0,72786000,12828000,4275000,None,None,None,0,None,14600000,None,None,506400000,None,None,8553000,None,None,None,0.0741,,52970000,19816000,72000000,66400000,None,143200000,None,,,,,3.368,1.461,1.743,,,,,,,,0.0932,,None,2025-11-03,quarterly,0.03,USD,post-market,None,169300000,0.0328,0.0851,0.088,30.7,None,669100000,162700000,None,51.33,48.91,200.0,1695000000,160000000,274300000,1186200000,1535000000,911900000,232145000,508800000,17.14,None,58.4,44.19
2025-12-28,UTL,2.85,502000000.0,17.14,None,0.508,33.35,,None,6300000,6300000,,,,,,,,,338700000,16100000,None,159359000,159359000,37900000,None,174800000,93200000,None,None,19123000,,1.775,0.0365,,,,-0.074,0.06,19963000,39086000,-0.03,2024-03-31,19.88,None,211700000.0,72786000,12828000,4275000,None,None,None,0,None,14300000,None,None,507900000,None,None,8553000,None,None,None,0.0741,,52970000,19816000,75600000,55000000,None,139400000,None,,,,,3.368,1.461,1.743,,,,,,,,0.0932,,None,2025-11-03,quarterly,0.03,USD,post-market,None,171900000,0.0328,0.0851,0.088,30.7,None,682700000,174800000,None,51.33,48.91,200.0,1697900000,189400000,276600000,1187100000,1508500000,910500000,232145000,510800000,17.14,None,58.4,44.19
2025-12-28,UTL,2.85,502000000.0,17.14,None,0.508,33.35,,5600000,6500000,6500000,,,,,,,,,337600000,16076500,None,159359000,159359000,47700000,None,166900000,147800000,None,None,19123000,,1.775,0.0365,,,,-0.074,0.06,19963000,39086000,-0.03,2023-12-31,19.88,None,211700000.0,72786000,12828000,4275000,None,None,None,0,None,14500000,None,None,509100000,None,None,8553000,None,None,None,0.0741,,52970000,19816000,8300000,58900000,None,130900000,None,,,,,3.368,1.461,1.743,,,,,,,,0.0932,,None,2025-11-03,quarterly,0.03,USD,post-market,None,151500000,0.0328,0.0851,0.088,30.7,None,681600000,168800000,None,51.33,48.91,200.0,1670400000,177100000,277300000,1181100000,1493300000,903800000,232145000,489300000,17.14,None,58.4,44.19
2025-12-28,UTL,2.85,502000000.0,17.14,None,0.508,33.35,,None,6000000,6000000,,,,,,,,,337000000,16100000,None,159359000,159359000,35600000,None,136500000,129000000,None,None,19123000,,1.775,0.0365,,,,-0.074,0.06,19963000,39086000,-0.03,2023-09-30,19.88,None,211700000.0,72786000,12828000,4275000,None,None,None,0,None,13800000,None,None,509000000,None,None,8553000,None,None,None,0.0741,,52970000,19816000,7600000,64200000,None,134200000,None,,,,,3.368,1.461,1.743,,,,,,,,0.0932,,113100000,2025-11-03,quarterly,0.03,USD,post-market,None,142600000,0.0328,0.0851,0.088,30.7,None,645900000,136500000,None,51.33,48.91,200.0,1620200000,156400000,243400000,1140400000,1463800000,897000000,232145000,479800000,17.14,None,58.4,44.19
2025-12-28,UTL,2.85,502000000.0,17.14,None,0.508,33.35,,None,6800000,6800000,,,,,,,,,336500000,16000000,None,159359000,159359000,36700000,None,138600000,129300000,None,None,19123000,,1.775,0.0365,,,,-0.074,0.06,19963000,39086000,-0.03,2023-06-30,19.88,None,211700000.0,72786000,12828000,4275000,None,None,None,0,None,13900000,None,None,486200000,None,None,8553000,None,None,None,0.0741,,52970000,19816000,11300000,60400000,None,131500000,None,,,,,3.368,1.461,1.743,,,,,,,,0.0932,,69400000,2025-11-03,quarterly,0.03,USD,post-market,None,147700000,0.0328,0.0851,0.088,30.7,None,627100000,138600000,None,51.33,48.91,200.0,1595300000,161300000,238000000,1110900000,1434000000,872900000,232145000,484400000,17.14,None,58.4,44.19
2025-12-28,UTL,2.85,502000000.0,17.14,None,0.508,33.35,,None,6800000,6800000,,,,,,,,,336100000,16000000,None,159359000,159359000,46300000,None,146900000,97400000,None,None,19123000,,1.775,0.0365,,,,-0.074,0.06,19963000,39086000,-0.03,2023-03-31,19.88,None,211700000.0,72786000,12828000,4275000,None,None,None,0,None,17900000,None,None,488000000,None,None,8553000,None,None,None,0.0741,,52970000,19816000,75800000,58400000,None,215700000,None,,,,,3.368,1.461,1.743,,,,,,,,0.0932,,59500000,2025-11-03,quarterly,0.03,USD,post-market,None,150100000,0.0328,0.0851,0.088,30.7,None,641000000,148800000,None,51.33,48.91,200.0,1614700000,197900000,253500000,1128300000,1416800000,874800000,232145000,486200000,17.14,None,58.4,44.19
2025-12-28,UTL,2.85,502000000.0,17.14,None,0.508,33.35,,4300000,9000000,9000000,,,,,,,,,334900000,16043354,None,159359000,159359000,68600000,None,122700000,164600000,None,None,19123000,,1.775,0.0365,,,,-0.074,0.06,19963000,39086000,-0.03,2022-12-31,19.88,None,211700000.0,72786000,12828000,4275000,None,None,None,0,None,13200000,None,None,489100000,None,None,8553000,None,None,None,0.0741,,52970000,19816000,110200000,68800000,None,122700000,None,,,,,3.368,1.461,1.743,,,,,,,,0.0932,,56900000,2025-11-03,quarterly,0.03,USD,post-market,None,132500000,0.0328,0.0851,0.088,30.7,None,611900000,122700000,None,51.33,48.91,200.0,1590400000,194800000,260100000,1122800000,1395600000,862700000,232145000,467600000,17.14,None,58.4,44.19
2025-12-28,UTL,2.85,502000000.0,17.14,None,0.508,33.35,,None,7900000,7900000,,,,,,,,,334400000,16000000,None,159359000,159359000,35200000,None,80200000,123700000,None,None,19123000,,1.775,0.0365,,,,-0.074,0.06,19963000,39086000,-0.03,2022-09-30,19.88,None,211700000.0,72786000,12828000,4275000,None,None,None,0,None,11800000,None,None,493100000,None,None,8553000,None,None,None,0.0741,,52970000,19816000,7200000,-57900000,None,297300000,None,,,,,3.368,1.461,1.743,,,,,,,,0.0932,,1308400000,2025-11-03,quarterly,0.03,USD,post-market,None,124200000,0.0328,0.0851,0.088,30.7,None,573400000,80200000,None,51.33,48.91,200.0,1578900000,150600000,193600000,1120100000,1428300000,926500000,232145000,458800000,17.14,None,58.4,44.19
2025-12-28,UTL,2.85,502000000.0,17.14,None,0.508,33.35,,None,5100000,5100000,,,,,,,,,334100000,16000000,None,159359000,159359000,34300000,None,54400000,58500000,None,None,19123000,,1.775,0.0365,,,,-0.074,0.06,19963000,39086000,-0.03,2022-06-30,19.88,None,211700000.0,72786000,12828000,4275000,None,None,None,0,None,24100000,None,None,495100000,None,None,8553000,None,None,None,0.0741,,52970000,19816000,51400000,64700001,None,296300000,None,,,,,3.368,1.461,1.743,,,,,,,,0.0932,,1283500000,2025-11-03,quarterly,0.03,USD,post-market,None,130000000,0.0328,0.0851,0.088,30.7,None,554099999,55999999,None,51.33,48.91,200.0,1547100000,139100000,155000000,1082800000,1408000000,927800000,232145000,464100000,17.14,None,58.4,44.19
2025-12-28,UTL,2.85,502000000.0,17.14,None,0.508,33.35,,None,6500000,6500000,,,,,,,,,333700000,16000000,None,159359000,159359000,39000000,None,72200000,93000000,None,None,19123000,,1.775,0.0365,,,,-0.074,0.06,19963000,39086000,-0.03,2022-03-31,19.88,None,211700000.0,72786000,12828000,4275000,None,None,None,0,None,10600000,None,None,496600000,None,None,8553000,None,None,None,0.0741,,52970000,19816000,53000000,44800001,None,297700000,None,,,,,3.368,1.461,1.743,,,,,,,,0.0932,,41300000,2025-11-03,quarterly,0.03,USD,post-market,None,131400000,0.0328,0.0851,0.088,30.7,None,573899999,73899999,None,51.33,48.91,200.0,1552300000,163100000,157700000,1087000000,1389200000,929300000,232145000,465100000,17.14,None,58.4,44.19
2025-12-28,UTL,2.85,502000000.0,17.14,None,0.508,33.35,,None,6500000,6500000,,,,,,,,,332100000,15438000,None,159359000,159359000,52400000,None,72300000,135500000,None,None,19123000,,1.775,0.0365,,,,-0.074,0.06,19963000,39086000,-0.03,2021-12-31,19.88,None,211700000.0,72786000,12828000,4275000,None,None,None,0,None,9600000,None,None,497800000,None,None,8553000,None,None,None,0.0741,,52970000,19816000,8100000,48800000,None,292800000,None,,,,,3.368,1.461,1.743,,,,,,,,0.0932,,1261900000,2025-11-03,quarterly,0.03,USD,post-market,None,116200000,0.0328,0.0851,0.088,30.7,None,570100000,72300000,None,51.33,48.91,200.0,1540300000,159700000,173500000,1091800000,1380600000,918300000,232145000,448500000,17.14,None,58.4,44.19
2025-12-28,UTL,2.85,502000000.0,17.14,None,0.508,33.35,,None,8800000,8800000,,,,,,,,,331600000,15500000,None,159359000,159359000,29500000,None,40600000,54300000,None,None,19123000,,1.775,0.0365,,,,-0.074,0.06,19963000,39086000,-0.03,2021-09-30,19.88,None,211700000.0,72786000,12828000,4275000,None,None,None,0,None,20000000,None,None,501300000,None,None,8553000,None,None,None,0.0741,,52970000,19816000,37900000,54700000,None,325800000,None,,,,,3.368,1.461,1.743,,,,,,,,0.0932,,1237300000,2025-11-03,quarterly,0.03,USD,post-market,None,107800000,0.0328,0.0851,0.088,30.7,None,547400000,42400000,None,51.33,48.91,200.0,1509000000,121000000,126600000,1069400000,1388000000,942800000,232145000,439400000,17.14,None,58.4,44.19
2025-12-28,UTL,2.85,502000000.0,17.14,None,0.508,33.35,,None,5000000,5000000,,,,,,,,,286800000,15000000,None,159359000,159359000,32600000,None,48700000,59900000,None,None,19123000,,1.775,0.0365,,,,-0.074,0.06,19963000,39086000,-0.03,2021-06-30,19.88,None,211700000.0,72786000,12828000,4275000,None,None,None,0,None,14400000,None,None,505300000,None,None,8553000,None,None,None,0.0741,,52970000,19816000,34900000,50300000,None,112300000,None,,,,,3.368,1.461,1.743,,,,,,,,0.0932,,1214700000,2025-11-03,quarterly,0.03,USD,post-market,None,113800000,0.0328,0.0851,0.088,30.7,None,559300000,50400000,None,51.33,48.91,200.0,1477100000,114200000,133300000,1076300000,1362900000,943000000,232145000,400600000,17.14,None,58.4,44.19
2025-12-28,UTL,2.85,502000000.0,17.14,None,0.508,33.35,,None,6100000,6100000,,,,,,,,,286300000,15000000,None,159359000,159359000,28700000,None,45800000,83900000,None,None,19123000,,1.775,0.0365,,,,-0.074,0.06,19963000,39086000,-0.03,2021-03-31,19.88,None,211700000.0,72786000,12828000,4275000,None,None,None,0,None,10800000,None,None,515800000,None,None,8553000,None,None,None,0.0741,,52970000,19816000,31899999,46600000,None,319600000,None,,,,,3.368,1.461,1.743,,,,,,,,0.0932,,1197700000,2025-11-03,quarterly,0.03,USD,post-market,None,116800000,0.0328,0.0851,0.088,30.7,None,567499998,47600000,None,51.33,48.91,200.0,1477000000,132699999,122900000,1073700000,1344300001,950800000,232145000,403100000,17.14,None,58.4,44.19
2025-12-28,UTL,2.85,502000000.0,17.14,None,0.508,33.35,,None,6000000,6000000,,,,,,,,,285300000,14926000,None,159359000,159359000,33200000,None,63200000,80500000,None,None,19123000,,1.775,0.0365,,,,-0.074,0.06,19963000,39086000,-0.03,2020-12-31,19.88,None,211700000.0,72786000,12828000,4275000,None,None,None,0,None,9100000,None,None,523100000,None,None,8553000,None,None,None,0.0741,,52970000,19816000,43700000,37999999,None,320500000,None,,,,,3.368,1.461,1.743,,,,,,,,0.0932,,1198400000,2025-11-03,quarterly,0.03,USD,post-market,None,103700000,0.0328,0.0851,0.088,30.7,None,591900000,64900000,None,51.33,48.91,200.0,1520236000,139300000,136100000,1131036000,1380936000,994936000,232145000,389200000,17.14,None,58.4,44.19
2025-12-28,UTL,2.85,502000000.0,17.14,None,0.508,33.35,,None,8199999,8199999,,,,,,,,,284800000,14900000,None,159359000,159359000,25100000,None,23600000,56000000,None,None,19123000,,1.775,0.0365,,,,-0.074,0.06,19963000,39086000,-0.03,2020-09-30,19.88,None,211700000.0,72786000,12828000,4275000,None,None,None,0,None,15600000,None,None,529000000,None,None,8553000,None,None,None,0.0741,,52970000,19816000,37500001,47700000,None,306500000,None,,,,,3.368,1.461,1.743,,,,,,,,0.0932,,1190900000,2025-11-03,quarterly,0.03,USD,post-market,None,95800000,0.0328,0.0851,0.088,30.7,None,558700000,25400000,None,51.33,48.91,200.0,1423900000,117300000,98200000,1043100000,1306600000,944900000,232145000,380600000,17.14,None,58.4,44.19
2025-12-28,UTL,2.85,502000000.0,17.14,None,0.508,33.35,,None,4200000,4200000,,,,,,,,,284400000,14900000,None,159359000,159359000,24700000,None,81200000,56400000,None,None,19123000,,1.775,0.0365,,,,-0.074,0.06,19963000,39086000,-0.03,2020-06-30,19.88,None,211700000.0,72786000,12828000,4275000,None,None,None,0,None,13900000,None,None,436400000,None,None,8553000,None,None,None,0.0741,,52970000,19816000,35100000,41900000,None,304100000,None,,,,,3.368,1.461,1.743,,,,,,,,0.0932,,1147600000,2025-11-03,quarterly,0.03,USD,post-market,None,101100000,0.0328,0.0851,0.088,30.7,None,522600000,82700000,None,51.33,48.91,200.0,1384500000,109600000,149300000,998800000,1274900000,849500000,232145000,385500000,17.14,None,58.4,44.19
2025-12-28,UTL,2.85,502000000.0,17.14,None,0.508,33.35,,None,6200000,6200000,,,,,,,,,284000000,14900000,None,159359000,159359000,26500000,None,77900000,72800000,None,None,19123000,,1.775,0.0365,,,,-0.074,0.06,19963000,39086000,-0.03,2020-03-31,19.88,None,211700000.0,72786000,12828000,4275000,None,None,None,0,None,11800000,None,None,436300000,None,None,8553000,None,None,None,0.0741,,52970000,19816000,35000000,41100000,None,298400000,None,,,,,3.368,1.461,1.743,,,,,,,,0.0932,,1125100000,2025-11-03,quarterly,0.03,USD,post-market,None,103700000,0.0328,0.0851,0.088,30.7,None,519700000,79500000,None,51.33,48.91,200.0,1378400000,125800000,147100000,990500000,1252600000,843400000,232145000,387700000,17.14,None,58.4,44.19
2025-12-28,UTL,2.85,502000000.0,17.14,None,0.508,33.35,,None,5200000,5200000,,,,,,,,,282500000,14900000,None,159359000,159359000,37600000,None,78100000,75400000,None,None,19123000,,1.775,0.0365,,,,-0.074,0.06,19963000,39086000,-0.03,2019-12-31,19.88,None,211700000.0,72786000,12828000,4275000,None,None,None,0,None,8700000,None,None,437500000,None,5800000,8553000,None,None,None,0.0741,,52970000,19816000,41600000,42700000,None,293100000,None,,,,,3.368,1.461,1.743,,,,,,,,0.0932,,1115500000,2025-11-03,quarterly,0.03,USD,post-market,None,94100000,0.0328,0.0851,0.088,30.7,None,520100000,79500000,None,51.33,48.91,200.0,1412038000,130900000,159800000,1035238000,1281138000,875438000,232145000,376800000,17.14,None,58.4,44.19
2025-12-28,UTL,2.85,502000000.0,17.14,None,0.508,33.35,,None,7300000,7300000,,,,,,,,,281700000,14900000,None,159359000,159359000,22900000,None,68700000,86200000,None,None,19123000,,1.775,0.0365,,,,-0.074,0.06,19963000,39086000,-0.03,2019-09-30,19.88,None,211700000.0,72786000,12828000,4275000,None,None,None,0,None,8500000,None,None,410900000,None,5900000,8553000,None,None,None,0.0741,,52970000,19816000,5400000,51300000,None,276100000,None,,,,,3.368,1.461,1.743,,,,,,,,0.0932,,1088100000,2025-11-03,quarterly,0.03,USD,post-market,None,88100000,0.0328,0.0851,0.088,30.7,None,479600000,70200000,None,51.33,48.91,200.0,1309700000,107400000,144400000,939700000,1202300000,795300000,232145000,370000000,17.14,None,58.4,44.19
2025-12-28,UTL,2.85,502000000.0,17.14,None,0.508,33.35,,None,4800000,4800000,,,,,,,,,281300000,14900000,None,159359000,159359000,21900000,None,84300000,86100000,None,None,19123000,,1.775,0.0365,,,,-0.074,0.06,19963000,39086000,-0.03,2019-06-30,19.88,None,211700000.0,72786000,12828000,4275000,None,None,None,0,None,8200000,None,None,373100000,None,5500000,8553000,None,None,None,0.0741,,52970000,19816000,8300000,48600000,None,273100000,None,,,,,3.368,1.461,1.743,,,,,,,,0.0932,,1057100000,2025-11-03,quarterly,0.03,USD,post-market,None,91500000,0.0328,0.0851,0.088,30.7,None,457400000,85500000,None,51.33,48.91,200.0,1279300000,107400000,156000000,906300000,1171900000,750300000,232145000,373000000,17.14,None,58.4,44.19
2025-12-28,UTL,2.85,502000000.0,17.14,None,0.508,33.35,,None,4300000,4300000,,,,,,,,,280700000,14900000,None,159359000,159359000,33000000,None,85300000,85100000,None,None,19123000,,1.775,0.0365,,,,-0.074,0.06,19963000,39086000,-0.03,2019-03-31,19.88,None,211700000.0,72786000,12828000,4275000,None,None,None,0,None,8300000,None,None,373000000,None,5100000,8553000,None,None,None,0.0741,,52970000,19816000,36200000,42400000,None,274700000,None,,,,,3.368,1.461,1.743,,,,,,,,0.0932,,1037800000,2025-11-03,quarterly,0.03,USD,post-market,None,93000000,0.0328,0.0851,0.088,30.7,None,458300000,89400000,None,51.33,48.91,200.0,1290200000,133900000,164800000,916300000,1156300000,751500000,232145000,373900000,17.14,None,58.4,44.19
2025-12-28,UTL,2.85,502000000.0,17.14,None,0.508,33.35,,2700000,7800000,7800000,,,,,,,,,279100000,14900000,None,159359000,159359000,42600000,None,18400000,88300000,None,None,19123000,,1.775,0.0365,,,,-0.074,0.06,19963000,39086000,-0.03,2018-12-31,19.88,None,211700000.0,72786000,12828000,4275000,None,None,None,0,None,7800000,None,None,387400000,None,4800000,8553000,None,None,None,0.0741,,52970000,19816000,48300000,-900000,None,266600000,None,,,,,3.368,1.461,1.743,,,,,,,,0.0932,,1036800000,2025-11-03,quarterly,0.03,USD,post-market,None,72000000,0.0328,0.0851,0.088,30.7,None,494400000,104300000,None,51.33,48.91,200.0,1298300000,152200000,192500000,947000000,1146100000,754500000,232145000,351300000,17.14,None,58.4,44.19
2025-12-28,UTL,2.85,502000000.0,17.14,None,0.508,33.35,,3400000,6300000,6300000,,,,,,,,,278300000,14800000,None,159359000,159359000,27400000,None,31800000,72000000,None,None,19123000,,1.775,0.0365,,,,-0.074,0.06,19963000,39086000,-0.03,2018-09-30,19.88,0,211700000.0,72786000,12828000,4275000,0,0,None,0,None,7200000,None,None,361100000,None,5300000,8553000,None,None,None,0.0741,,52970000,19816000,34200000,49100000,None,288100000,None,,,,,3.368,1.461,1.743,,,,,,,,0.0932,,1022300000,2025-11-03,quarterly,0.03,USD,post-market,None,66500000,0.0328,0.0851,0.088,30.7,None,468500000,104000000,0,51.33,48.91,200.0,1264500000,120600000,180500000,919500000,1143900000,739000000,232145000,345000000,17.14,0,58.4,44.19
2025-12-28,UTL,2.85,502000000.0,17.14,None,0.508,33.35,,4100000,8500000,8500000,,,,,,,,,277900000,14800000,None,159359000,159359000,24700000,None,29700000,71400000,None,None,19123000,,1.775,0.0365,,,,-0.074,0.06,19963000,39086000,-0.03,2018-06-30,19.88,0,211700000.0,72786000,12828000,4275000,0,0,None,0,None,8100000,None,None,363100000,None,5200000,8553000,None,None,None,0.0741,,52970000,19816000,30100000,40500000,None,296700000,None,,,,,3.368,1.461,1.743,,,,,,,,0.0932,,989800000,2025-11-03,quarterly,0.03,USD,post-market,None,69100000,0.0328,0.0851,0.088,30.7,None,437400000,70200000,0,51.33,48.91,200.0,1234600000,118100000,135400000,887400000,1116500000,752000000,232145000,347200000,17.14,0,58.4,44.19
2025-12-28,UTL,2.85,502000000.0,17.14,None,0.508,33.35,,4900000,9500000,9500000,,,,,,,,,277400000,14800000,None,159359000,159359000,30100000,None,29800000,85100000,None,None,19123000,,1.775,0.0365,,,,-0.074,0.06,19963000,39086000,-0.03,2018-03-31,19.88,0,211700000.0,72786000,12828000,4275000,0,0,None,0,None,8200000,None,None,363000000,None,5100000,8553000,None,None,None,0.0741,,52970000,19816000,41700000,38000000,None,294500000,None,,,,,3.368,1.461,1.743,,,,,,,,0.0932,,972400000,2025-11-03,quarterly,0.03,USD,post-market,None,71000000,0.0328,0.0851,0.088,30.7,None,446100000,78200000,0,51.33,48.91,200.0,1244300000,144500000,146300000,895700000,1099800000,749400000,232145000,348600000,17.14,0,58.4,44.19
2025-12-28,UTL,2.85,502000000.0,17.14,None,0.508,33.35,,5700000,8900000,8900000,,,,,,,,,275800000,14800000,None,159359000,159359000,41500000,None,29800000,87000000,None,None,19123000,,1.775,0.0365,,,,-0.074,0.06,19963000,39086000,-0.03,2017-12-31,19.88,0,211700000.0,72786000,12828000,4275000,0,0,None,0,None,7500000,None,None,376300000,None,3600000,8553000,None,None,None,0.0741,,52970000,19816000,47900000,-4200000,None,289200000,None,,,,,3.368,1.461,1.743,,,,,,,,0.0932,,971500000,2025-11-03,quarterly,0.03,USD,post-market,None,60800000,0.0328,0.0851,0.088,30.7,None,453200000,71200000,0,51.33,48.91,200.0,1241900000,151300000,151000000,905100000,1090600000,754100000,232145000,336800000,17.14,0,58.4,44.19
2025-12-28,UTL,2.85,502000000.0,17.14,None,0.508,33.35,,6400000,10900000,10900000,,,,,,,,,243400000,14100000,None,159359000,159359000,24100000,None,29800000,65000000,None,None,19123000,,1.775,0.0365,,,,-0.074,0.06,19963000,39086000,-0.03,2017-09-30,19.88,0,211700000.0,72786000,12828000,4275000,0,0,None,0,None,8000000,None,None,303600000,None,None,8553000,None,None,None,0.0741,,52970000,19816000,38100000,47400000,None,246100000,None,,,,,3.368,1.461,1.743,,,,,,,,0.0932,,946700000,2025-11-03,quarterly,0.03,USD,post-market,None,54700000,0.0328,0.0851,0.088,30.7,None,454800000,144800000,0,51.33,48.91,200.0,1179900000,122000000,216300000,881600000,1057900000,665300000,232145000,298300000,17.14,0,58.4,44.19
2025-12-28,UTL,2.85,502000000.0,17.14,None,0.508,33.35,,6900000,7800000,7800000,,,,,,,,,242700000,14100000,None,159359000,159359000,23000000,None,422500000,55400000,None,None,19123000,,1.775,0.0365,,,,-0.074,0.06,19963000,39086000,-0.03,2017-06-30,19.88,0,211700000.0,72786000,12828000,4275000,0,0,None,0,None,500000,None,None,303500000,None,None,8553000,None,None,None,0.0741,,52970000,19816000,44300000,42800000,None,242200000,None,,,,,3.368,1.461,1.743,,,,,,,,0.0932,,912700000,2025-11-03,quarterly,0.03,USD,post-market,None,57500000,0.0328,0.0851,0.088,30.7,None,422500000,112100000,0,51.33,48.91,200.0,1137700000,108000000,177900000,837300000,1029700000,659400000,232145000,300400000,17.14,0,58.4,44.19
2025-12-28,UTL,2.85,502000000.0,17.14,None,0.508,33.35,,7500000,8800000,8800000,,,,,,,,,242100000,14000000,None,159359000,159359000,28100000,None,109600000,69000000,None,None,19123000,,1.775,0.0365,,,,-0.074,0.06,19963000,39086000,-0.03,2017-03-31,19.88,0,211700000.0,72786000,12828000,4275000,0,0,None,0,None,300000,None,None,303500000,None,None,8553000,None,None,None,0.0741,,52970000,19816000,48000000,39300000,None,238600000,None,,,,,3.368,1.461,1.743,,,,,,,,0.0932,,890900000,2025-11-03,quarterly,0.03,USD,post-market,None,59500000,0.0328,0.0851,0.088,30.7,None,420600000,109600000,0,51.33,48.91,200.0,1134400000,126100000,177000000,832600000,1008300000,655600000,232145000,301800000,17.14,0,58.4,44.19
2025-12-28,UTL,2.85,502000000.0,17.14,None,0.508,33.35,,8300000,5800000,5800000,,,,,,,,,240700000,14000000,None,159359000,159359000,32400000,None,16800000,72800000,None,None,19123000,,1.775,0.0365,,,,-0.074,0.06,19963000,39086000,-0.03,2016-12-31,19.88,0,211700000.0,72786000,12828000,4275000,0,0,None,0,None,600000,None,None,316800000,None,1900000,8553000,None,None,None,0.0741,,52970000,19816000,45600000,1100000,None,235200000,None,,,,,3.368,1.461,1.743,,,,,,,,0.0932,,883400000,2025-11-03,quarterly,0.03,USD,post-market,None,52200000,0.0328,0.0851,0.088,30.7,None,426800000,101700000,0,51.33,48.91,200.0,1128200000,131600000,176900000,835100000,996600000,658200000,232145000,293100000,17.14,0,58.4,44.19
2025-12-28,UTL,2.85,502000000.0,17.14,None,0.508,33.35,,9000000,4400000,4400000,,,,,,,,,239900000,14000000,None,159359000,159359000,23100000,None,57000000,61700000,None,None,19123000,,1.775,0.0365,,,,-0.074,0.06,19963000,39086000,-0.03,2016-09-30,19.88,0,211700000.0,72786000,12828000,4275000,0,0,None,0,None,600000,None,None,344000000,None,None,8553000,None,None,None,0.0741,,52970000,19816000,40900000,46200000,None,215400000,None,,,,,3.368,1.461,1.743,,,,,,,,0.0932,,861000000,2025-11-03,quarterly,0.03,USD,post-market,None,47000000,0.0328,0.0851,0.088,30.7,None,401000000,57000000,0,51.33,48.91,200.0,1072400000,107600000,126300000,785300000,964800000,659000000,232145000,287100000,17.14,0,58.4,44.19
2025-12-28,UTL,2.85,502000000.0,17.14,None,0.508,33.35,,9700000,7900000,7900000,,,,,,,,,239400000,14000000,None,159359000,159359000,21400000,None,74500000,50900000,None,None,19123000,,1.775,0.0365,,,,-0.074,0.06,19963000,39086000,-0.03,2016-06-30,19.88,0,211700000.0,72786000,12828000,4275000,0,0,None,0,None,400000,None,None,314900000,None,None,8553000,None,None,None,0.0741,,52970000,19816000,47800000,42700000,None,214100000,None,,,,,3.368,1.461,1.743,,,,,,,,0.0932,,834600000,2025-11-03,quarterly,0.03,USD,post-market,None,48500000,0.0328,0.0851,0.088,30.7,None,389400000,74500000,0,51.33,48.91,200.0,1051700000,105700000,139000000,763600000,946000000,624600000,232145000,288100000,17.14,0,58.4,44.19
2025-12-28,UTL,2.85,502000000.0,17.14,None,0.508,33.35,,10400000,8100000,8100000,,,,,,,,,238900000,14000000,None,159359000,159359000,27000000,None,None,64800000,None,None,19123000,,1.775,0.0365,,,,-0.074,0.06,19963000,39086000,-0.03,2016-03-31,19.88,0,211700000.0,72786000,12828000,4275000,0,0,None,0,None,400000,None,None,315800000,None,None,8553000,None,None,None,0.0741,,52970000,19816000,53200000,50900000,None,207900000,None,,,,,3.368,1.461,1.743,,,,,,,,0.0932,,813100000,2025-11-03,quarterly,0.03,USD,post-market,None,51000000,0.0328,0.0851,0.088,30.7,None,383900000,68100000,0,51.33,48.91,200.0,1052900000,128100000,146000000,762800000,924800000,616800000,232145000,290100000,17.14,0,58.4,44.19
2025-12-28,UTL,2.85,502000000.0,17.14,None,0.508,33.35,,11000000,8700000,8700000,,,,,,,,,237500000,14000000,None,159359000,159359000,33300000,None,17100000,60900000,None,None,19123000,,1.775,0.0365,,,,-0.074,0.06,19963000,39086000,-0.03,2015-12-31,19.88,0,211700000.0,72786000,12828000,4275000,0,0,None,0,None,800000,None,None,308100000,None,700000,8553000,None,None,None,0.0741,,52970000,19816000,49600000,46700000,None,207700000,None,,,,,3.368,1.461,1.743,,,,,,,,0.0932,,808900000,2025-11-03,quarterly,0.03,USD,post-market,None,45100000,0.0328,0.0851,0.088,30.7,None,381600000,62200000,0,51.33,48.91,200.0,1046400000,125900000,144600000,763600000,920500000,619000000,232145000,282800000,17.14,0,58.4,44.19
2025-12-28,UTL,2.85,502000000.0,17.14,None,0.508,33.35,,12100000,8900000,8900000,,,,,,,,,236800000,13900000,None,159359000,159359000,21200000,None,None,56000000,None,None,19123000,,1.775,0.0365,,,,-0.074,0.06,19963000,39086000,-0.03,2015-09-30,19.88,0,211700000.0,72786000,12828000,4275000,0,0,None,0,None,7400000,None,None,340500000,None,None,8553000,None,None,None,0.0741,,52970000,19816000,40500000,66900002,None,206900000,None,,,,,3.368,1.461,1.743,,,,,,,,0.0932,,782400000,2025-11-03,quarterly,0.03,USD,post-market,None,40700000,0.0328,0.0851,0.088,30.7,None,348700000,8199998,0,51.33,48.91,200.0,1018000000,119000000,101200000,740300000,899000000,639100000,232145000,277700000,17.14,0,58.4,44.19
2025-12-28,UTL,2.85,502000000.0,17.14,None,0.508,33.35,,9500000,16100000,16100000,,,,,,,,,236400000,13900000,None,159359000,159359000,19000000,None,None,59500000,None,None,19123000,,1.775,0.0365,,,,-0.074,0.06,19963000,39086000,-0.03,2015-06-30,19.88,0,211700000.0,72786000,12828000,4275000,0,0,None,0,None,7200000,None,None,338100000,None,None,8553000,None,None,None,0.0741,,52970000,19816000,45100000,62300000,None,208100000,None,,,,,3.368,1.461,1.743,,,,,,,,0.0932,,757000000,2025-11-03,quarterly,0.03,USD,post-market,None,43900000,0.0328,0.0851,0.088,30.7,None,342200000,4100000,0,51.33,48.91,200.0,1011400000,133900000,94500000,730900000,877500000,636400000,232145000,280500000,17.14,0,58.4,44.19
2025-12-28,UTL,2.85,502000000.0,17.14,None,0.508,33.35,,8200000,11200000,11200000,,,,,,,,,236000000,13900000,None,159359000,159359000,34800000,None,None,89900000,None,None,19123000,,1.775,0.0365,,,,-0.074,0.06,19963000,39086000,-0.03,2015-03-31,19.88,0,211700000.0,72786000,12828000,4275000,0,0,None,0,None,6300000,None,None,328700000,None,None,8553000,None,None,None,0.0741,,52970000,19816000,64200000,69600000,None,191000000,None,,,,,3.368,1.461,1.743,,,,,,,,0.0932,,738200000,2025-11-03,quarterly,0.03,USD,post-market,None,47100000,0.0328,0.0851,0.088,30.7,None,372900000,36000000,0,51.33,48.91,200.0,1040800000,180100000,140400000,757500000,860700000,617100000,232145000,283300000,17.14,0,58.4,44.19
2025-12-28,UTL,2.85,502000000.0,17.14,None,0.508,33.35,,7500000,8400000,8400000,,,,,,,,,234700000,13900000,None,159359000,159359000,44200000,None,4000000,75700000,None,None,19123000,,1.775,0.0365,,,,-0.074,0.06,19963000,39086000,-0.03,2014-12-31,19.88,0,211700000.0,72786000,12828000,4275000,0,0,None,0,None,7400000,None,None,328900000,None,None,8553000,None,None,None,0.0741,,52970000,19816000,64300000,51400000,None,186300000,None,,,,,3.368,1.461,1.743,,,,,,,,0.0932,,733700000,2025-11-03,quarterly,0.03,USD,post-market,None,38400000,0.0328,0.0851,0.088,30.7,None,369700000,33800000,0,51.33,48.91,200.0,1000200000,145200000,129400000,726900000,855000000,597500000,232145000,273300000,17.14,0,58.4,44.19
2025-12-28,UTL,2.85,502000000.0,17.14,None,0.508,33.35,,6500000,10100000,10100000,,,,,,,,,233900000,13800000,None,159359000,159359000,19300000,None,None,56100000,None,None,19123000,,1.775,0.0365,,,,-0.074,0.06,19963000,39086000,-0.03,2014-09-30,19.88,0,211700000.0,72786000,12828000,4275000,0,0,None,0,None,7600000,None,None,326700000,None,None,8553000,None,None,None,0.0741,,52970000,19816000,31800000,52800000,None,151100000,None,,,,,3.368,1.461,1.743,,,,,,,,0.0932,,706000000,2025-11-03,quarterly,0.03,USD,post-market,None,33800000,0.0328,0.0851,0.088,30.7,None,337100000,3900000,0,51.33,48.91,200.0,916500000,112400000,76000000,648600000,804100000,572600000,232145000,267900000,17.14,0,58.4,44.19
2025-12-28,UTL,2.85,502000000.0,17.14,None,0.508,33.35,,5600000,12000000,12000000,,,,,,,,,233600000,13800000,None,159359000,159359000,20500000,None,None,53200000,None,None,19123000,,1.775,0.0365,,,,-0.074,0.06,19963000,39086000,-0.03,2014-06-30,19.88,0,211700000.0,72786000,12828000,4275000,0,0,None,0,None,6900000,None,None,284600000,None,None,8553000,None,None,None,0.0741,,52970000,19816000,35700000,44600000,None,149200000,None,,,,,3.368,1.461,1.743,,,,,,,,0.0932,,681700000,2025-11-03,quarterly,0.03,USD,post-market,None,37000000,0.0328,0.0851,0.088,30.7,None,327700000,37500000,0,51.33,48.91,200.0,900600000,113900000,102600000,629800000,786700000,527200000,232145000,270800000,17.14,0,58.4,44.19
2025-12-28,UTL,2.85,502000000.0,17.14,None,0.508,33.35,,None,14300000,14300000,,,,,,,,,233100000,13800000,None,159359000,159359000,31800000,None,None,70800000,None,None,19123000,,1.775,0.0365,,,,-0.074,0.06,19963000,39086000,-0.03,2014-03-31,19.88,0,211700000.0,72786000,12828000,4275000,0,0,None,0,None,5700000,None,None,284700000,None,None,8553000,None,None,None,0.0741,,52970000,19816000,46200000,38200000,None,155100000,None,,,,,3.368,1.461,1.743,,,,,,,,0.0932,,666800000,2025-11-03,quarterly,0.03,USD,post-market,None,40700000,0.0328,0.0851,0.088,30.7,None,346400000,61700000,0,51.33,48.91,200.0,928000000,145600000,131700000,654000000,782400000,522300000,232145000,274000000,17.14,0,58.4,44.19
2025-12-28,UTL,2.85,502000000.0,17.14,None,0.508,33.35,,None,9400000,9400000,,,,,,,,,232100000,13800000,None,159359000,159359000,38100000,None,None,63000000,None,None,19123000,,1.775,0.0365,,,,-0.074,0.06,19963000,39086000,-0.03,2013-12-31,19.88,0,211700000.0,72786000,12828000,4275000,0,0,None,0,None,6200000,None,None,284800000,None,None,8553000,None,None,None,0.0741,,52970000,19816000,59200000,43900000,None,150200000,None,,,,,3.368,1.461,1.743,,,,,,,,0.0932,,665600000,2025-11-03,quarterly,0.03,USD,post-market,None,32900000,0.0328,0.0851,0.088,30.7,None,347500000,62700000,0,51.33,48.91,200.0,920600000,140000000,144700000,655400000,780600000,510700000,232145000,265200000,17.14,0,58.4,44.19
2025-12-28,UTL,2.85,502000000.0,17.14,None,0.508,33.35,,None,12300000,12300000,,,,,,,,,253900000,13800000,None,159359000,159359000,21500000,None,None,48000000,None,None,19123000,,1.775,0.0365,,,,-0.074,0.06,19963000,39086000,-0.03,2013-09-30,19.88,0,211700000.0,72786000,12828000,4275000,0,0,None,0,None,6500000,None,None,286900000,None,None,8553000,None,None,None,0.0741,,52970000,19816000,50300000,49800000,None,180600000,None,,,,,3.368,1.461,1.743,,,,,,,,0.0932,,647000000,2025-11-03,quarterly,0.03,USD,post-market,None,0,0.0328,0.0851,0.088,30.7,None,331100000,44200000,0,51.33,48.91,200.0,895200000,111500000,115500000,641100000,783700000,525600000,232145000,254100000,17.14,0,58.4,44.19
2025-12-28,UTL,2.85,502000000.0,17.14,None,0.508,33.35,,None,7100000,7100000,,,,,,,,,257800000,13800000,None,159359000,159359000,21700000,None,None,86700000,None,None,19123000,,1.775,0.0365,,,,-0.074,0.06,19963000,39086000,-0.03,2013-06-30,19.88,0,211700000.0,72786000,12828000,4275000,0,0,None,0,None,6200000,None,None,287000000,None,None,8553000,None,None,None,0.0741,,52970000,19816000,5600000,43800000,None,181300000,None,,,,,3.368,1.461,1.743,,,,,,,,0.0932,,625400000,2025-11-03,quarterly,0.03,USD,post-market,None,0,0.0328,0.0851,0.088,30.7,None,312100000,25100000,0,51.33,48.91,200.0,874200000,105600000,90600000,616200000,768600000,525600000,232145000,258000000,17.14,0,58.4,44.19
2025-12-28,UTL,2.85,502000000.0,17.14,None,0.508,33.35,,None,7500000,7500000,,,,,,,,,262300000,13700000,None,159359000,159359000,25800000,None,None,71100000,None,None,19123000,,1.775,0.0365,,,,-0.074,0.06,19963000,39086000,-0.03,2013-03-31,19.88,0,211700000.0,72786000,12828000,4275000,0,0,None,0,None,5100000,None,None,287200000,None,None,8553000,None,None,None,0.0741,,52970000,19816000,34300000,35400000,None,176300000,None,,,,,3.368,1.461,1.743,,,,,,,,0.0932,,608300000,2025-11-03,quarterly,0.03,USD,post-market,None,0,0.0328,0.0851,0.088,30.7,None,320300000,33100000,0,51.33,48.91,200.0,875900000,118000000,94300000,613400000,757900000,519100000,232145000,262500000,17.14,0,58.4,44.19
2025-12-28,UTL,2.85,502000000.0,17.14,None,0.508,33.35,,None,9800000,9800000,,,,,,,,,260400000,13750000,None,159359000,159359000,32700000,None,None,59200000,None,None,19123000,,1.775,0.0365,,,,-0.074,0.06,19963000,39086000,-0.03,2012-12-31,19.88,0,211700000.0,72786000,12828000,4275000,0,0,None,0,None,14600000,None,None,287300000,None,None,8553000,None,None,None,0.0741,,52970000,19816000,49000000,42100000,None,171300000,None,,,,,3.368,1.461,1.743,,,,,,,,0.0932,,601200000,2025-11-03,quarterly,0.03,USD,post-market,None,30400000,0.0328,0.0851,0.088,30.7,None,337200000,49900000,0,51.33,48.91,200.0,886600000,132600000,125400000,626000000,754000000,500600000,232145000,260600000,17.14,0,58.4,44.19
2025-12-28,UTL,2.85,502000000.0,17.14,None,0.508,33.35,,None,9500000,9500000,,,,,,,,,250900000,13709000,None,159359000,159359000,17100000,None,None,65300000,None,None,19123000,,1.775,0.0365,,,,-0.074,0.06,19963000,39086000,-0.03,2012-09-30,19.88,0,211700000.0,72786000,12828000,4275000,0,0,None,0,None,15900000,None,None,287500000,None,None,8553000,None,None,None,0.0741,,52970000,19816000,4300000,34800000,None,111300000,None,,,,,3.368,1.461,1.743,,,,,,,,0.0932,,535100000,2025-11-03,quarterly,0.03,USD,post-market,None,0,0.0328,0.0851,0.088,30.7,None,312100000,24600000,0,51.33,48.91,200.0,784000000,95000000,77000000,531100000,689000000,454100000,232145000,252900000,17.14,0,58.4,44.19
2025-12-28,UTL,2.85,502000000.0,17.14,None,0.508,33.35,,None,6800000,6800000,,,,,,,,,254700000,12331000,None,159359000,159359000,15900000,None,None,62400000,None,None,19123000,,1.775,0.0365,,,,-0.074,0.06,19963000,39086000,-0.03,2012-06-30,19.88,0,211700000.0,72786000,12828000,4275000,0,0,None,0,None,13200000,None,None,287600000,None,None,8553000,None,None,None,0.0741,,52970000,19816000,6000000,37900000,None,114000000,None,,,,,3.368,1.461,1.743,,,,,,,,0.0932,,520000000,2025-11-03,quarterly,0.03,USD,post-market,None,0,0.0328,0.0851,0.088,30.7,None,293100000,500000,0,51.33,48.91,200.0,768300000,88400000,54400000,511600000,679900000,457200000,232145000,256700000,17.14,0,58.4,44.19
2025-12-28,UTL,2.85,502000000.0,17.14,None,0.508,33.35,,None,8200000,8200000,,,,,,,,,193600000,10921000,None,159359000,159359000,18700000,None,None,85300000,None,None,19123000,,1.775,0.0365,,,,-0.074,0.06,19963000,39086000,-0.03,2012-03-31,19.88,0,211700000.0,72786000,12828000,4275000,0,0,None,0,None,10700000,None,None,287700000,None,None,8553000,None,None,None,0.0741,,52970000,19816000,5000000,22400000,None,115600000,None,,,,,3.368,1.461,1.743,,,,,,,,0.0932,,512200000,2025-11-03,quarterly,0.03,USD,post-market,None,0,0.0328,0.0851,0.088,30.7,None,378400000,90700000,0,51.33,48.91,200.0,783200000,109200000,132200000,587600000,674000000,455400000,232145000,195600000,17.14,0,58.4,44.19
2025-12-28,UTL,2.85,502000000.0,17.14,None,0.508,33.35,,None,7500000,7500000,,,,,,,,,191700000,10921000,None,159359000,159359000,26400000,None,None,100800000,None,None,19123000,,1.775,0.0365,,,,-0.074,0.06,19963000,39086000,-0.03,2011-12-31,19.88,0,211700000.0,72786000,12828000,4275000,0,0,None,0,None,18400000,None,None,287800000,None,None,8553000,None,None,None,0.0741,,52970000,19816000,4500000,38600000,None,118000000,None,,,,,3.368,1.461,1.743,,,,,,,,0.0932,,510700000,2025-11-03,quarterly,0.03,USD,post-market,None,29400000,0.0328,0.0851,0.088,30.7,None,376200000,88400000,0,51.33,48.91,200.0,800200000,131200000,154400000,606500000,669000000,452100000,232145000,193700000,17.14,0,58.4,44.19
2025-12-28,UTL,2.85,502000000.0,17.14,None,0.508,33.35,,None,7900000,7900000,,,,,,,,,181200000,10887000,None,159359000,159359000,16000000,None,None,65600000,None,None,19123000,,1.775,0.0365,,,,-0.074,0.06,19963000,39086000,-0.03,2011-09-30,19.88,0,211700000.0,72786000,12828000,4275000,0,0,None,0,None,19400000,None,None,288000000,None,None,8553000,None,None,None,0.0741,,52970000,19816000,4500000,109700000,None,104000000,None,,,,,3.368,1.461,1.743,,,,,,,,0.0932,,499800000,2025-11-03,quarterly,0.03,USD,post-market,None,0,0.0328,0.0851,0.088,30.7,None,353900000,500000,0,51.33,48.91,200.0,748700000,97400000,126800000,565500000,651300000,438700000,232145000,183200000,17.14,0,58.4,44.19
2025-12-28,UTL,2.85,502000000.0,17.14,None,0.508,33.35,,None,5800000,5800000,,,,,,,,,186300000,10877000,None,159359000,159359000,15800000,None,None,58900000,None,None,19123000,,1.775,0.0365,,,,-0.074,0.06,19963000,39086000,-0.03,2011-06-30,19.88,0,211700000.0,72786000,12828000,4275000,0,0,None,0,None,12200000,None,None,288100000,None,None,8553000,None,None,None,0.0741,,52970000,19816000,5300000,84100000,None,102300000,None,,,,,3.368,1.461,1.743,,,,,,,,0.0932,,484200000,2025-11-03,quarterly,0.03,USD,post-market,None,0,0.0328,0.0851,0.088,30.7,None,339900000,500000,0,51.33,48.91,200.0,727600000,82200000,100800000,539300000,645400000,438500000,232145000,188300000,17.14,0,58.4,44.19
2025-12-28,UTL,2.85,502000000.0,17.14,None,0.508,33.35,,None,6600000,6600000,,,,,,,,,190500000,10861000,None,159359000,159359000,22500000,None,None,79600000,None,None,19123000,,1.775,0.0365,,,,-0.074,0.06,19963000,39086000,-0.03,2011-03-31,19.88,0,211700000.0,72786000,12828000,4275000,0,0,None,0,None,4100000,None,None,288200000,None,None,8553000,None,None,None,0.0741,,52970000,19816000,4400000,80800000,None,103400000,None,,,,,3.368,1.461,1.743,,,,,,,,0.0932,,476000000,2025-11-03,quarterly,0.03,USD,post-market,None,0,0.0328,0.0851,0.088,30.7,None,348400000,500000,0,51.33,48.91,200.0,736700000,94700000,103900000,544200000,642000000,440300000,232145000,192500000,17.14,0,58.4,44.19
2025-12-28,UTL,2.85,502000000.0,17.14,None,0.508,33.35,,None,8900000,8900000,,,,,,,,,160800000,10861000,None,159359000,159359000,26500000,None,None,91100000,None,None,19123000,,1.775,0.0365,,,,-0.074,0.06,19963000,39086000,-0.03,2010-12-31,19.88,0,211700000.0,72786000,12828000,4275000,0,0,None,0,None,13500000,None,None,288300000,None,None,8553000,None,None,None,0.0741,,52970000,19816000,3600000,33100000,None,109600000,None,,,,,3.368,1.461,1.743,,,,,,,,0.0932,,476500000,2025-11-03,quarterly,0.03,USD,post-market,None,28200000,0.0328,0.0851,0.088,30.7,None,355600000,67300000,0,51.33,48.91,200.0,759600000,117100000,126900000,568600000,642500000,441700000,232145000,191000000,17.14,0,58.4,44.19
2025-12-28,UTL,2.85,502000000.0,17.14,None,0.508,33.35,,None,8000000,8000000,,,,,,,,,183500000,10830000,None,159359000,159359000,16000000,None,None,62900000,None,None,19123000,,1.775,0.0365,,,,-0.074,0.06,19963000,39086000,-0.03,2010-09-30,19.88,None,211700000.0,72786000,12828000,4275000,None,None,None,0,None,19200000,None,None,288500000,None,None,8553000,None,None,None,0.0741,,52970000,19816000,3000000,47200000,None,None,None,,,,,3.368,1.461,1.743,,,,,,,,0.0932,,463600000,2025-11-03,quarterly,0.03,USD,post-market,None,None,0.0328,0.0851,0.088,30.7,None,335300000,46800000,None,51.33,48.91,200.0,725000000,93100000,110000000,539500000,631900000,429500000,232145000,185500000,17.14,None,58.4,44.19
2025-12-28,UTL,2.85,502000000.0,17.14,None,0.508,33.35,,None,6300000,6300000,,,,,,,,,187000000,10820000,None,159359000,159359000,16700000,None,None,50400000,None,None,19123000,,1.775,0.0365,,,,-0.074,0.06,19963000,39086000,-0.03,2010-06-30,19.88,None,211700000.0,72786000,12828000,4275000,None,None,None,0,None,14500000,None,None,288600000,None,None,8553000,None,None,None,0.0741,,52970000,19816000,4500000,68300000,None,None,None,,,,,3.368,1.461,1.743,,,,,,,,0.0932,,456600000,2025-11-03,quarterly,0.03,USD,post-market,None,None,0.0328,0.0851,0.088,30.7,None,313600000,400000,None,51.33,48.91,200.0,705600000,75700000,85400000,516600000,629900000,431200000,232145000,189000000,17.14,None,58.4,44.19
2025-12-28,UTL,2.85,502000000.0,17.14,None,0.508,33.35,,None,8800000,8800000,,,,,,,,,192600000,10803000,None,159359000,159359000,17800000,None,None,67700000,None,None,19123000,,1.775,0.0365,,,,-0.074,0.06,19963000,39086000,-0.03,2010-03-31,19.88,None,211700000.0,72786000,12828000,4275000,None,None,None,0,None,9500000,None,None,288700000,None,None,8553000,None,None,None,0.0741,,52970000,19816000,3800000,69500000,None,None,None,,,,,3.368,1.461,1.743,,,,,,,,0.0932,,455100000,2025-11-03,quarterly,0.03,USD,post-market,None,-192600000,0.0328,0.0851,0.088,30.7,None,308400000,400000,None,51.33,48.91,200.0,717900000,89800000,87700000,523300000,628100000,435600000,232145000,194600000,17.14,None,58.4,44.19
2025-12-28,UTL,2.85,502000000.0,17.14,None,0.508,33.35,,None,7700000,7700000,,,,,,,,,159500000,10803000,None,159359000,159359000,25100000,None,None,33500000,None,None,19123000,,1.775,0.0365,,,,-0.074,0.06,19963000,39086000,-0.03,2009-12-31,19.88,None,211700000.0,72786000,12828000,4275000,None,None,None,0,None,16900000,None,None,248900000,None,None,8553000,None,None,None,0.0741,,52970000,19816000,3000000,39700000,None,None,None,,,,,3.368,1.461,1.743,,,,,,,,0.0932,,449700000,2025-11-03,quarterly,0.03,USD,post-market,None,33600000,0.0328,0.0851,0.088,30.7,None,313800000,64900000,None,51.33,48.91,200.0,725200000,106800000,129700000,530100000,618400000,400400000,232145000,195100000,17.14,None,58.4,44.19
2025-12-28,UTL,2.85,502000000.0,17.14,None,0.508,33.35,,None,9000000,9000000,,,,,,,,,191600000,10767000,None,159359000,159359000,18600000,None,None,61200000,None,None,19123000,,1.775,0.0365,,,,-0.074,0.06,19963000,39086000,-0.03,2009-09-30,19.88,None,211700000.0,72786000,12828000,4275000,None,None,None,0,None,16700000,None,None,249000000,None,None,8553000,None,None,None,0.0741,,52970000,19816000,8300000,46400000,None,None,None,,,,,3.368,1.461,1.743,,,,,,,,0.0932,,437900000,2025-11-03,quarterly,0.03,USD,post-market,None,None,0.0328,0.0851,0.088,30.7,None,303400000,54400000,None,51.33,48.91,200.0,711200000,95200000,119400000,517600000,616000000,398200000,232145000,193600000,17.14,None,58.4,44.19
2025-12-28,UTL,2.85,502000000.0,17.14,None,0.508,33.35,,None,10300000,10300000,,,,,,,,,195900000,9014000,None,159359000,159359000,19100000,None,None,30900000,None,None,19123000,,1.775,0.0365,,,,-0.074,0.06,19963000,39086000,-0.03,2009-06-30,19.88,None,211700000.0,72786000,12828000,4275000,None,None,None,0,None,11500000,None,None,249100000,None,None,8553000,None,None,None,0.0741,,52970000,19816000,35100000,81600000,None,None,None,,,,,3.368,1.461,1.743,,,,,,,,0.0932,,426800000,2025-11-03,quarterly,0.03,USD,post-market,None,None,0.0328,0.0851,0.088,30.7,None,280100000,400000,None,51.33,48.91,200.0,694500000,87800000,101100000,496600000,606700000,395500000,232145000,197900000,17.14,None,58.4,44.19
2025-12-28,UTL,2.85,502000000.0,17.14,None,0.508,33.35,,None,14500000,14500000,,,,,,,,,148500000,8018000,None,159359000,159359000,29900000,None,None,51900000,None,None,19123000,,1.775,0.0365,,,,-0.074,0.06,19963000,39086000,-0.03,2009-03-31,19.88,None,211700000.0,72786000,12828000,4275000,None,None,None,0,None,11800000,None,None,249200000,None,None,8553000,None,None,None,0.0741,,52970000,19816000,52900000,145700000,None,None,None,,,,,3.368,1.461,1.743,,,,,,,,0.0932,,428500000,2025-11-03,quarterly,0.03,USD,post-market,None,None,0.0328,0.0851,0.088,30.7,None,337300000,400000,None,51.33,48.91,200.0,726200000,131100000,176000000,575700000,595100000,399700000,232145000,150500000,17.14,None,58.4,44.19
2025-12-28,UTL,2.85,502000000.0,17.14,None,0.508,33.35,,None,11500000,11500000,,,,,,,,,102700000,8018000,None,159359000,159359000,28500000,None,None,39700000,None,None,19123000,,1.775,0.0365,,,,-0.074,0.06,19963000,39086000,-0.03,2008-12-31,19.88,None,211700000.0,72786000,12828000,4275000,None,None,None,0,None,34300000,None,None,249300000,None,None,8553000,None,None,None,0.0741,,52970000,19816000,64800000,83600000,None,None,None,,,,,3.368,1.461,1.743,,,,,,,,0.0932,,422800000,2025-11-03,quarterly,0.03,USD,post-market,None,36800000,0.0328,0.0851,0.088,30.7,None,323800000,74500000,None,51.33,48.91,200.0,735200000,150300000,219700000,593700000,584900000,405100000,232145000,141500000,17.14,None,58.4,44.19
2025-12-28,UTL,2.85,502000000.0,17.14,None,0.508,33.35,,None,5000000,5000000,,,,,,,,,99900000,5748000,None,159359000,159359000,1800000,None,None,23200000,None,None,19123000,,1.775,0.0365,,,,-0.074,0.06,19963000,39086000,-0.03,2008-09-30,19.88,None,211700000.0,72786000,12828000,4275000,None,None,None,0,None,5100000,None,None,159800000,None,None,8553000,None,None,None,0.0741,,52970000,19816000,16200000,48100000,None,None,None,,,,,3.368,1.461,1.743,,,,,,,,0.0932,,256000000,2025-11-03,quarterly,0.03,USD,post-market,None,None,0.0328,0.0851,0.088,30.7,None,181700000,400000,None,51.33,48.91,200.0,467500000,49500000,50300000,365600000,418000000,295700000,232145000,101900000,17.14,None,58.4,44.19
2025-12-28,UTL,2.85,502000000.0,17.14,None,0.508,33.35,,None,4300000,4300000,,,,,,,,,100000000,5741000,None,159359000,159359000,18200000,None,None,22500000,None,None,19123000,,1.775,0.0365,,,,-0.074,0.06,19963000,39086000,-0.03,2008-06-30,19.88,None,211700000.0,72786000,12828000,4275000,None,None,None,0,None,3900000,None,None,159800000,None,None,8553000,None,None,None,0.0741,,52970000,19816000,15800000,8500000,None,None,None,,,,,3.368,1.461,1.743,,,,,,,,0.0932,,251100000,2025-11-03,quarterly,0.03,USD,post-market,None,None,0.0328,0.0851,0.088,30.7,None,173200000,13400000,None,51.33,48.91,200.0,463600000,46500000,40200000,361600000,417100000,301500000,232145000,102000000,17.14,None,58.4,44.19
2025-12-28,UTL,2.85,502000000.0,17.14,None,0.508,33.35,,None,4000000,4000000,,,,,,,,,100000000,5724000,None,159359000,159359000,15600000,None,None,28900000,None,None,19123000,,1.775,0.0365,,,,-0.074,0.06,19963000,39086000,-0.03,2008-03-31,19.88,None,211700000.0,72786000,12828000,4275000,None,None,None,0,None,2500000,None,None,160000000,None,None,8553000,None,None,None,0.0741,,52970000,19816000,15200000,9400000,None,None,None,,,,,3.368,1.461,1.743,,,,,,,,0.0932,,249400000,2025-11-03,quarterly,0.03,USD,post-market,None,None,0.0328,0.0851,0.088,30.7,None,177400000,17400000,None,51.33,48.91,200.0,469300000,50600000,44600000,367200000,418700000,302600000,232145000,102100000,17.14,None,58.4,44.19
2025-12-28,UTL,2.85,502000000.0,17.14,None,0.508,33.35,,None,4600000,4600000,,,,,,,,,1500000,5724000,None,159359000,159359000,17600000,None,None,24900000,None,None,19123000,,1.775,0.0365,,,,-0.074,0.06,19963000,39086000,-0.03,2007-12-31,19.88,None,211700000.0,72786000,12828000,4275000,None,None,None,0,None,4500000,None,None,160100000,None,None,8553000,None,None,None,0.0741,,52970000,19816000,14900000,8900000,None,None,None,,,,,3.368,1.461,1.743,,,,,,,,0.0932,,248900000,2025-11-03,quarterly,0.03,USD,post-market,None,35900000,0.0328,0.0851,0.088,30.7,None,178800000,19200000,None,51.33,48.91,200.0,474600000,48900000,44100000,372100000,425700000,308000000,232145000,102500000,17.14,None,58.4,44.19
2025-12-28,UTL,2.85,502000000.0,17.14,None,0.508,33.35,,None,4200000,4200000,,,,,,,,,97400000,5668000,None,159359000,159359000,15000000,None,None,22800000,None,None,19123000,,1.775,0.0365,,,,-0.074,0.06,19963000,39086000,-0.03,2007-09-30,19.88,None,211700000.0,72786000,12828000,4275000,None,None,None,0,None,4400000,None,None,159800000,None,None,8553000,None,None,None,0.0741,,52970000,19816000,10700000,22900000,None,None,None,,,,,3.368,1.461,1.743,,,,,,,,0.0932,,246600000,2025-11-03,quarterly,0.03,USD,post-market,None,None,0.0328,0.0851,0.088,30.7,None,173200000,400000,None,51.33,48.91,200.0,474500000,42100000,41800000,375100000,432400000,333300000,232145000,99400000,17.14,None,58.4,44.19
2025-12-28,UTL,2.85,502000000.0,17.14,None,0.508,33.35,,None,2200000,2200000,,,,,,,,,96900000,5663000,None,159359000,159359000,15100000,None,None,21700000,None,None,19123000,,1.775,0.0365,,,,-0.074,0.06,19963000,39086000,-0.03,2007-06-30,19.88,None,211700000.0,72786000,12828000,4275000,None,None,None,0,None,3300000,None,None,160000000,None,None,8553000,None,None,None,0.0741,,52970000,19816000,10800000,17700000,None,None,None,,,,,3.368,1.461,1.743,,,,,,,,0.0932,,243800000,2025-11-03,quarterly,0.03,USD,post-market,None,None,0.0328,0.0851,0.088,30.7,None,169800000,300000,None,51.33,48.91,200.0,473800000,38000000,35500000,374900000,435800000,339400000,232145000,98900000,17.14,None,58.4,44.19
2025-12-28,UTL,2.85,502000000.0,17.14,None,0.508,33.35,,None,2800000,2800000,,,,,,,,,96800000,5644000,None,159359000,159359000,17900000,None,None,28400000,None,None,19123000,,1.775,0.0365,,,,-0.074,0.06,19963000,39086000,-0.03,2007-03-31,19.88,None,211700000.0,72786000,12828000,4275000,None,None,None,0,None,2500000,None,None,140000000,None,None,8553000,None,None,None,0.0741,,52970000,19816000,13100000,8600000,None,None,None,,,,,3.368,1.461,1.743,,,,,,,,0.0932,,237700000,2025-11-03,quarterly,0.03,USD,post-market,None,None,0.0328,0.0851,0.088,30.7,None,170000000,30000000,None,51.33,48.91,200.0,483100000,46800000,58600000,384200000,436300000,325600000,232145000,98900000,17.14,None,58.4,44.19
2025-12-28,UTL,2.85,502000000.0,17.14,None,0.508,33.35,,None,4556000,4556000,,,,,,,,,61827000,5644000,None,159359000,159359000,19800000,None,None,22546000,None,None,19123000,,1.775,0.0365,,,,-0.074,0.06,19963000,39086000,-0.03,2006-12-31,19.88,None,211700000.0,72786000,12828000,4275000,None,None,None,0,None,4536000,None,None,140237000,None,None,8553000,None,None,None,0.0741,,52970000,19816000,15059000,6412000,None,None,None,,,,,3.368,1.461,1.743,,,,,,,,0.0932,,231808000,2025-11-03,quarterly,0.03,USD,post-market,None,34287000,0.0328,0.0851,0.088,30.7,None,166806000,26300000,None,51.33,48.91,200.0,483427000,46697000,53470000,383569000,436730000,330100000,232145000,99858000,17.14,None,58.4,44.19
2025-12-28,UTL,2.85,502000000.0,17.14,None,0.508,33.35,,None,3821000,3821000,,,,,,,,,94761000,5619000,None,159359000,159359000,16085000,None,None,22616000,None,None,19123000,,1.775,0.0365,,,,-0.074,0.06,19963000,39086000,-0.03,2006-09-30,19.88,None,211700000.0,72786000,12828000,4275000,None,None,None,0,None,4229000,None,None,140366000,None,None,8553000,None,None,None,0.0741,,52970000,19816000,10792000,9038000,None,None,None,,,,,3.368,1.461,1.743,,,,,,,,0.0932,,227475000,2025-11-03,quarterly,0.03,USD,post-market,None,None,0.0328,0.0851,0.088,30.7,None,158531000,18165000,None,51.33,48.91,200.0,444540000,41458000,44523000,347696000,403082000,303200000,232145000,96844000,17.14,None,58.4,44.19
2025-12-28,UTL,2.85,502000000.0,17.14,None,0.508,33.35,,None,3854000,3854000,,,,,,,,,94582000,5607000,None,159359000,159359000,19705000,None,None,23038000,None,None,19123000,,1.775,0.0365,,,,-0.074,0.06,19963000,39086000,-0.03,2006-06-30,19.88,None,211700000.0,72786000,12828000,4275000,None,None,None,0,None,3490000,None,None,125522000,None,None,8553000,None,None,None,0.0741,,52970000,19816000,10607000,7560000,None,None,None,,,,,3.368,1.461,1.743,,,,,,,,0.0932,,220252000,2025-11-03,quarterly,0.03,USD,post-market,None,None,0.0328,0.0851,0.088,30.7,None,152773000,27251000,None,51.33,48.91,200.0,444434000,40989000,55086000,347769000,403445000,292600000,232145000,96665000,17.14,None,58.4,44.19
2025-12-28,UTL,2.85,502000000.0,17.14,None,0.508,33.35,,None,2213000,2213000,,,,,,,,,94767000,5591000,None,159359000,159359000,14692000,None,None,26424000,None,None,19123000,,1.775,0.0365,,,,-0.074,0.06,19963000,39086000,-0.03,2006-03-31,19.88,None,211700000.0,72786000,12828000,4275000,None,None,None,0,None,2600000,None,None,125549000,None,None,8553000,None,None,None,0.0741,,52970000,19816000,7684000,8189000,None,None,None,,,,,3.368,1.461,1.743,,,,,,,,0.0932,,215291000,2025-11-03,quarterly,0.03,USD,post-market,None,None,0.0328,0.0851,0.088,30.7,None,150839000,25290000,None,51.33,48.91,200.0,443850000,38921000,50015000,346978000,404929000,297000000,232145000,96872000,17.14,None,58.4,44.19
2025-12-28,UTL,2.85,502000000.0,17.14,None,0.508,33.35,,None,3207000,3207000,,,,,,,,,60826000,5590904,None,159359000,159359000,20600000,None,None,23631000,None,None,19123000,,1.775,0.0365,,,,-0.074,0.06,19963000,39086000,-0.03,2005-12-31,19.88,None,211700000.0,72786000,12828000,4275000,None,None,None,0,None,3675000,None,None,125689000,None,None,8553000,None,None,None,0.0741,,52970000,19816000,10868000,1567000,None,None,None,,,,,3.368,1.461,1.743,,,,,,,,0.0932,,213321000,2025-11-03,quarterly,0.03,USD,post-market,None,34147000,0.0328,0.0851,0.088,30.7,None,144958000,19269000,None,51.33,48.91,200.0,450081000,41381000,45980000,351471000,408700000,305500000,232145000,98610000,17.14,None,58.4,44.19
2025-12-28,UTL,2.85,502000000.0,17.14,None,0.508,33.35,,None,3560000,3560000,,,,,,,,,93338000,5577051,None,159359000,159359000,13167000,None,None,19648000,None,None,19123000,,1.775,0.0365,,,,-0.074,0.06,19963000,39086000,-0.03,2005-09-30,19.88,None,211700000.0,72786000,12828000,4275000,None,None,None,0,None,3709000,None,None,110525000,None,None,8553000,None,None,None,0.0741,,52970000,19816000,6481000,8425000,None,None,None,,,,,3.368,1.461,1.743,,,,,,,,0.0932,,209633000,2025-11-03,quarterly,0.03,USD,post-market,None,None,0.0328,0.0851,0.088,30.7,None,138521000,27996000,None,51.33,48.91,200.0,436799000,33398000,51311000,341135000,403401000,289800000,232145000,95664000,17.14,None,58.4,44.19
2025-12-28,UTL,2.85,502000000.0,17.14,None,0.508,33.35,,6700000,6300000,6300000,,,,,,,,,341200000,16109000,None,159359000,159359000,49700000,None,110700000,158800000,None,None,19123000,,1.775,0.0365,,,,-0.074,0.06,19963000,39086000,-0.03,2024-12-31,19.88,None,211700000.0,72786000,12828000,4275000,None,None,None,0,None,15300000,None,None,638400000,None,None,8553000,None,None,None,0.0741,,52970000,19816000,8400000,66500000,None,144500000,None,,,,,3.368,1.461,1.743,,,,,,,,0.0932,,99600000,2025-11-03,annual,0.03,USD,post-market,None,171100000,0.0328,0.0851,0.088,30.7,None,755800000,112500000,None,51.33,48.91,200.0,1794500000,188800000,228700000,1282000000,1605700000,1053300000,232145000,512500000,17.14,None,58.4,44.19
2025-12-28,UTL,2.85,502000000.0,17.14,None,0.508,33.35,,5600000,6500000,6500000,,,,,,,,,337600000,16053000,None,159359000,159359000,47700000,None,166900000,147800000,None,None,19123000,,1.775,0.0365,,,,-0.074,0.06,19963000,39086000,-0.03,2023-12-31,19.88,None,211700000.0,72786000,12828000,4275000,None,None,None,0,None,14500000,None,None,509100000,None,None,8553000,None,None,None,0.0741,,52970000,19816000,8300000,58900000,None,130900000,None,,,,,3.368,1.461,1.743,,,,,,,,0.0932,,70900000,2025-11-03,annual,0.03,USD,post-market,None,151500000,0.0328,0.0851,0.088,30.7,None,681600000,168800000,None,51.33,48.91,200.0,1670400000,177100000,277300000,1181100000,1493300000,903800000,232145000,489300000,17.14,None,58.4,44.19
2025-12-28,UTL,2.85,502000000.0,17.14,None,0.508,33.35,,4300000,9000000,9000000,,,,,,,,,334900000,15996000,None,159359000,159359000,68600000,None,122700000,164600000,None,None,19123000,,1.775,0.0365,,,,-0.074,0.06,19963000,39086000,-0.03,2022-12-31,19.88,None,211700000.0,72786000,12828000,4275000,None,None,None,0,None,13200000,None,None,489100000,None,None,8553000,None,None,None,0.0741,,52970000,19816000,110200000,68800000,None,122700000,None,,,,,3.368,1.461,1.743,,,,,,,,0.0932,,56900000,2025-11-03,annual,0.03,USD,post-market,None,132500000,0.0328,0.0851,0.088,30.7,None,611900000,122700000,None,51.33,48.91,200.0,1590400000,194800000,260100000,1122800000,1395600000,862700000,232145000,467600000,17.14,None,58.4,44.19
2025-12-28,UTL,2.85,502000000.0,17.14,None,0.508,33.35,,None,6500000,6500000,,,,,,,,,332100000,15376000,None,159359000,159359000,52400000,None,72300000,135500000,None,None,19123000,,1.775,0.0365,,,,-0.074,0.06,19963000,39086000,-0.03,2021-12-31,19.88,None,211700000.0,72786000,12828000,4275000,None,None,None,0,None,9600000,None,None,497800000,None,None,8553000,None,None,None,0.0741,,52970000,19816000,8100000,48800000,None,292800000,None,,,,,3.368,1.461,1.743,,,,,,,,0.0932,,1261900000,2025-11-03,annual,0.03,USD,post-market,None,116200000,0.0328,0.0851,0.088,30.7,None,570100000,72300000,None,51.33,48.91,200.0,1540300000,159700000,173500000,1091800000,1380600000,918300000,232145000,448500000,17.14,None,58.4,44.19
2025-12-28,UTL,2.85,502000000.0,17.14,None,0.508,33.35,,None,6000000,6000000,,,,,,,,,285300000,14952000,None,159359000,159359000,33200000,None,63200000,80500000,None,None,19123000,,1.775,0.0365,,,,-0.074,0.06,19963000,39086000,-0.03,2020-12-31,19.88,None,211700000.0,72786000,12828000,4275000,None,None,None,0,None,9100000,None,None,523100000,None,None,8553000,None,None,None,0.0741,,52970000,19816000,43700000,37999999,None,320500000,None,,,,,3.368,1.461,1.743,,,,,,,,0.0932,,1198400000,2025-11-03,annual,0.03,USD,post-market,None,103700000,0.0328,0.0851,0.088,30.7,None,591900000,64900000,None,51.33,48.91,200.0,1520236000,139300000,136100000,1131036000,1380936000,994936000,232145000,389200000,17.14,None,58.4,44.19
2025-12-28,UTL,2.85,502000000.0,17.14,None,0.508,33.35,,None,5200000,5200000,,,,,,,,,282500000,14900000,None,159359000,159359000,37600000,None,78100000,75400000,None,None,19123000,,1.775,0.0365,,,,-0.074,0.06,19963000,39086000,-0.03,2019-12-31,19.88,None,211700000.0,72786000,12828000,4275000,None,None,None,0,None,8700000,None,None,437500000,None,5800000,8553000,None,None,None,0.0741,,52970000,19816000,41600000,42700000,None,293100000,None,,,,,3.368,1.461,1.743,,,,,,,,0.0932,,1115500000,2025-11-03,annual,0.03,USD,post-market,None,94100000,0.0328,0.0851,0.088,30.7,None,520100000,79500000,None,51.33,48.91,200.0,1412038000,130900000,159800000,1035238000,1281138000,875438000,232145000,376800000,17.14,None,58.4,44.19
2025-12-28,UTL,2.85,502000000.0,17.14,None,0.508,33.35,,2700000,7800000,7800000,,,,,,,,,279100000,14829000,None,159359000,159359000,42600000,None,101200000,88300000,None,None,19123000,,1.775,0.0365,,,,-0.074,0.06,19963000,39086000,-0.03,2018-12-31,19.88,None,211700000.0,72786000,12828000,4275000,None,None,None,0,None,7800000,None,None,387400000,None,4800000,8553000,None,None,None,0.0741,,52970000,19816000,48300000,-900000,None,266600000,None,,,,,3.368,1.461,1.743,,,,,,,,0.0932,,1036800000,2025-11-03,annual,0.03,USD,post-market,None,72000000,0.0328,0.0851,0.088,30.7,None,494400000,104300000,None,51.33,48.91,200.0,1298300000,152200000,192500000,947000000,1146100000,754500000,232145000,351300000,17.14,None,58.4,44.19
2025-12-28,UTL,2.85,502000000.0,17.14,None,0.508,33.35,,5700000,8900000,8900000,,,,,,,,,275800000,14100000,None,159359000,159359000,41500000,None,68100000,87000000,None,None,19123000,,1.775,0.0365,,,,-0.074,0.06,19963000,39086000,-0.03,2017-12-31,19.88,0,211700000.0,72786000,12828000,4275000,0,0,None,0,None,7500000,None,None,376300000,None,3600000,8553000,None,None,None,0.0741,,52970000,19816000,47900000,-4200000,None,289200000,None,,,,,3.368,1.461,1.743,,,,,,,,0.0932,,971500000,2025-11-03,annual,0.03,USD,post-market,None,60800000,0.0328,0.0851,0.088,30.7,None,453200000,71200000,0,51.33,48.91,200.0,1241900000,151300000,151000000,905100000,1090600000,754100000,232145000,336800000,17.14,0,58.4,44.19
2025-12-28,UTL,2.85,502000000.0,17.14,None,0.508,33.35,,8300000,5800000,5800000,,,,,,,,,240700000,14000000,None,159359000,159359000,32400000,None,98700000,72800000,None,None,19123000,,1.775,0.0365,,,,-0.074,0.06,19963000,39086000,-0.03,2016-12-31,19.88,0,211700000.0,72786000,12828000,4275000,0,0,None,0,None,600000,None,None,316800000,None,1900000,8553000,None,None,None,0.0741,,52970000,19816000,45600000,300000,None,235200000,None,,,,,3.368,1.461,1.743,,,,,,,,0.0932,,883400000,2025-11-03,annual,0.03,USD,post-market,None,52200000,0.0328,0.0851,0.088,30.7,None,426800000,101700000,0,51.33,48.91,200.0,1128200000,131600000,176900000,835100000,996600000,658200000,232145000,293100000,17.14,0,58.4,44.19
2025-12-28,UTL,2.85,502000000.0,17.14,None,0.508,33.35,,11000000,8700000,8700000,,,,,,,,,237500000,13900000,None,159359000,159359000,33300000,None,17100000,72500000,None,None,19123000,,1.775,0.0365,,,,-0.074,0.06,19963000,39086000,-0.03,2015-12-31,19.88,0,211700000.0,72786000,12828000,4275000,0,0,None,0,None,800000,None,None,308100000,None,700000,8553000,None,None,None,0.0741,,52970000,19816000,38500000,46400000,None,207700000,None,,,,,3.368,1.461,1.743,,,,,,,,0.0932,,808900000,2025-11-03,annual,0.03,USD,post-market,None,45100000,0.0328,0.0851,0.088,30.7,None,381600000,62200000,700000,51.33,48.91,200.0,1046400000,125900000,144600000,763600000,920500000,619000000,232145000,282800000,17.14,0,58.4,44.19
2025-12-28,UTL,2.85,502000000.0,17.14,None,0.508,33.35,,7500000,8400000,8400000,,,,,,,,,234700000,13800000,None,159359000,159359000,44200000,None,4000000,86400000,None,None,19123000,,1.775,0.0365,,,,-0.074,0.06,19963000,39086000,-0.03,2014-12-31,19.88,0,211700000.0,72786000,12828000,4275000,0,0,None,0,None,7400000,None,None,328900000,None,None,8553000,None,None,None,0.0741,,52970000,19816000,49300000,12700000,None,186300000,None,,,,,3.368,1.461,1.743,,,,,,,,0.0932,,733700000,2025-11-03,annual,0.03,USD,post-market,None,38400000,0.0328,0.0851,0.088,30.7,None,369700000,33800000,0,51.33,48.91,200.0,1000200000,145200000,129400000,726900000,855000000,597500000,232145000,273300000,17.14,0,58.4,44.19
2025-12-28,UTL,2.85,502000000.0,17.14,None,0.508,33.35,,None,9400000,9400000,,,,,,,,,232100000,13800000,None,159359000,159359000,38100000,None,None,119600000,None,None,19123000,,1.775,0.0365,,,,-0.074,0.06,19963000,39086000,-0.03,2013-12-31,19.88,0,211700000.0,72786000,12828000,4275000,0,0,None,0,None,6200000,None,None,284800000,None,None,8553000,None,None,None,0.0741,,52970000,19816000,4800000,43900000,None,150200000,None,,,,,3.368,1.461,1.743,,,,,,,,0.0932,,665600000,2025-11-03,annual,0.03,USD,post-market,None,32900000,0.0328,0.0851,0.088,30.7,None,347500000,62700000,0,51.33,48.91,200.0,920600000,140000000,144700000,655400000,780600000,510700000,232145000,265200000,17.14,0,58.4,44.19
2025-12-28,UTL,2.85,502000000.0,17.14,None,0.508,33.35,,None,9800000,9800000,,,,,,,,,260400000,12700000,None,159359000,159359000,32700000,None,None,59200000,None,None,19123000,,1.775,0.0365,,,,-0.074,0.06,19963000,39086000,-0.03,2012-12-31,19.88,0,211700000.0,72786000,12828000,4275000,0,0,None,0,None,14600000,None,None,287300000,None,None,8553000,None,None,None,0.0741,,52970000,19816000,49000000,42100000,None,171300000,None,,,,,3.368,1.461,1.743,,,,,,,,0.0932,,601200000,2025-11-03,annual,0.03,USD,post-market,None,30400000,0.0328,0.0851,0.088,30.7,None,337200000,49900000,0,51.33,48.91,200.0,886600000,132600000,125400000,626000000,754000000,500600000,232145000,260600000,17.14,0,58.4,44.19
2025-12-28,UTL,2.85,502000000.0,17.14,None,0.508,33.35,,None,7500000,7500000,,,,,,,,,191700000,10882971,None,159359000,159359000,26400000,None,None,44200000,None,None,19123000,,1.775,0.0365,,,,-0.074,0.06,19963000,39086000,-0.03,2011-12-31,19.88,0,211700000.0,72786000,12828000,4275000,0,0,None,0,None,18400000,None,None,287800000,None,None,8553000,None,None,None,0.0741,,52970000,19816000,61100000,38600000,None,118000000,None,,,,,3.368,1.461,1.743,,,,,,,,0.0932,,510700000,2025-11-03,annual,0.03,USD,post-market,None,29400000,0.0328,0.0851,0.088,30.7,None,376200000,88400000,0,51.33,48.91,200.0,800200000,131200000,154400000,606500000,669000000,452100000,232145000,193700000,17.14,0,58.4,44.19
2025-12-28,UTL,2.85,502000000.0,17.14,None,0.508,33.35,,None,8900000,8900000,,,,,,,,,160800000,10824000,None,159359000,159359000,26500000,None,None,44400000,None,None,19123000,,1.775,0.0365,,,,-0.074,0.06,19963000,39086000,-0.03,2010-12-31,19.88,0,211700000.0,72786000,12828000,4275000,0,0,None,0,None,13500000,None,None,288300000,None,None,8553000,None,None,None,0.0741,,52970000,19816000,50300000,33100000,None,109600000,None,,,,,3.368,1.461,1.743,,,,,,,,0.0932,,476500000,2025-11-03,annual,0.03,USD,post-market,None,28200000,0.0328,0.0851,0.088,30.7,None,355600000,67300000,0,51.33,48.91,200.0,759600000,117100000,126900000,568600000,642500000,441700000,232145000,191000000,17.14,0,58.4,44.19
2025-12-28,UTL,2.85,502000000.0,17.14,None,0.508,33.35,,None,7700000,7700000,,,,,,,,,159500000,9647000,None,159359000,159359000,25100000,None,None,33500000,None,None,19123000,,1.775,0.0365,,,,-0.074,0.06,19963000,39086000,-0.03,2009-12-31,19.88,None,211700000.0,72786000,12828000,4275000,None,None,None,0,None,16900000,None,None,248900000,None,None,8553000,None,None,None,0.0741,,52970000,19816000,3000000,40100000,None,None,None,,,,,3.368,1.461,1.743,,,,,,,,0.0932,,449700000,2025-11-03,annual,0.03,USD,post-market,None,33600000,0.0328,0.0851,0.088,30.7,None,313400000,64500000,None,51.33,48.91,200.0,725200000,106800000,129700000,530100000,618400000,400400000,232145000,195100000,17.14,None,58.4,44.19
2025-12-28,UTL,2.85,502000000.0,17.14,None,0.508,33.35,,None,11500000,11500000,,,,,,,,,102700000,5830000,None,159359000,159359000,28500000,None,None,39700000,None,None,19123000,,1.775,0.0365,,,,-0.074,0.06,19963000,39086000,-0.03,2008-12-31,19.88,None,211700000.0,72786000,12828000,4275000,None,None,None,0,None,34300000,None,None,249300000,None,None,8553000,None,None,None,0.0741,,52970000,19816000,64800000,85600000,None,None,None,,,,,3.368,1.461,1.743,,,,,,,,0.0932,,422800000,2025-11-03,annual,0.03,USD,post-market,None,36800000,0.0328,0.0851,0.088,30.7,None,323800000,74500000,None,51.33,48.91,200.0,735200000,150300000,219700000,593700000,584900000,405100000,232145000,141500000,17.14,None,58.4,44.19
2025-12-28,UTL,2.85,502000000.0,17.14,None,0.508,33.35,,None,4600000,4600000,,,,,,,,,1500000,5672000,None,159359000,159359000,17600000,None,None,25600000,None,None,19123000,,1.775,0.0365,,,,-0.074,0.06,19963000,39086000,-0.03,2007-12-31,19.88,None,211700000.0,72786000,12828000,4275000,None,None,None,0,None,4500000,None,None,160100000,None,None,8553000,None,None,None,0.0741,,52970000,19816000,14200000,8900000,None,None,None,,,,,3.368,1.461,1.743,,,,,,,,0.0932,,248900000,2025-11-03,annual,0.03,USD,post-market,None,35900000,0.0328,0.0851,0.088,30.7,None,178800000,19200000,None,51.33,48.91,200.0,474600000,48900000,44100000,372100000,425700000,328000000,232145000,102500000,17.14,None,58.4,44.19
2025-12-28,UTL,2.85,502000000.0,17.14,None,0.508,33.35,,None,4556000,4556000,,,,,,,,,61827000,5602837,None,159359000,159359000,19800000,None,None,22546000,None,None,19123000,,1.775,0.0365,,,,-0.074,0.06,19963000,39086000,-0.03,2006-12-31,19.88,None,211700000.0,72786000,12828000,4275000,None,None,None,0,None,4536000,None,None,140237000,None,None,8553000,None,None,None,0.0741,,52970000,19816000,15059000,25412000,None,None,None,,,,,3.368,1.461,1.743,,,,,,,,0.0932,,231808000,2025-11-03,annual,0.03,USD,post-market,None,34287000,0.0328,0.0851,0.088,30.7,None,166806000,7300000,None,51.33,48.91,200.0,483427000,46697000,53470000,383569000,436730000,330100000,232145000,99858000,17.14,None,58.4,44.19
2025-12-28,UTL,2.85,502000000.0,17.14,None,0.508,33.35,,None,3207000,3207000,,,,,,,,,60826000,5560927,None,159359000,159359000,20600000,None,None,23982000,None,None,19123000,,1.775,0.0365,,,,-0.074,0.06,19963000,39086000,-0.03,2005-12-31,19.88,None,211700000.0,72786000,12828000,4275000,None,None,None,0,None,3675000,None,None,125689000,None,None,8553000,None,None,None,0.0741,,52970000,19816000,10517000,1567000,None,None,None,,,,,3.368,1.461,1.743,,,,,,,,0.0932,,213321000,2025-11-03,annual,0.03,USD,post-market,None,34147000,0.0328,0.0851,0.088,30.7,None,144958000,19269000,None,51.33,48.91,200.0,450081000,41381000,45980000,351471000,408700000,305500000,232145000,98610000,17.14,None,58.4,44.19
2025-12-28,UTL,2.85,502000000.0,17.14,None,0.508,33.35,54600000,None,3207000,3207000,45100000,-54600000,None,None,None,None,None,None,60826000,5560927,None,159359000,159359000,20600000,None,None,23982000,None,None,19123000,22200000,1.775,0.0365,7400000,7400000,None,-0.074,0.06,19963000,39086000,-0.03,2025-09-30,19.88,None,211700000.0,72786000,12828000,4275000,None,None,None,0,None,3675000,None,None,125689000,None,None,-300000,None,None,None,0.0741,15600000,52970000,19816000,10517000,1567000,None,None,None,None,None,None,None,3.368,1.461,1.743,None,None,None,None,None,73400000,None,0.0932,None,213321000,2025-11-03,quarterly,0.03,USD,post-market,None,34147000,0.0328,0.0851,0.088,30.7,None,144958000,19269000,None,51.33,48.91,200.0,450081000,41381000,45980000,351471000,408700000,305500000,232145000,98610000,17.14,None,58.4,44.19
2025-12-28,UTL,2.85,502000000.0,17.14,None,0.508,33.35,40200000,None,3207000,3207000,-3500000,-40400000,None,None,None,None,None,None,60826000,5560927,None,159359000,159359000,20600000,None,None,23982000,None,None,19123000,21800000,1.775,0.0365,7300000,7300000,None,-0.074,0.06,19963000,39086000,-0.03,2025-06-30,19.88,None,211700000.0,72786000,12828000,4275000,None,None,None,0,None,3675000,None,None,125689000,None,None,4000000,None,None,None,0.0741,42200000,52970000,19816000,10517000,1567000,None,None,None,None,None,None,None,3.368,1.461,1.743,None,None,None,None,None,2000000,None,0.0932,None,213321000,2025-11-03,quarterly,0.03,USD,post-market,None,34147000,0.0328,0.0851,0.088,30.7,None,144958000,19269000,None,51.33,48.91,200.0,450081000,41381000,45980000,351471000,408700000,305500000,232145000,98610000,17.14,None,58.4,44.19
2025-12-28,UTL,2.85,502000000.0,17.14,None,0.508,33.35,32600000,None,3207000,3207000,55600000,-103800000,None,None,None,None,None,None,60826000,5560927,None,159359000,159359000,20600000,None,None,23982000,None,None,19123000,21700000,1.775,0.0365,7300000,7300000,None,-0.074,0.06,19963000,39086000,-0.03,2025-03-31,19.88,None,211700000.0,72786000,12828000,4275000,None,None,None,0,None,3675000,None,None,125689000,None,None,27500000,None,None,None,0.0741,52100000,52970000,19816000,10517000,1567000,None,None,None,None,None,None,None,3.368,1.461,1.743,None,None,None,None,None,300000,None,0.0932,None,213321000,2025-11-03,quarterly,0.03,USD,post-market,None,34147000,0.0328,0.0851,0.088,30.7,None,144958000,19269000,None,51.33,48.91,200.0,450081000,41381000,45980000,351471000,408700000,305500000,232145000,98610000,17.14,None,58.4,44.19
2025-12-28,UTL,2.85,502000000.0,17.14,None,0.508,33.35,55600000,None,3207000,3207000,32300000,-55600000,None,None,None,None,None,None,60826000,5560927,None,159359000,159359000,20600000,None,None,23982000,None,None,19123000,20900000,1.775,0.0365,6900000,6900000,None,-0.074,0.06,19963000,39086000,-0.03,2024-12-31,19.88,None,211700000.0,72786000,12828000,4275000,None,None,None,0,None,3675000,None,None,125689000,None,None,15600000,None,None,None,0.0741,23300000,52970000,19816000,10517000,1567000,None,None,None,None,None,None,None,3.368,1.461,1.743,None,None,None,None,None,1100000,None,0.0932,None,213321000,2025-11-03,quarterly,0.03,USD,post-market,None,34147000,0.0328,0.0851,0.088,30.7,None,144958000,19269000,None,51.33,48.91,200.0,450081000,41381000,45980000,351471000,408700000,305500000,232145000,98610000,17.14,None,58.4,44.19
2025-12-28,UTL,2.85,502000000.0,17.14,None,0.508,33.35,57400000,None,3207000,3207000,34800000,-57400000,None,None,None,None,None,None,60826000,5560927,None,159359000,159359000,20600000,None,None,23982000,None,None,19123000,19100000,1.775,0.0365,6900000,6900000,None,-0.074,0.06,19963000,39086000,-0.03,2024-09-30,19.88,None,211700000.0,72786000,12828000,4275000,None,None,None,0,None,3675000,None,None,125689000,None,None,31500000,None,None,None,0.0741,26100000,52970000,19816000,10517000,1567000,None,None,None,None,None,None,None,3.368,1.461,1.743,None,None,None,None,None,700000,None,0.0932,None,213321000,2025-11-03,quarterly,0.03,USD,post-market,None,34147000,0.0328,0.0851,0.088,30.7,None,144958000,19269000,None,51.33,48.91,200.0,450081000,41381000,45980000,351471000,408700000,305500000,232145000,98610000,17.14,None,58.4,44.19
2025-12-28,UTL,2.85,502000000.0,17.14,None,0.508,33.35,36700000,None,3207000,3207000,-16700000,-36700000,None,None,None,None,None,None,60826000,5560927,None,159359000,159359000,20600000,None,None,23982000,None,None,19123000,18100000,1.775,0.0365,6900000,6900000,None,-0.074,0.06,19963000,39086000,-0.03,2024-06-30,19.88,None,211700000.0,72786000,12828000,4275000,None,None,None,0,None,3675000,None,None,125689000,None,None,4300000,None,None,None,0.0741,49900000,52970000,19816000,10517000,1567000,None,None,None,None,None,None,None,3.368,1.461,1.743,None,None,None,None,None,None,None,0.0932,None,213321000,2025-11-03,quarterly,0.03,USD,post-market,None,34147000,0.0328,0.0851,0.088,30.7,None,144958000,19269000,None,51.33,48.91,200.0,450081000,41381000,45980000,351471000,408700000,305500000,232145000,98610000,17.14,None,58.4,44.19
2025-12-28,UTL,2.85,502000000.0,17.14,None,0.508,33.35,20200000,None,3207000,3207000,-6600000,-20200000,None,None,None,None,None,None,60826000,5560927,None,159359000,159359000,20600000,None,None,23982000,None,None,19123000,18000000,1.775,0.0365,6800000,6800000,None,-0.074,0.06,19963000,39086000,-0.03,2024-03-31,19.88,None,211700000.0,72786000,12828000,4275000,None,None,None,0,None,3675000,None,None,125689000,None,None,27200000,None,None,None,0.0741,26600000,52970000,19816000,10517000,1567000,None,None,None,None,None,None,None,3.368,1.461,1.743,None,None,None,None,None,None,None,0.0932,None,213321000,2025-11-03,quarterly,0.03,USD,post-market,None,34147000,0.0328,0.0851,0.088,30.7,None,144958000,19269000,None,51.33,48.91,200.0,450081000,41381000,45980000,351471000,408700000,305500000,232145000,98610000,17.14,None,58.4,44.19
2025-12-28,UTL,2.85,502000000.0,17.14,None,0.508,33.35,47600000,None,3207000,3207000,19800000,-47600000,None,None,-4900000,None,None,None,60826000,5560927,None,159359000,159359000,20600000,None,None,23982000,None,None,19123000,17300000,1.775,0.0365,6600000,6600000,None,-0.074,0.06,19963000,39086000,-0.03,2023-12-31,19.88,None,211700000.0,72786000,12828000,4275000,None,None,None,0,None,3675000,None,None,125689000,None,None,15500000,None,None,None,0.0741,28300000,52970000,19816000,10517000,1567000,None,None,None,None,None,None,None,3.368,1.461,1.743,None,None,None,None,None,-14400000,None,0.0932,None,213321000,2025-11-03,quarterly,0.03,USD,post-market,None,34147000,0.0328,0.0851,0.088,30.7,None,144958000,19269000,None,51.33,48.91,200.0,450081000,41381000,45980000,351471000,408700000,305500000,232145000,98610000,17.14,None,58.4,44.19
2025-12-28,UTL,2.85,502000000.0,17.14,None,0.508,33.35,35800000,None,3207000,3207000,18700000,-93400000,None,None,-3000000,None,None,None,60826000,5560927,None,159359000,159359000,20600000,None,None,23982000,None,None,19123000,16800000,1.775,0.0365,6500000,6500000,None,-0.074,0.06,19963000,39086000,-0.03,2023-09-30,19.88,None,211700000.0,72786000,12828000,4275000,None,None,None,0,None,3675000,None,None,125689000,None,None,1400000,None,None,None,0.0741,16300000,52970000,19816000,10517000,1567000,None,None,None,None,None,None,None,3.368,1.461,1.743,None,None,None,None,None,22900000,None,0.0932,None,213321000,2025-11-03,quarterly,0.03,USD,post-market,None,34147000,0.0328,0.0851,0.088,30.7,None,144958000,19269000,None,51.33,48.91,200.0,450081000,41381000,45980000,351471000,408700000,305500000,232145000,98610000,17.14,None,58.4,44.19
2025-12-28,UTL,2.85,502000000.0,17.14,None,0.508,33.35,35400000,None,3207000,3207000,-11700000,-57600000,None,None,7900000,None,None,None,60826000,5560927,None,159359000,159359000,20600000,None,None,23982000,None,None,19123000,16600000,1.775,0.0365,6600000,6600000,None,-0.074,0.06,19963000,39086000,-0.03,2023-06-30,19.88,None,211700000.0,72786000,12828000,4275000,None,None,None,0,None,3675000,None,None,125689000,None,None,4200000,None,None,None,0.0741,47100000,52970000,19816000,10517000,1567000,None,None,None,None,None,None,None,3.368,1.461,1.743,None,None,None,None,None,-8500000,None,0.0932,None,213321000,2025-11-03,quarterly,0.03,USD,post-market,None,34147000,0.0328,0.0851,0.088,30.7,None,144958000,19269000,None,51.33,48.91,200.0,450081000,41381000,45980000,351471000,408700000,305500000,232145000,98610000,17.14,None,58.4,44.19
2025-12-28,UTL,2.85,502000000.0,17.14,None,0.508,33.35,22200000,None,3207000,3207000,4700000,-22200000,-2200000,None,600000,None,None,-18400000,60826000,5560927,None,159359000,159359000,20600000,None,None,23982000,None,None,19123000,16700000,1.775,0.0365,6500000,6500000,None,-0.074,0.06,19963000,39086000,-0.03,2023-03-31,19.88,None,211700000.0,72786000,12828000,4275000,None,None,None,0,None,3675000,None,None,125689000,None,None,24100000,None,None,None,0.0741,15300000,52970000,19816000,10517000,1567000,None,None,None,None,None,None,None,3.368,1.461,1.743,None,None,None,None,None,300000,None,0.0932,None,213321000,2025-11-03,quarterly,0.03,USD,post-market,None,34147000,0.0328,0.0851,0.088,30.7,None,144958000,19269000,None,51.33,48.91,200.0,450081000,41381000,45980000,351471000,408700000,305500000,232145000,98610000,17.14,None,58.4,44.19
2025-12-28,UTL,2.85,502000000.0,17.14,None,0.508,33.35,39600000,None,3207000,3207000,25700000,-122100000,1100000,None,600000,None,None,-22100000,60826000,5560927,None,159359000,159359000,20600000,None,None,23982000,None,None,19123000,15700000,1.775,0.0365,6200000,6200000,None,-0.074,0.06,19963000,39086000,-0.03,2022-12-31,19.88,None,211700000.0,72786000,12828000,4275000,None,None,None,0,None,3675000,None,None,125689000,None,None,14500000,None,None,None,0.0741,15000000,52970000,19816000,10517000,1567000,None,None,None,None,None,None,None,3.368,1.461,1.743,None,None,None,None,None,1000000,None,0.0932,None,213321000,2025-11-03,quarterly,0.03,USD,post-market,None,34147000,0.0328,0.0851,0.088,30.7,None,144958000,19269000,None,51.33,48.91,200.0,450081000,41381000,45980000,351471000,408700000,305500000,232145000,98610000,17.14,None,58.4,44.19
2025-12-28,UTL,2.85,502000000.0,17.14,None,0.508,33.35,37200000,None,3207000,3207000,28300000,-37200000,2800000,None,None,None,None,2600000,60826000,5560927,None,159359000,159359000,20600000,None,None,23982000,None,None,19123000,16600000,1.775,0.0365,6300000,6300000,None,-0.074,0.06,19963000,39086000,-0.03,2022-09-30,19.88,None,211700000.0,72786000,12828000,4275000,None,None,None,0,None,3675000,None,None,125689000,None,None,500000,None,None,None,0.0741,11700000,52970000,19816000,10517000,1567000,None,None,None,None,None,None,None,3.368,1.461,1.743,None,None,None,None,None,800000,None,0.0932,None,213321000,2025-11-03,quarterly,0.03,USD,post-market,None,34147000,0.0328,0.0851,0.088,30.7,None,144958000,19269000,None,51.33,48.91,200.0,450081000,41381000,45980000,351471000,408700000,305500000,232145000,98610000,17.14,None,58.4,44.19
2025-12-28,UTL,2.85,502000000.0,17.14,None,0.508,33.35,29900000,None,3207000,3207000,-13400000,-29900000,-1400000,None,600000,None,None,27600000,60826000,5560927,None,159359000,159359000,20600000,None,None,23982000,None,None,19123000,14800000,1.775,0.0365,6300000,6300000,None,-0.074,0.06,19963000,39086000,-0.03,2022-06-30,19.88,None,211700000.0,72786000,12828000,4275000,None,None,None,0,None,3675000,None,None,125689000,None,None,4900000,None,None,None,0.0741,41900000,52970000,19816000,10517000,1567000,None,None,None,None,None,None,None,3.368,1.461,1.743,None,None,None,None,None,200000,None,0.0932,None,213321000,2025-11-03,quarterly,0.03,USD,post-market,None,34147000,0.0328,0.0851,0.088,30.7,None,144958000,19269000,None,51.33,48.91,200.0,450081000,41381000,45980000,351471000,408700000,305500000,232145000,98610000,17.14,None,58.4,44.19
2025-12-28,UTL,2.85,502000000.0,17.14,None,0.508,33.35,15400000,None,3207000,3207000,-13700000,-15400000,None,None,None,None,None,-15000000,60826000,5560927,None,159359000,159359000,20600000,None,None,23982000,None,None,19123000,15500000,1.775,0.0365,6300000,6300000,None,-0.074,0.06,19963000,39086000,-0.03,2022-03-31,19.88,None,211700000.0,72786000,12828000,4275000,None,None,None,0,None,3675000,None,None,125689000,None,None,21500000,None,None,None,0.0741,29100000,52970000,19816000,10517000,1567000,None,None,None,None,None,None,None,3.368,1.461,1.743,None,None,None,None,None,300000,None,0.0932,None,213321000,2025-11-03,quarterly,0.03,USD,post-market,None,34147000,0.0328,0.0851,0.088,30.7,None,144958000,19269000,None,51.33,48.91,200.0,450081000,41381000,45980000,351471000,408700000,305500000,232145000,98610000,17.14,None,58.4,44.19
2025-12-28,UTL,2.85,502000000.0,17.14,None,0.508,33.35,33500000,None,3207000,3207000,19300000,-33500000,-2300000,None,-23100000,None,None,-20600000,60826000,5560927,None,159359000,159359000,20600000,None,None,23982000,None,None,19123000,15000000,1.775,0.0365,6100000,6100000,None,-0.074,0.06,19963000,39086000,-0.03,2021-12-31,19.88,None,211700000.0,72786000,12828000,4275000,None,None,None,0,None,3675000,None,None,125689000,None,None,14500000,None,None,None,0.0741,11900000,52970000,19816000,10517000,1567000,None,None,None,None,None,None,None,3.368,1.461,1.743,None,None,None,None,None,9400000,None,0.0932,None,213321000,2025-11-03,quarterly,0.03,USD,post-market,None,34147000,0.0328,0.0851,0.088,30.7,None,144958000,19269000,None,51.33,48.91,200.0,450081000,41381000,45980000,351471000,408700000,305500000,232145000,98610000,17.14,None,58.4,44.19
2025-12-28,UTL,2.85,502000000.0,17.14,None,0.508,33.35,39000000,None,3207000,3207000,31300000,-39000000,3800000,None,-13300000,None,None,4000000,60826000,5560927,None,159359000,159359000,20600000,None,None,23982000,None,None,19123000,14800000,1.775,0.0365,6000000,6000000,None,-0.074,0.06,19963000,39086000,-0.03,2021-09-30,19.88,None,211700000.0,72786000,12828000,4275000,None,None,None,0,None,3675000,None,None,125689000,None,None,-600000,None,None,None,0.0741,11500000,52970000,19816000,10517000,1567000,None,None,None,None,None,None,None,3.368,1.461,1.743,None,None,None,None,None,24900000,None,0.0932,None,213321000,2025-11-03,quarterly,0.03,USD,post-market,None,34147000,0.0328,0.0851,0.088,30.7,None,144958000,19269000,None,51.33,48.91,200.0,450081000,41381000,45980000,351471000,408700000,305500000,232145000,98610000,17.14,None,58.4,44.19
2025-12-28,UTL,2.85,502000000.0,17.14,None,0.508,33.35,28400000,None,3207000,3207000,-9400000,-28400000,-1100000,None,-1500000,None,None,22900000,60826000,5560927,None,159359000,159359000,20600000,None,None,23982000,None,None,19123000,14800000,1.775,0.0365,5700000,5700000,None,-0.074,0.06,19963000,39086000,-0.03,2021-06-30,19.88,None,211700000.0,72786000,12828000,4275000,None,None,None,0,None,3675000,None,None,125689000,None,None,2700000,None,None,None,0.0741,36700000,52970000,19816000,10517000,1567000,None,None,None,None,None,None,None,3.368,1.461,1.743,None,None,None,None,None,-7600000,None,0.0932,None,213321000,2025-11-03,quarterly,0.03,USD,post-market,None,34147000,0.0328,0.0851,0.088,30.7,None,144958000,19269000,None,51.33,48.91,200.0,450081000,41381000,45980000,351471000,408700000,305500000,232145000,98610000,17.14,None,58.4,44.19
2025-12-28,UTL,2.85,502000000.0,17.14,None,0.508,33.35,14100000,None,3207000,3207000,-33500000,-14100000,100000,None,29100000,None,None,-11200000,60826000,5560927,None,159359000,159359000,20600000,None,None,23982000,None,None,19123000,14900000,1.775,0.0365,5800000,5800000,None,-0.074,0.06,19963000,39086000,-0.03,2021-03-31,19.88,None,211700000.0,72786000,12828000,4275000,None,None,None,0,None,3675000,None,None,125689000,None,None,18900000,None,None,None,0.0741,47700000,52970000,19816000,10517000,1567000,None,None,None,None,None,None,None,3.368,1.461,1.743,None,None,None,None,None,-17300000,None,0.0932,None,213321000,2025-11-03,quarterly,0.03,USD,post-market,None,34147000,0.0328,0.0851,0.088,30.7,None,144958000,19269000,None,51.33,48.91,200.0,450081000,41381000,45980000,351471000,408700000,305500000,232145000,98610000,17.14,None,58.4,44.19
2025-12-28,UTL,2.85,502000000.0,17.14,None,0.508,33.35,29000000,None,3207000,3207000,26000000,-29000000,-2200000,None,-15300000,None,None,-13400000,60826000,5560927,None,159359000,159359000,20600000,None,None,23982000,None,None,19123000,13800000,1.775,0.0365,5700000,5700000,None,-0.074,0.06,19963000,39086000,-0.03,2020-12-31,19.88,None,211700000.0,72786000,12828000,4275000,None,None,None,0,None,3675000,None,None,125689000,None,None,13600000,None,None,None,0.0741,800000,52970000,19816000,10517000,1567000,None,None,None,None,None,None,None,3.368,1.461,1.743,None,None,None,None,None,64600000,None,0.0932,None,213321000,2025-11-03,quarterly,0.03,USD,post-market,None,34147000,0.0328,0.0851,0.088,30.7,None,144958000,19269000,None,51.33,48.91,200.0,450081000,41381000,45980000,351471000,408700000,305500000,232145000,98610000,17.14,None,58.4,44.19
2025-12-28,UTL,2.85,502000000.0,17.14,None,0.508,33.35,44800000,None,3207000,3207000,32200000,-44800000,4000000,None,-8500000,None,None,-300000,60826000,5560927,None,159359000,159359000,20600000,None,None,23982000,None,None,19123000,13700000,1.775,0.0365,5600000,5600000,None,-0.074,0.06,19963000,39086000,-0.03,2020-09-30,19.88,None,211700000.0,72786000,12828000,4275000,None,None,None,0,None,3675000,None,None,125689000,None,None,300000,None,None,None,0.0741,16600000,52970000,19816000,10517000,1567000,None,None,None,None,None,None,None,3.368,1.461,1.743,None,None,None,None,None,300000,None,0.0932,None,213321000,2025-11-03,quarterly,0.03,USD,post-market,None,34147000,0.0328,0.0851,0.088,30.7,None,144958000,19269000,None,51.33,48.91,200.0,450081000,41381000,45980000,351471000,408700000,305500000,232145000,98610000,17.14,None,58.4,44.19
2025-12-28,UTL,2.85,502000000.0,17.14,None,0.508,33.35,32000000,None,3207000,3207000,-400000,-32000000,-2000000,None,3800000,None,None,14300000,60826000,5560927,None,159359000,159359000,20600000,None,None,23982000,None,None,19123000,13500000,1.775,0.0365,5700000,5700000,None,-0.074,0.06,19963000,39086000,-0.03,2020-06-30,19.88,None,211700000.0,72786000,12828000,4275000,None,None,None,0,None,3675000,None,None,125689000,None,None,3100000,None,None,None,0.0741,30400000,52970000,19816000,10517000,1567000,None,None,None,None,None,None,None,3.368,1.461,1.743,None,None,None,None,None,200000,None,0.0932,None,213321000,2025-11-03,quarterly,0.03,USD,post-market,None,34147000,0.0328,0.0851,0.088,30.7,None,144958000,19269000,None,51.33,48.91,200.0,450081000,41381000,45980000,351471000,408700000,305500000,232145000,98610000,17.14,None,58.4,44.19
2025-12-28,UTL,2.85,502000000.0,17.14,None,0.508,33.35,16800000,None,3207000,3207000,-10100000,-16800000,1000000,None,18400000,None,None,-7500000,60826000,5560927,None,159359000,159359000,20600000,None,None,23982000,None,None,19123000,13500000,1.775,0.0365,5600000,5600000,None,-0.074,0.06,19963000,39086000,-0.03,2020-03-31,19.88,None,211700000.0,72786000,12828000,4275000,None,None,None,0,None,3675000,None,None,125689000,None,None,15200000,None,None,None,0.0741,27900000,52970000,19816000,10517000,1567000,None,None,None,None,None,None,None,3.368,1.461,1.743,None,None,None,None,None,13200000,None,0.0932,None,213321000,2025-11-03,quarterly,0.03,USD,post-market,None,34147000,0.0328,0.0851,0.088,30.7,None,144958000,19269000,None,51.33,48.91,200.0,450081000,41381000,45980000,351471000,408700000,305500000,232145000,98610000,17.14,None,58.4,44.19
2025-12-28,UTL,2.85,502000000.0,17.14,None,0.508,33.35,42500000,None,3207000,3207000,27700000,-42500000,-2100000,None,-19200000,None,None,-15700000,60826000,5560927,None,159359000,159359000,20600000,None,None,23982000,None,None,19123000,13000000,1.775,0.0365,5400000,5400000,None,-0.074,0.06,19963000,39086000,-0.03,2019-12-31,19.88,None,211700000.0,72786000,12828000,4275000,None,None,None,0,None,3675000,None,None,125689000,None,None,11400000,None,None,None,0.0741,12700000,52970000,19816000,10517000,1567000,None,None,None,None,None,None,None,3.368,1.461,1.743,None,None,None,None,None,33900000,None,0.0932,None,213321000,2025-11-03,quarterly,0.03,USD,post-market,None,34147000,0.0328,0.0851,0.088,30.7,None,144958000,19269000,None,51.33,48.91,200.0,450081000,41381000,45980000,351471000,408700000,305500000,232145000,98610000,17.14,None,58.4,44.19
2025-12-28,UTL,2.85,502000000.0,17.14,None,0.508,33.35,38000000,None,3207000,3207000,20400000,-38000000,2500000,None,-10600000,None,None,6500000,60826000,5560927,None,159359000,159359000,20600000,None,None,23982000,None,None,19123000,12800000,1.775,0.0365,5700000,5700000,None,-0.074,0.06,19963000,39086000,-0.03,2019-09-30,19.88,None,211700000.0,72786000,12828000,4275000,None,None,None,0,None,3675000,None,None,125689000,None,None,2300000,None,None,None,0.0741,20100000,52970000,19816000,10517000,1567000,None,None,None,None,None,None,None,3.368,1.461,1.743,None,None,None,None,None,6200000,None,0.0932,None,213321000,2025-11-03,quarterly,0.03,USD,post-market,None,34147000,0.0328,0.0851,0.088,30.7,None,144958000,19269000,None,51.33,48.91,200.0,450081000,41381000,45980000,351471000,408700000,305500000,232145000,98610000,17.14,None,58.4,44.19
2025-12-28,UTL,2.85,502000000.0,17.14,None,0.508,33.35,27800000,None,3207000,3207000,-6000000,-27800000,500000,None,6700000,None,None,20300000,60826000,5560927,None,159359000,159359000,20600000,None,None,23982000,None,None,19123000,12400000,1.775,0.0365,5500000,5500000,None,-0.074,0.06,19963000,39086000,-0.03,2019-06-30,19.88,None,211700000.0,72786000,12828000,4275000,None,None,None,0,None,3675000,None,None,125689000,None,None,4000000,None,None,None,0.0741,34300000,52970000,19816000,10517000,1567000,None,None,None,None,None,None,None,3.368,1.461,1.743,None,None,None,None,None,17900000,None,0.0932,None,213321000,2025-11-03,quarterly,0.03,USD,post-market,None,34147000,0.0328,0.0851,0.088,30.7,None,144958000,19269000,None,51.33,48.91,200.0,450081000,41381000,45980000,351471000,408700000,305500000,232145000,98610000,17.14,None,58.4,44.19
2025-12-28,UTL,2.85,502000000.0,17.14,None,0.508,33.35,10900000,None,3207000,3207000,-43800000,2500000,-3500000,None,25700000,None,None,600000,60826000,5560927,None,159359000,159359000,20600000,None,None,23982000,None,None,19123000,13800000,1.775,0.0365,5500000,5500000,None,-0.074,0.06,19963000,39086000,-0.03,2019-03-31,19.88,None,211700000.0,72786000,12828000,4275000,None,None,None,0,None,3675000,None,None,125689000,None,None,26500000,None,None,None,0.0741,37800000,52970000,19816000,10517000,1567000,None,None,None,None,None,None,None,3.368,1.461,1.743,None,None,None,None,None,-17900000,None,0.0932,None,213321000,2025-11-03,quarterly,0.03,USD,post-market,None,34147000,0.0328,0.0851,0.088,30.7,None,144958000,19269000,None,51.33,48.91,200.0,450081000,41381000,45980000,351471000,408700000,305500000,232145000,98610000,17.14,None,58.4,44.19
2025-12-28,UTL,2.85,502000000.0,17.14,None,0.508,33.35,26100000,None,3207000,3207000,19100000,-26100000,1500000,None,-17400000,None,None,-29800000,60826000,5560927,None,159359000,159359000,20600000,None,None,23982000,None,None,19123000,13000000,1.775,0.0365,5500000,5500000,None,-0.074,0.06,19963000,39086000,-0.03,2018-12-31,19.88,None,211700000.0,72786000,12828000,4275000,None,None,None,0,None,3675000,None,None,125689000,None,None,11000000,None,None,None,0.0741,8500000,52970000,19816000,10517000,1567000,None,None,None,None,None,None,None,3.368,1.461,1.743,None,None,None,None,None,43600000,None,0.0932,None,213321000,2025-11-03,quarterly,0.03,USD,post-market,None,34147000,0.0328,0.0851,0.088,30.7,None,144958000,19269000,None,51.33,48.91,200.0,450081000,41381000,45980000,351471000,408700000,305500000,232145000,98610000,17.14,None,58.4,44.19
2025-12-28,UTL,2.85,502000000.0,17.14,None,0.508,33.35,39100000,None,3207000,3207000,30200000,-39100000,-2200000,None,-12900000,None,None,-7000000,60826000,5560927,None,159359000,159359000,20600000,None,None,23982000,None,None,19123000,12400000,1.775,0.0365,5400000,5400000,None,-0.074,0.06,19963000,39086000,-0.03,2018-09-30,19.88,None,211700000.0,72786000,12828000,4275000,None,None,None,0,None,3675000,None,None,125689000,None,None,2800000,None,None,None,0.0741,6700000,52970000,19816000,10517000,1567000,None,None,None,None,None,None,None,3.368,1.461,1.743,None,None,None,None,None,31700000,None,0.0932,None,213321000,2025-11-03,quarterly,0.03,USD,post-market,None,34147000,0.0328,0.0851,0.088,30.7,None,144958000,19269000,None,51.33,48.91,200.0,450081000,41381000,45980000,351471000,408700000,305500000,232145000,98610000,17.14,None,58.4,44.19
2025-12-28,UTL,2.85,502000000.0,17.14,None,0.508,33.35,27100000,None,3207000,3207000,-8800000,-27100000,-1000000,None,13400000,None,None,28300000,60826000,5560927,None,159359000,159359000,20600000,None,None,23982000,None,None,19123000,12700000,1.775,0.0365,5500000,5500000,None,-0.074,0.06,19963000,39086000,-0.03,2018-06-30,19.88,None,211700000.0,72786000,12828000,4275000,None,None,None,0,None,3675000,None,None,125689000,None,None,3600000,None,None,None,0.0741,34900000,52970000,19816000,10517000,1567000,None,None,None,None,None,None,None,3.368,1.461,1.743,None,None,None,None,None,-7900000,None,0.0932,None,213321000,2025-11-03,quarterly,0.03,USD,post-market,None,34147000,0.0328,0.0851,0.088,30.7,None,144958000,19269000,None,51.33,48.91,200.0,450081000,41381000,45980000,351471000,408700000,305500000,232145000,98610000,17.14,None,58.4,44.19
2025-12-28,UTL,2.85,502000000.0,17.14,None,0.508,33.35,10100000,None,3207000,3207000,-17700000,-10100000,600000,None,15500000,None,None,6800000,60826000,5560927,None,159359000,159359000,20600000,None,None,23982000,None,None,19123000,12300000,1.775,0.0365,5400000,5400000,None,-0.074,0.06,19963000,39086000,-0.03,2018-03-31,19.88,None,211700000.0,72786000,12828000,4275000,None,None,None,0,None,3675000,None,None,125689000,None,None,15600000,None,None,None,0.0741,28400000,52970000,19816000,10517000,1567000,None,None,None,None,None,None,None,3.368,1.461,1.743,None,None,None,None,None,7000000,None,0.0932,None,213321000,2025-11-03,quarterly,0.03,USD,post-market,None,34147000,0.0328,0.0851,0.088,30.7,None,144958000,19269000,None,51.33,48.91,200.0,450081000,41381000,45980000,351471000,408700000,305500000,232145000,98610000,17.14,None,58.4,44.19
2025-12-28,UTL,2.85,502000000.0,17.14,None,0.508,33.35,35100000,None,3207000,3207000,21600000,-35100000,-2000000,None,-16100000,None,None,-32000000,60826000,5560927,None,159359000,159359000,20600000,None,None,23982000,None,None,19123000,11700000,1.775,0.0365,5100000,5100000,None,-0.074,0.06,19963000,39086000,-0.03,2017-12-31,19.88,None,211700000.0,72786000,12828000,4275000,None,None,None,0,None,3675000,None,None,125689000,None,None,11200000,None,None,None,0.0741,11500000,52970000,19816000,10517000,1567000,None,None,None,None,None,None,None,3.368,1.461,1.743,None,None,None,None,None,13200000,None,0.0932,None,213321000,2025-11-03,quarterly,0.03,USD,post-market,None,34147000,0.0328,0.0851,0.088,30.7,None,144958000,19269000,None,51.33,48.91,200.0,450081000,41381000,45980000,351471000,408700000,305500000,232145000,98610000,17.14,None,58.4,44.19
2025-12-28,UTL,2.85,502000000.0,17.14,None,0.508,33.35,39300000,None,3207000,3207000,30900000,-39300000,3100000,None,-7900000,None,None,-10900000,60826000,5560927,None,159359000,159359000,20600000,None,None,23982000,None,None,19123000,10800000,1.775,0.0365,5100000,5100000,None,-0.074,0.06,19963000,39086000,-0.03,2017-09-30,19.88,None,211700000.0,72786000,12828000,4275000,None,None,None,0,None,3675000,None,None,125689000,None,None,2300000,None,None,None,0.0741,11500000,52970000,19816000,10517000,1567000,None,None,None,None,None,None,None,3.368,1.461,1.743,None,None,None,None,None,32700000,None,0.0932,None,213321000,2025-11-03,quarterly,0.03,USD,post-market,None,34147000,0.0328,0.0851,0.088,30.7,None,144958000,19269000,None,51.33,48.91,200.0,450081000,41381000,45980000,351471000,408700000,305500000,232145000,98610000,17.14,None,58.4,44.19
2025-12-28,UTL,2.85,502000000.0,17.14,None,0.508,33.35,27400000,None,3207000,3207000,700000,-27400000,-1000000,None,4700000,None,None,17400000,60826000,5560927,None,159359000,159359000,20600000,None,None,23982000,None,None,19123000,11900000,1.775,0.0365,5100000,5100000,None,-0.074,0.06,19963000,39086000,-0.03,2017-06-30,19.88,None,211700000.0,72786000,12828000,4275000,None,None,None,0,None,3675000,None,None,125689000,None,None,3100000,None,None,None,0.0741,25700000,52970000,19816000,10517000,1567000,None,None,None,None,None,None,None,3.368,1.461,1.743,None,None,None,None,None,2600000,None,0.0932,None,213321000,2025-11-03,quarterly,0.03,USD,post-market,None,34147000,0.0328,0.0851,0.088,30.7,None,144958000,19269000,None,51.33,48.91,200.0,450081000,41381000,45980000,351471000,408700000,305500000,232145000,98610000,17.14,None,58.4,44.19
2025-12-28,UTL,2.85,502000000.0,17.14,None,0.508,33.35,17500000,None,3207000,3207000,-17000000,-17500000,3000000,None,16800000,None,None,9700000,60826000,5560927,None,159359000,159359000,20600000,None,None,23982000,None,None,19123000,12500000,1.775,0.0365,5100000,5100000,None,-0.074,0.06,19963000,39086000,-0.03,2017-03-31,19.88,None,211700000.0,72786000,12828000,4275000,None,None,None,0,None,3675000,None,None,125689000,None,None,12400000,None,None,None,0.0741,37500000,52970000,19816000,10517000,1567000,None,None,None,None,None,None,None,3.368,1.461,1.743,None,None,None,None,None,-5300000,None,0.0932,None,213321000,2025-11-03,quarterly,0.03,USD,post-market,None,34147000,0.0328,0.0851,0.088,30.7,None,144958000,19269000,None,51.33,48.91,200.0,450081000,41381000,45980000,351471000,408700000,305500000,232145000,98610000,17.14,None,58.4,44.19
2025-12-28,UTL,2.85,502000000.0,17.14,None,0.508,33.35,23700000,None,3207000,3207000,19500000,-23700000,1400000,None,-11600000,None,None,-24600000,60826000,5560927,None,159359000,159359000,20600000,None,None,23982000,None,None,19123000,11500000,1.775,0.0365,5000000,5000000,None,-0.074,0.06,19963000,39086000,-0.03,2016-12-31,19.88,None,211700000.0,72786000,12828000,4275000,None,None,None,0,None,3675000,None,None,125689000,None,None,10200000,None,None,None,0.0741,5600000,52970000,19816000,10517000,1567000,None,None,None,None,None,None,None,3.368,1.461,1.743,None,None,None,None,None,39100000,None,0.0932,None,213321000,2025-11-03,quarterly,0.03,USD,post-market,None,34147000,0.0328,0.0851,0.088,30.7,None,144958000,19269000,None,51.33,48.91,200.0,450081000,41381000,45980000,351471000,408700000,305500000,232145000,98610000,17.14,None,58.4,44.19
2025-12-28,UTL,2.85,502000000.0,17.14,None,0.508,33.35,34800000,None,3207000,3207000,8800000,-34800000,-3500000,None,-9800000,None,None,-5600000,60826000,5560927,None,159359000,159359000,20600000,None,None,23982000,None,None,19123000,11600000,1.775,0.0365,5000000,5000000,None,-0.074,0.06,19963000,39086000,-0.03,2016-09-30,19.88,None,211700000.0,72786000,12828000,4275000,None,None,None,0,None,3675000,None,None,125689000,None,None,3500000,None,None,None,0.0741,22500000,52970000,19816000,10517000,1567000,None,None,None,None,None,None,None,3.368,1.461,1.743,None,None,None,None,None,17100000,None,0.0932,None,213321000,2025-11-03,quarterly,0.03,USD,post-market,None,34147000,0.0328,0.0851,0.088,30.7,None,144958000,19269000,None,51.33,48.91,200.0,450081000,41381000,45980000,351471000,408700000,305500000,232145000,98610000,17.14,None,58.4,44.19
2025-12-28,UTL,2.85,502000000.0,17.14,None,0.508,33.35,28300000,None,3207000,3207000,2100000,-28300000,-200000,None,4100000,None,None,24100000,60826000,5560927,None,159359000,159359000,20600000,None,None,23982000,None,None,19123000,11700000,1.775,0.0365,5000000,5000000,None,-0.074,0.06,19963000,39086000,-0.03,2016-06-30,19.88,None,211700000.0,72786000,12828000,4275000,None,None,None,0,None,3675000,None,None,125689000,None,None,2500000,None,None,None,0.0741,26000000,52970000,19816000,10517000,1567000,None,None,None,None,None,None,None,3.368,1.461,1.743,None,None,None,None,None,5600000,None,0.0932,None,213321000,2025-11-03,quarterly,0.03,USD,post-market,None,34147000,0.0328,0.0851,0.088,30.7,None,144958000,19269000,None,51.33,48.91,200.0,450081000,41381000,45980000,351471000,408700000,305500000,232145000,98610000,17.14,None,58.4,44.19
2025-12-28,UTL,2.85,502000000.0,17.14,None,0.508,33.35,11300000,None,3207000,3207000,-3500000,-11300000,-600000,None,3800000,None,None,-7600000,60826000,5560927,None,159359000,159359000,20600000,None,None,23982000,None,None,19123000,11800000,1.775,0.0365,5000000,5000000,None,-0.074,0.06,19963000,39086000,-0.03,2016-03-31,19.88,None,211700000.0,72786000,12828000,4275000,None,None,None,0,None,3675000,None,None,125689000,None,None,10900000,None,None,None,0.0741,14200000,52970000,19816000,10517000,1567000,None,None,None,None,None,None,None,3.368,1.461,1.743,None,None,None,None,None,5300000,None,0.0932,None,213321000,2025-11-03,quarterly,0.03,USD,post-market,None,34147000,0.0328,0.0851,0.088,30.7,None,144958000,19269000,None,51.33,48.91,200.0,450081000,41381000,45980000,351471000,408700000,305500000,232145000,98610000,17.14,None,58.4,44.19
2025-12-28,UTL,2.85,502000000.0,17.14,None,0.508,33.35,33000000,None,3207000,3207000,28600000,-33000000,-200000,None,-27400000,None,None,-14500000,60826000,5560927,None,159359000,159359000,20600000,None,None,23982000,None,None,19123000,11600000,1.775,0.0365,4900000,4900000,None,-0.074,0.06,19963000,39086000,-0.03,2015-12-31,19.88,None,211700000.0,72786000,12828000,4275000,None,None,None,0,None,3675000,None,None,125689000,None,None,9300000,None,None,None,0.0741,4200000,52970000,19816000,10517000,1567000,None,None,None,None,None,None,None,3.368,1.461,1.743,None,None,None,None,None,14700000,None,0.0932,None,213321000,2025-11-03,quarterly,0.03,USD,post-market,None,34147000,0.0328,0.0851,0.088,30.7,None,144958000,19269000,None,51.33,48.91,200.0,450081000,41381000,45980000,351471000,408700000,305500000,232145000,98610000,17.14,None,58.4,44.19
2025-12-28,UTL,2.85,502000000.0,17.14,None,0.508,33.35,32400000,None,3207000,3207000,4800000,-32400000,-7200000,None,-10900000,None,None,3300000,60826000,5560927,None,159359000,159359000,20600000,None,None,23982000,None,None,19123000,11400000,1.775,0.0365,4900000,4900000,None,-0.074,0.06,19963000,39086000,-0.03,2015-09-30,19.88,None,211700000.0,72786000,12828000,4275000,None,None,None,0,None,3675000,None,None,125689000,None,None,1700000,None,None,None,0.0741,20400000,52970000,19816000,10517000,1567000,None,None,None,None,None,None,None,3.368,1.461,1.743,None,None,None,None,None,2200000,None,0.0932,None,213321000,2025-11-03,quarterly,0.03,USD,post-market,None,34147000,0.0328,0.0851,0.088,30.7,None,144958000,19269000,None,51.33,48.91,200.0,450081000,41381000,45980000,351471000,408700000,305500000,232145000,98610000,17.14,None,58.4,44.19
2025-12-28,UTL,2.85,502000000.0,17.14,None,0.508,33.35,25400000,None,3207000,3207000,-32400000,-25400000,4900000,None,33200000,None,None,44000000,60826000,5560927,None,159359000,159359000,20600000,None,None,23982000,None,None,19123000,11300000,1.775,0.0365,4900000,4900000,None,-0.074,0.06,19963000,39086000,-0.03,2015-06-30,19.88,None,211700000.0,72786000,12828000,4275000,None,None,None,0,None,3675000,None,None,125689000,None,None,1700000,None,None,None,0.0741,62700000,52970000,19816000,10517000,1567000,None,None,None,None,None,None,None,3.368,1.461,1.743,None,None,None,None,None,-1500000,None,0.0932,None,213321000,2025-11-03,quarterly,0.03,USD,post-market,None,34147000,0.0328,0.0851,0.088,30.7,None,144958000,19269000,None,51.33,48.91,200.0,450081000,41381000,45980000,351471000,408700000,305500000,232145000,98610000,17.14,None,58.4,44.19
2025-12-28,UTL,2.85,502000000.0,17.14,None,0.508,33.35,13100000,None,3207000,3207000,-11900000,-13100000,2800000,None,26000000,None,None,-7900000,60826000,5560927,None,159359000,159359000,20600000,None,None,23982000,None,None,19123000,11400000,1.775,0.0365,4900000,4900000,None,-0.074,0.06,19963000,39086000,-0.03,2015-03-31,19.88,None,211700000.0,72786000,12828000,4275000,None,None,None,0,None,3675000,None,None,125689000,None,None,13600000,None,None,None,0.0741,27800000,52970000,19816000,10517000,1567000,None,None,None,None,None,None,None,3.368,1.461,1.743,None,None,None,None,None,3400000,None,0.0932,None,213321000,2025-11-03,quarterly,0.03,USD,post-market,None,34147000,0.0328,0.0851,0.088,30.7,None,144958000,19269000,None,51.33,48.91,200.0,450081000,41381000,45980000,351471000,408700000,305500000,232145000,98610000,17.14,None,58.4,44.19
2025-12-28,UTL,2.85,502000000.0,17.14,None,0.508,33.35,31900000,None,3207000,3207000,28800000,-31900000,-1700000,None,-21900000,None,None,-36700000,60826000,5560927,None,159359000,159359000,20600000,None,None,23982000,None,None,19123000,10900000,1.775,0.0365,4800000,4800000,None,-0.074,0.06,19963000,39086000,-0.03,2014-12-31,19.88,None,211700000.0,72786000,12828000,4275000,None,None,None,0,None,3675000,None,None,125689000,None,None,9400000,None,None,None,0.0741,1400000,52970000,19816000,10517000,1567000,None,None,None,None,None,None,None,3.368,1.461,1.743,None,None,None,None,None,20000000,None,0.0932,None,213321000,2025-11-03,quarterly,0.03,USD,post-market,None,34147000,0.0328,0.0851,0.088,30.7,None,144958000,19269000,None,51.33,48.91,200.0,450081000,41381000,45980000,351471000,408700000,305500000,232145000,98610000,17.14,None,58.4,44.19
2025-12-28,UTL,2.85,502000000.0,17.14,None,0.508,33.35,31600000,None,3207000,3207000,10700000,-31600000,-1900000,None,-4200000,None,None,-900000,60826000,5560927,None,159359000,159359000,20600000,None,None,23982000,None,None,19123000,10800000,1.775,0.0365,4800000,4800000,None,-0.074,0.06,19963000,39086000,-0.03,2014-09-30,19.88,None,211700000.0,72786000,12828000,4275000,None,None,None,0,None,3675000,None,None,125689000,None,None,1600000,None,None,None,0.0741,19000000,52970000,19816000,10517000,1567000,None,None,None,None,None,None,None,3.368,1.461,1.743,None,None,None,None,None,900000,None,0.0932,None,213321000,2025-11-03,quarterly,0.03,USD,post-market,None,34147000,0.0328,0.0851,0.088,30.7,None,144958000,19269000,None,51.33,48.91,200.0,450081000,41381000,45980000,351471000,408700000,305500000,232145000,98610000,17.14,None,58.4,44.19
2025-12-28,UTL,2.85,502000000.0,17.14,None,0.508,33.35,19900000,None,3207000,3207000,-17300000,-19900000,-2300000,None,9100000,None,None,33800000,60826000,5560927,None,159359000,159359000,20600000,None,None,23982000,None,None,19123000,10200000,1.775,0.0365,4800000,4800000,None,-0.074,0.06,19963000,39086000,-0.03,2014-06-30,19.88,None,211700000.0,72786000,12828000,4275000,None,None,None,0,None,3675000,None,None,125689000,None,None,1100000,None,None,None,0.0741,34900000,52970000,19816000,10517000,1567000,None,None,None,None,None,None,None,3.368,1.461,1.743,None,None,None,None,None,4700000,None,0.0932,None,213321000,2025-11-03,quarterly,0.03,USD,post-market,None,34147000,0.0328,0.0851,0.088,30.7,None,144958000,19269000,None,51.33,48.91,200.0,450081000,41381000,45980000,351471000,408700000,305500000,232145000,98610000,17.14,None,58.4,44.19
2025-12-28,UTL,2.85,502000000.0,17.14,None,0.508,33.35,9200000,None,3207000,3207000,-14600000,-9200000,4900000,None,19900000,None,None,-800000,60826000,5560927,None,159359000,159359000,20600000,None,None,23982000,None,None,19123000,10200000,1.775,0.0365,4800000,4800000,None,-0.074,0.06,19963000,39086000,-0.03,2014-03-31,19.88,None,211700000.0,72786000,12828000,4275000,None,None,None,0,None,3675000,None,None,125689000,None,None,12600000,None,None,None,0.0741,28700000,52970000,19816000,10517000,1567000,None,None,None,None,None,None,None,3.368,1.461,1.743,None,None,None,None,None,300000,None,0.0932,None,213321000,2025-11-03,quarterly,0.03,USD,post-market,None,34147000,0.0328,0.0851,0.088,30.7,None,144958000,19269000,None,51.33,48.91,200.0,450081000,41381000,45980000,351471000,408700000,305500000,232145000,98610000,17.14,None,58.4,44.19
2025-12-28,UTL,2.85,502000000.0,17.14,None,0.508,33.35,24900000,None,3207000,3207000,9800000,-24900000,-2900000,None,-16100000,None,None,-31400000,60826000,5560927,None,159359000,159359000,20600000,None,None,23982000,None,None,19123000,9500000,1.775,0.0365,4800000,4800000,None,-0.074,0.06,19963000,39086000,-0.03,2013-12-31,19.88,None,211700000.0,72786000,12828000,4275000,None,None,None,0,None,3675000,None,None,125689000,None,None,10300000,None,None,None,0.0741,12200000,52970000,19816000,10517000,1567000,None,None,None,None,None,None,None,3.368,1.461,1.743,None,None,None,None,None,10800000,None,0.0932,None,213321000,2025-11-03,quarterly,0.03,USD,post-market,None,34147000,0.0328,0.0851,0.088,30.7,None,144958000,19269000,None,51.33,48.91,200.0,450081000,41381000,45980000,351471000,408700000,305500000,232145000,98610000,17.14,None,58.4,44.19
2025-12-28,UTL,2.85,502000000.0,17.14,None,0.508,33.35,27600000,None,3207000,3207000,19000000,-27600000,5200000,None,-9000000,None,None,-1500000,60826000,5560927,None,159359000,159359000,20600000,None,None,23982000,None,None,19123000,9600000,1.775,0.0365,4800000,4800000,None,-0.074,0.06,19963000,39086000,-0.03,2013-09-30,19.88,None,211700000.0,72786000,12828000,4275000,None,None,None,0,None,3675000,None,None,125689000,None,None,600000,None,None,None,0.0741,13800000,52970000,19816000,10517000,1567000,None,None,None,None,None,None,None,3.368,1.461,1.743,None,None,None,None,None,38000000,None,0.0932,None,213321000,2025-11-03,quarterly,0.03,USD,post-market,None,34147000,0.0328,0.0851,0.088,30.7,None,144958000,19269000,None,51.33,48.91,200.0,450081000,41381000,45980000,351471000,408700000,305500000,232145000,98610000,17.14,None,58.4,44.19
2025-12-28,UTL,2.85,502000000.0,17.14,None,0.508,33.35,22600000,None,3207000,3207000,-7300000,-22600000,-400000,None,5300000,None,None,20500000,60826000,5560927,None,159359000,159359000,20600000,None,None,23982000,None,None,19123000,9200000,1.775,0.0365,4700000,4700000,None,-0.074,0.06,19963000,39086000,-0.03,2013-06-30,19.88,None,211700000.0,72786000,12828000,4275000,None,None,None,0,None,3675000,None,None,125689000,None,None,-100000,None,None,None,0.0741,29500000,52970000,19816000,10517000,1567000,None,None,None,None,None,None,None,3.368,1.461,1.743,None,None,None,None,None,300000,None,0.0932,None,213321000,2025-11-03,quarterly,0.03,USD,post-market,None,34147000,0.0328,0.0851,0.088,30.7,None,144958000,19269000,None,51.33,48.91,200.0,450081000,41381000,45980000,351471000,408700000,305500000,232145000,98610000,17.14,None,58.4,44.19
2025-12-28,UTL,2.85,502000000.0,17.14,None,0.508,33.35,14400000,None,3207000,3207000,-28700000,-14400000,-2300000,None,28100000,None,None,13300000,60826000,5560927,None,159359000,159359000,20600000,None,None,23982000,None,None,19123000,9400000,1.775,0.0365,4800000,4800000,None,-0.074,0.06,19963000,39086000,-0.03,2013-03-31,19.88,None,211700000.0,72786000,12828000,4275000,None,None,None,0,None,3675000,None,None,125689000,None,None,10800000,None,None,None,0.0741,40800000,52970000,19816000,10517000,1567000,None,None,None,None,None,None,None,3.368,1.461,1.743,None,None,None,None,None,300000,None,0.0932,None,213321000,2025-11-03,quarterly,0.03,USD,post-market,None,34147000,0.0328,0.0851,0.088,30.7,None,144958000,19269000,None,51.33,48.91,200.0,450081000,41381000,45980000,351471000,408700000,305500000,232145000,98610000,17.14,None,58.4,44.19
2025-12-28,UTL,2.85,502000000.0,17.14,None,0.508,33.35,21100000,None,3207000,3207000,16600000,-21100000,300000,None,1800000,None,None,-41100000,60826000,5560927,None,159359000,159359000,20600000,None,None,23982000,None,None,19123000,9200000,1.775,0.0365,4800000,4800000,None,-0.074,0.06,19963000,39086000,-0.03,2012-12-31,19.88,None,211700000.0,72786000,12828000,4275000,None,None,None,0,None,3675000,None,None,125689000,None,None,9000000,None,None,None,0.0741,4800000,52970000,19816000,10517000,1567000,None,None,None,None,None,None,None,3.368,1.461,1.743,None,None,None,None,None,-40300000,None,0.0932,None,213321000,2025-11-03,quarterly,0.03,USD,post-market,None,34147000,0.0328,0.0851,0.088,30.7,None,144958000,19269000,None,51.33,48.91,200.0,450081000,41381000,45980000,351471000,408700000,305500000,232145000,98610000,17.14,None,58.4,44.19
2025-12-28,UTL,2.85,502000000.0,17.14,None,0.508,33.35,23500000,None,3207000,3207000,17200000,-23500000,2700000,None,-3200000,None,None,-2900000,60826000,5560927,None,159359000,159359000,20600000,None,None,23982000,None,None,19123000,8900000,1.775,0.0365,4800000,4800000,None,-0.074,0.06,19963000,39086000,-0.03,2012-09-30,19.88,None,211700000.0,72786000,12828000,4275000,None,None,None,0,None,3675000,None,None,125689000,None,None,500000,None,None,None,0.0741,9000000,52970000,19816000,10517000,1567000,None,None,None,None,None,None,None,3.368,1.461,1.743,None,None,None,None,None,500000,None,0.0932,None,213321000,2025-11-03,quarterly,0.03,USD,post-market,None,34147000,0.0328,0.0851,0.088,30.7,None,144958000,19269000,None,51.33,48.91,200.0,450081000,41381000,45980000,351471000,408700000,305500000,232145000,98610000,17.14,None,58.4,44.19
2025-12-28,UTL,2.85,502000000.0,17.14,None,0.508,33.35,14800000,None,3207000,3207000,-9100000,-14800000,-1400000,None,-2300000,None,None,22900000,60826000,5560927,None,159359000,159359000,20600000,None,None,23982000,None,None,19123000,8700000,1.775,0.0365,3800000,3800000,None,-0.074,0.06,19963000,39086000,-0.03,2012-06-30,19.88,None,211700000.0,72786000,12828000,4275000,None,None,None,0,None,3675000,None,None,125689000,None,None,-300000,None,None,None,0.0741,22500000,52970000,19816000,10517000,1567000,None,None,None,None,None,None,None,3.368,1.461,1.743,None,None,None,None,None,65700000,None,0.0932,None,213321000,2025-11-03,quarterly,0.03,USD,post-market,None,34147000,0.0328,0.0851,0.088,30.7,None,144958000,19269000,None,51.33,48.91,200.0,450081000,41381000,45980000,351471000,408700000,305500000,232145000,98610000,17.14,None,58.4,44.19
2025-12-28,UTL,2.85,502000000.0,17.14,None,0.508,33.35,9100000,None,3207000,3207000,-20600000,-9100000,700000,None,8000000,None,None,15500000,60826000,5560927,None,159359000,159359000,20600000,None,None,23982000,None,None,19123000,8300000,1.775,0.0365,3800000,3800000,None,-0.074,0.06,19963000,39086000,-0.03,2012-03-31,19.88,None,211700000.0,72786000,12828000,4275000,None,None,None,0,None,3675000,None,None,125689000,None,None,9000000,None,None,None,0.0741,30400000,52970000,19816000,10517000,1567000,None,None,None,None,None,None,None,3.368,1.461,1.743,None,None,None,None,None,300000,None,0.0932,None,213321000,2025-11-03,quarterly,0.03,USD,post-market,None,34147000,0.0328,0.0851,0.088,30.7,None,144958000,19269000,None,51.33,48.91,200.0,450081000,41381000,45980000,351471000,408700000,305500000,232145000,98610000,17.14,None,58.4,44.19
2025-12-28,UTL,2.85,502000000.0,17.14,None,0.508,33.35,14400000,None,3207000,3207000,17900000,-14400000,-400000,None,800000,None,None,-35200000,60826000,5560927,None,159359000,159359000,20600000,None,None,23982000,None,None,19123000,6800000,1.775,0.0365,3800000,3800000,None,-0.074,0.06,19963000,39086000,-0.03,2011-12-31,19.88,None,211700000.0,72786000,12828000,4275000,None,None,None,0,None,3675000,None,None,125689000,None,None,10000000,None,None,None,0.0741,-3900000,52970000,19816000,10517000,1567000,None,None,None,None,None,None,None,3.368,1.461,1.743,None,None,None,None,None,28300000,None,0.0932,None,213321000,2025-11-03,quarterly,0.03,USD,post-market,None,34147000,0.0328,0.0851,0.088,30.7,None,144958000,19269000,None,51.33,48.91,200.0,450081000,41381000,45980000,351471000,408700000,305500000,232145000,98610000,17.14,None,58.4,44.19
2025-12-28,UTL,2.85,502000000.0,17.14,None,0.508,33.35,17600000,None,3207000,3207000,16500000,-17600000,2100000,None,-7300000,None,None,-6700000,60826000,5560927,None,159359000,159359000,20600000,None,None,23982000,None,None,19123000,6900000,1.775,0.0365,3800000,3800000,None,-0.074,0.06,19963000,39086000,-0.03,2011-09-30,19.88,None,211700000.0,72786000,12828000,4275000,None,None,None,0,None,3675000,None,None,125689000,None,None,-1600000,None,None,None,0.0741,3200000,52970000,19816000,10517000,1567000,None,None,None,None,None,None,None,3.368,1.461,1.743,None,None,None,None,None,-300000,None,0.0932,None,213321000,2025-11-03,quarterly,0.03,USD,post-market,None,34147000,0.0328,0.0851,0.088,30.7,None,144958000,19269000,None,51.33,48.91,200.0,450081000,41381000,45980000,351471000,408700000,305500000,232145000,98610000,17.14,None,58.4,44.19
2025-12-28,UTL,2.85,502000000.0,17.14,None,0.508,33.35,14300000,None,3207000,3207000,3300000,-14300000,-800000,None,-7600000,None,None,20700000,60826000,5560927,None,159359000,159359000,20600000,None,None,23982000,None,None,19123000,7700000,1.775,0.0365,3800000,3800000,None,-0.074,0.06,19963000,39086000,-0.03,2011-06-30,19.88,None,211700000.0,72786000,12828000,4275000,None,None,None,0,None,3675000,None,None,125689000,None,None,-700000,None,None,None,0.0741,10200000,52970000,19816000,10517000,1567000,None,None,None,None,None,None,None,3.368,1.461,1.743,None,None,None,None,None,100000,None,0.0932,None,213321000,2025-11-03,quarterly,0.03,USD,post-market,None,34147000,0.0328,0.0851,0.088,30.7,None,144958000,19269000,None,51.33,48.91,200.0,450081000,41381000,45980000,351471000,408700000,305500000,232145000,98610000,17.14,None,58.4,44.19
2025-12-28,UTL,2.85,502000000.0,17.14,None,0.508,33.35,10800000,None,3207000,3207000,-27900000,-10800000,-2300000,None,9900000,None,None,4000000,60826000,5560927,None,159359000,159359000,20600000,None,None,23982000,None,None,19123000,7900000,1.775,0.0365,3800000,3800000,None,-0.074,0.06,19963000,39086000,-0.03,2011-03-31,19.88,None,211700000.0,72786000,12828000,4275000,None,None,None,0,None,3675000,None,None,125689000,None,None,8700000,None,None,None,0.0741,36400000,52970000,19816000,10517000,1567000,None,None,None,None,None,None,None,3.368,1.461,1.743,None,None,None,None,None,-100000,None,0.0932,None,213321000,2025-11-03,quarterly,0.03,USD,post-market,None,34147000,0.0328,0.0851,0.088,30.7,None,144958000,19269000,None,51.33,48.91,200.0,450081000,41381000,45980000,351471000,408700000,305500000,232145000,98610000,17.14,None,58.4,44.19
2025-12-28,UTL,2.85,502000000.0,17.14,None,0.508,33.35,15800000,None,3207000,3207000,12300000,-15800000,None,None,5300000,None,None,None,60826000,5560927,None,159359000,159359000,20600000,None,None,23982000,None,None,19123000,8500000,1.775,0.0365,3700000,3700000,None,-0.074,0.06,19963000,39086000,-0.03,2010-12-31,19.88,None,211700000.0,72786000,12828000,4275000,None,None,None,0,None,3675000,None,None,125689000,None,None,5200000,None,None,None,0.0741,4400000,52970000,19816000,10517000,1567000,None,None,None,None,None,None,None,3.368,1.461,1.743,None,None,None,None,None,32000000,None,0.0932,None,213321000,2025-11-03,quarterly,0.03,USD,post-market,None,34147000,0.0328,0.0851,0.088,30.7,None,144958000,19269000,None,51.33,48.91,200.0,450081000,41381000,45980000,351471000,408700000,305500000,232145000,98610000,17.14,None,58.4,44.19
2025-12-28,UTL,2.85,502000000.0,17.14,None,0.508,33.35,14600000,None,3207000,3207000,21800000,-14600000,None,None,-4800000,None,None,None,60826000,5560927,None,159359000,159359000,20600000,None,None,23982000,None,None,19123000,6200000,1.775,0.0365,3700000,3700000,None,-0.074,0.06,19963000,39086000,-0.03,2010-09-30,19.88,None,211700000.0,72786000,12828000,4275000,None,None,None,0,None,3675000,None,None,125689000,None,None,-100000,None,None,None,0.0741,-5500000,52970000,19816000,10517000,1567000,None,None,None,None,None,None,None,3.368,1.461,1.743,None,None,None,None,None,None,None,0.0932,None,213321000,2025-11-03,quarterly,0.03,USD,post-market,None,34147000,0.0328,0.0851,0.088,30.7,None,144958000,19269000,None,51.33,48.91,200.0,450081000,41381000,45980000,351471000,408700000,305500000,232145000,98610000,17.14,None,58.4,44.19
2025-12-28,UTL,2.85,502000000.0,17.14,None,0.508,33.35,8900000,None,3207000,3207000,3700000,-8900000,None,None,-4500000,None,None,None,60826000,5560927,None,159359000,159359000,20600000,None,None,23982000,None,None,19123000,7100000,1.775,0.0365,3800000,3800000,None,-0.074,0.06,19963000,39086000,-0.03,2010-06-30,19.88,None,211700000.0,72786000,12828000,4275000,None,None,None,0,None,3675000,None,None,125689000,None,None,-2000000,None,None,None,0.0741,2700000,52970000,19816000,10517000,1567000,None,None,None,None,None,None,None,3.368,1.461,1.743,None,None,None,None,None,None,None,0.0932,None,213321000,2025-11-03,quarterly,0.03,USD,post-market,None,34147000,0.0328,0.0851,0.088,30.7,None,144958000,19269000,None,51.33,48.91,200.0,450081000,41381000,45980000,351471000,408700000,305500000,232145000,98610000,17.14,None,58.4,44.19
2025-12-28,UTL,2.85,502000000.0,17.14,None,0.508,33.35,10300000,None,3207000,3207000,-12900000,-10300000,None,None,7700000,None,None,None,60826000,5560927,None,159359000,159359000,20600000,None,None,23982000,None,None,19123000,7100000,1.775,0.0365,3800000,3800000,None,-0.074,0.06,19963000,39086000,-0.03,2010-03-31,19.88,None,211700000.0,72786000,12828000,4275000,None,None,None,0,None,3675000,None,None,125689000,None,None,6500000,None,None,None,0.0741,24300000,52970000,19816000,10517000,1567000,None,None,None,None,None,None,None,3.368,1.461,1.743,None,None,None,None,None,40000000,None,0.0932,None,213321000,2025-11-03,quarterly,0.03,USD,post-market,None,34147000,0.0328,0.0851,0.088,30.7,None,144958000,19269000,None,51.33,48.91,200.0,450081000,41381000,45980000,351471000,408700000,305500000,232145000,98610000,17.14,None,58.4,44.19
2025-12-28,UTL,2.85,502000000.0,17.14,None,0.508,33.35,15700000,None,3207000,3207000,-15200000,-15800000,None,None,-17300000,None,None,None,60826000,5560927,None,159359000,159359000,20600000,None,None,23982000,None,None,19123000,8100000,1.775,0.0365,3800000,3800000,None,-0.074,0.06,19963000,39086000,-0.03,2009-12-31,19.88,None,211700000.0,72786000,12828000,4275000,None,None,None,0,None,3675000,None,None,125689000,None,None,1200000,None,None,None,0.0741,29700000,52970000,19816000,10517000,1567000,None,None,None,None,None,None,None,3.368,1.461,1.743,None,None,None,None,None,None,None,0.0932,None,213321000,2025-11-03,quarterly,0.03,USD,post-market,None,34147000,0.0328,0.0851,0.088,30.7,None,144958000,19269000,None,51.33,48.91,200.0,450081000,41381000,45980000,351471000,408700000,305500000,232145000,98610000,17.14,None,58.4,44.19
2025-12-28,UTL,2.85,502000000.0,17.14,None,0.508,33.35,16900000,None,3207000,3207000,19900000,-23700000,None,None,9200000,None,None,None,60826000,5560927,None,159359000,159359000,20600000,None,None,23982000,None,None,19123000,6600000,1.775,0.0365,3800000,3800000,None,-0.074,0.06,19963000,39086000,-0.03,2009-09-30,19.88,None,211700000.0,72786000,12828000,4275000,None,None,None,0,None,3675000,None,None,125689000,None,None,-600000,None,None,None,0.0741,2500000,52970000,19816000,10517000,1567000,None,None,None,None,None,None,None,3.368,1.461,1.743,None,None,None,None,None,None,None,0.0932,None,213321000,2025-11-03,quarterly,0.03,USD,post-market,None,34147000,0.0328,0.0851,0.088,30.7,None,144958000,19269000,None,51.33,48.91,200.0,450081000,41381000,45980000,351471000,408700000,305500000,232145000,98610000,17.14,None,58.4,44.19
2025-12-28,UTL,2.85,502000000.0,17.14,None,0.508,33.35,8100000,None,3207000,3207000,-9800000,-8100000,None,None,4300000,None,None,None,60826000,5560927,None,159359000,159359000,20600000,None,None,23982000,None,None,19123000,6400000,1.775,0.0365,2800000,2800000,None,-0.074,0.06,19963000,39086000,-0.03,2009-06-30,19.88,None,211700000.0,72786000,12828000,4275000,None,None,None,0,None,3675000,None,None,125689000,None,None,300000,None,None,None,0.0741,13700000,52970000,19816000,10517000,1567000,None,None,None,None,None,None,None,3.368,1.461,1.743,None,None,None,None,None,None,None,0.0932,None,213321000,2025-11-03,quarterly,0.03,USD,post-market,None,34147000,0.0328,0.0851,0.088,30.7,None,144958000,19269000,None,51.33,48.91,200.0,450081000,41381000,45980000,351471000,408700000,305500000,232145000,98610000,17.14,None,58.4,44.19
2025-12-28,UTL,2.85,502000000.0,17.14,None,0.508,33.35,18000000,None,3207000,3207000,16000000,-18000000,None,None,9400000,None,None,None,60826000,5560927,None,159359000,159359000,20600000,None,None,23982000,None,None,19123000,6300000,1.775,0.0365,2800000,2800000,None,-0.074,0.06,19963000,39086000,-0.03,2009-03-31,19.88,None,211700000.0,72786000,12828000,4275000,None,None,None,0,None,3675000,None,None,125689000,None,None,9100000,None,None,None,0.0741,5000000,52970000,19816000,10517000,1567000,None,None,None,None,None,None,None,3.368,1.461,1.743,None,None,None,None,None,27200000,None,0.0932,None,213321000,2025-11-03,quarterly,0.03,USD,post-market,None,34147000,0.0328,0.0851,0.088,30.7,None,144958000,19269000,None,51.33,48.91,200.0,450081000,41381000,45980000,351471000,408700000,305500000,232145000,98610000,17.14,None,58.4,44.19
2025-12-28,UTL,2.85,502000000.0,17.14,None,0.508,33.35,7700000,None,3207000,3207000,203900000,-217600000,None,None,None,None,None,None,60826000,5560927,None,159359000,159359000,20600000,None,None,23982000,None,None,19123000,None,1.775,0.0365,2000000,2000000,None,-0.074,0.06,19963000,39086000,-0.03,2008-12-31,19.88,None,211700000.0,72786000,12828000,4275000,None,None,None,0,None,3675000,None,None,125689000,None,None,3200000,None,None,None,0.0741,20200000,52970000,19816000,10517000,1567000,None,None,None,None,None,None,None,3.368,1.461,1.743,None,None,None,None,None,None,None,0.0932,None,213321000,2025-11-03,quarterly,0.03,USD,post-market,None,34147000,0.0328,0.0851,0.088,30.7,None,144958000,19269000,None,51.33,48.91,200.0,450081000,41381000,45980000,351471000,408700000,305500000,232145000,98610000,17.14,None,58.4,44.19
2025-12-28,UTL,2.85,502000000.0,17.14,None,0.508,33.35,10400000,None,3207000,3207000,3800000,-10400000,None,None,None,None,None,None,60826000,5560927,None,159359000,159359000,20600000,None,None,23982000,None,None,19123000,4500000,1.775,0.0365,2100000,2100000,None,-0.074,0.06,19963000,39086000,-0.03,2008-09-30,19.88,None,211700000.0,72786000,12828000,4275000,None,None,None,0,None,3675000,None,None,125689000,None,None,1500000,None,None,None,0.0741,7300000,52970000,19816000,10517000,1567000,None,None,None,None,None,None,None,3.368,1.461,1.743,None,None,None,None,None,None,None,0.0932,None,213321000,2025-11-03,quarterly,0.03,USD,post-market,None,34147000,0.0328,0.0851,0.088,30.7,None,144958000,19269000,None,51.33,48.91,200.0,450081000,41381000,45980000,351471000,408700000,305500000,232145000,98610000,17.14,None,58.4,44.19
2025-12-28,UTL,2.85,502000000.0,17.14,None,0.508,33.35,5700000,None,3207000,3207000,-5900000,-5700000,None,None,None,None,None,None,60826000,5560927,None,159359000,159359000,20600000,None,None,23982000,None,None,19123000,None,1.775,0.0365,2000000,2000000,None,-0.074,0.06,19963000,39086000,-0.03,2008-06-30,19.88,None,211700000.0,72786000,12828000,4275000,None,None,None,0,None,3675000,None,None,125689000,None,None,1700000,None,None,None,0.0741,11900000,52970000,19816000,10517000,1567000,None,None,None,None,None,None,None,3.368,1.461,1.743,None,None,None,None,None,None,None,0.0932,None,213321000,2025-11-03,quarterly,0.03,USD,post-market,None,34147000,0.0328,0.0851,0.088,30.7,None,144958000,19269000,None,51.33,48.91,200.0,450081000,41381000,45980000,351471000,408700000,305500000,232145000,98610000,17.14,None,58.4,44.19
2025-12-28,UTL,2.85,502000000.0,17.14,None,0.508,33.35,4500000,None,3207000,3207000,-4000000,-4500000,None,None,-1300000,None,None,None,60826000,5560927,None,159359000,159359000,20600000,None,None,23982000,None,None,19123000,5200000,1.775,0.0365,2000000,2000000,None,-0.074,0.06,19963000,39086000,-0.03,2008-03-31,19.88,None,211700000.0,72786000,12828000,4275000,None,None,None,0,None,3675000,None,None,125689000,None,None,3300000,None,None,None,0.0741,7900000,52970000,19816000,10517000,1567000,None,None,None,None,None,None,None,3.368,1.461,1.743,None,None,None,None,None,None,None,0.0932,None,213321000,2025-11-03,quarterly,0.03,USD,post-market,None,34147000,0.0328,0.0851,0.088,30.7,None,144958000,19269000,None,51.33,48.91,200.0,450081000,41381000,45980000,351471000,408700000,305500000,232145000,98610000,17.14,None,58.4,44.19
2025-12-28,UTL,2.85,502000000.0,17.14,None,0.508,33.35,6600000,None,3207000,3207000,3800000,-6600000,None,None,None,None,None,None,60826000,5560927,None,159359000,159359000,20600000,None,None,23982000,None,None,19123000,None,1.775,0.0365,1900000,1900000,None,-0.074,0.06,19963000,39086000,-0.03,2007-12-31,19.88,None,211700000.0,72786000,12828000,4275000,None,None,None,0,None,3675000,None,None,125689000,None,None,2700000,None,None,None,0.0741,3200000,52970000,19816000,10517000,1567000,None,None,None,None,None,None,None,3.368,1.461,1.743,None,None,None,None,None,None,None,0.0932,None,213321000,2025-11-03,quarterly,0.03,USD,post-market,None,34147000,0.0328,0.0851,0.088,30.7,None,144958000,19269000,None,51.33,48.91,200.0,450081000,41381000,45980000,351471000,408700000,305500000,232145000,98610000,17.14,None,58.4,44.19
2025-12-28,UTL,2.85,502000000.0,17.14,None,0.508,33.35,6300000,None,3207000,3207000,1700000,-6300000,None,None,None,None,None,None,60826000,5560927,None,159359000,159359000,20600000,None,None,23982000,None,None,19123000,None,1.775,0.0365,2000000,2000000,None,-0.074,0.06,19963000,39086000,-0.03,2007-09-30,19.88,None,211700000.0,72786000,12828000,4275000,None,None,None,0,None,3675000,None,None,125689000,None,None,1600000,None,None,None,0.0741,6600000,52970000,19816000,10517000,1567000,None,None,None,None,None,None,None,3.368,1.461,1.743,None,None,None,None,None,None,None,0.0932,None,213321000,2025-11-03,quarterly,0.03,USD,post-market,None,34147000,0.0328,0.0851,0.088,30.7,None,144958000,19269000,None,51.33,48.91,200.0,450081000,41381000,45980000,351471000,408700000,305500000,232145000,98610000,17.14,None,58.4,44.19
2025-12-28,UTL,2.85,502000000.0,17.14,None,0.508,33.35,10000000,None,3207000,3207000,-1500000,-10000000,None,None,None,None,None,None,60826000,5560927,None,159359000,159359000,20600000,None,None,23982000,None,None,19123000,None,1.775,0.0365,2000000,2000000,None,-0.074,0.06,19963000,39086000,-0.03,2007-06-30,19.88,None,211700000.0,72786000,12828000,4275000,None,None,None,0,None,3675000,None,None,125689000,None,None,1800000,None,None,None,0.0741,10900000,52970000,19816000,10517000,1567000,None,None,None,None,None,None,None,3.368,1.461,1.743,None,None,None,None,None,None,None,0.0932,None,213321000,2025-11-03,quarterly,0.03,USD,post-market,None,34147000,0.0328,0.0851,0.088,30.7,None,144958000,19269000,None,51.33,48.91,200.0,450081000,41381000,45980000,351471000,408700000,305500000,232145000,98610000,17.14,None,58.4,44.19
2025-12-28,UTL,2.85,502000000.0,17.14,None,0.508,33.35,9600000,None,3207000,3207000,1700000,-9600000,None,None,1800000,None,None,None,60826000,5560927,None,159359000,159359000,20600000,None,None,23982000,None,None,19123000,4500000,1.775,0.0365,2000000,2000000,None,-0.074,0.06,19963000,39086000,-0.03,2007-03-31,19.88,None,211700000.0,72786000,12828000,4275000,None,None,None,0,None,3675000,None,None,125689000,None,None,2600000,None,None,None,0.0741,6100000,52970000,19816000,10517000,1567000,None,None,None,None,None,None,None,3.368,1.461,1.743,None,None,None,None,None,None,None,0.0932,None,213321000,2025-11-03,quarterly,0.03,USD,post-market,None,34147000,0.0328,0.0851,0.088,30.7,None,144958000,19269000,None,51.33,48.91,200.0,450081000,41381000,45980000,351471000,408700000,305500000,232145000,98610000,17.14,None,58.4,44.19
2025-12-28,UTL,2.85,502000000.0,17.14,None,0.508,33.35,8989000,None,3207000,3207000,6494000,-8989000,None,None,554000,None,None,None,60826000,5560927,None,159359000,159359000,20600000,None,None,23982000,None,None,19123000,None,1.775,0.0365,1992000,1992000,None,-0.074,0.06,19963000,39086000,-0.03,2006-12-31,19.88,None,211700000.0,72786000,12828000,4275000,None,None,None,0,None,3675000,None,None,125689000,None,None,2728000,None,None,None,0.0741,3230000,52970000,19816000,10517000,1567000,None,None,None,None,None,None,None,3.368,1.461,1.743,None,None,None,None,None,1000,None,0.0932,None,213321000,2025-11-03,quarterly,0.03,USD,post-market,None,34147000,0.0328,0.0851,0.088,30.7,None,144958000,19269000,None,51.33,48.91,200.0,450081000,41381000,45980000,351471000,408700000,305500000,232145000,98610000,17.14,None,58.4,44.19
2025-12-28,UTL,2.85,502000000.0,17.14,None,0.508,33.35,10215000,None,3207000,3207000,4010000,-10215000,None,None,-739000,None,None,None,60826000,5560927,None,159359000,159359000,20600000,None,None,23982000,None,None,19123000,None,1.775,0.0365,1977000,1977000,None,-0.074,0.06,19963000,39086000,-0.03,2006-09-30,19.88,None,211700000.0,72786000,12828000,4275000,None,None,None,0,None,3675000,None,None,125689000,None,None,1827000,None,None,None,0.0741,6172000,52970000,19816000,10517000,1567000,None,None,None,None,None,None,None,3.368,1.461,1.743,None,None,None,None,None,None,None,0.0932,None,213321000,2025-11-03,quarterly,0.03,USD,post-market,None,34147000,0.0328,0.0851,0.088,30.7,None,144958000,19269000,None,51.33,48.91,200.0,450081000,41381000,45980000,351471000,408700000,305500000,232145000,98610000,17.14,None,58.4,44.19
2025-12-28,UTL,2.85,502000000.0,17.14,None,0.508,33.35,8812000,None,3207000,3207000,176000,-8812000,None,None,-890000,None,None,None,60826000,5560927,None,159359000,159359000,20600000,None,None,23982000,None,None,19123000,None,1.775,0.0365,1973000,1973000,None,-0.074,0.06,19963000,39086000,-0.03,2006-06-30,19.88,None,211700000.0,72786000,12828000,4275000,None,None,None,0,None,3675000,None,None,125689000,None,None,1435000,None,None,None,0.0741,10277000,52970000,19816000,10517000,1567000,None,None,None,None,None,None,None,3.368,1.461,1.743,None,None,None,None,None,None,None,0.0932,None,213321000,2025-11-03,quarterly,0.03,USD,post-market,None,34147000,0.0328,0.0851,0.088,30.7,None,144958000,19269000,None,51.33,48.91,200.0,450081000,41381000,45980000,351471000,408700000,305500000,232145000,98610000,17.14,None,58.4,44.19
2025-12-28,UTL,2.85,502000000.0,17.14,None,0.508,33.35,5626000,None,3207000,3207000,3938000,-5626000,None,None,1075000,None,None,None,60826000,5560927,None,159359000,159359000,20600000,None,None,23982000,None,None,19123000,4179000,1.775,0.0365,1966000,1966000,None,-0.074,0.06,19963000,39086000,-0.03,2006-03-31,19.88,None,211700000.0,72786000,12828000,4275000,None,None,None,0,None,3675000,None,None,125689000,None,None,2043000,None,None,None,0.0741,694000,52970000,19816000,10517000,1567000,None,None,None,None,None,None,None,3.368,1.461,1.743,None,None,None,None,None,-222000,None,0.0932,None,213321000,2025-11-03,quarterly,0.03,USD,post-market,None,34147000,0.0328,0.0851,0.088,30.7,None,144958000,19269000,None,51.33,48.91,200.0,450081000,41381000,45980000,351471000,408700000,305500000,232145000,98610000,17.14,None,58.4,44.19
2025-12-28,UTL,2.85,502000000.0,17.14,None,0.508,33.35,7687000,None,3207000,3207000,4258000,-7687000,None,None,34000,None,None,None,60826000,5560927,None,159359000,159359000,20600000,None,None,23982000,None,None,19123000,None,1.775,0.0365,1966000,1966000,None,-0.074,0.06,19963000,39086000,-0.03,2005-12-31,19.88,None,211700000.0,72786000,12828000,4275000,None,None,None,0,None,3675000,None,None,125689000,None,None,2706000,None,None,None,0.0741,3076000,52970000,19816000,10517000,1567000,None,None,None,None,None,None,None,3.368,1.461,1.743,None,None,None,None,None,None,None,0.0932,None,213321000,2025-11-03,quarterly,0.03,USD,post-market,None,34147000,0.0328,0.0851,0.088,30.7,None,144958000,19269000,None,51.33,48.91,200.0,450081000,41381000,45980000,351471000,408700000,305500000,232145000,98610000,17.14,None,58.4,44.19
2025-12-28,UTL,2.85,502000000.0,17.14,None,0.508,33.35,7182000,None,3207000,3207000,156000,-7182000,None,None,-752000,None,None,None,60826000,5560927,None,159359000,159359000,20600000,None,None,23982000,None,None,19123000,327000,1.775,0.0365,1964000,1964000,None,-0.074,0.06,19963000,39086000,-0.03,2005-09-30,19.88,None,211700000.0,72786000,12828000,4275000,None,None,None,0,None,3675000,None,None,125689000,None,None,1601000,None,None,None,0.0741,7251000,52970000,19816000,10517000,1567000,None,None,None,None,None,None,None,3.368,1.461,1.743,None,None,None,None,None,None,None,0.0932,None,213321000,2025-11-03,quarterly,0.03,USD,post-market,None,34147000,0.0328,0.0851,0.088,30.7,None,144958000,19269000,None,51.33,48.91,200.0,450081000,41381000,45980000,351471000,408700000,305500000,232145000,98610000,17.14,None,58.4,44.19
2025-12-28,UTL,2.85,502000000.0,17.14,None,0.508,33.35,169900000,None,3207000,3207000,43800000,-169900000,None,None,None,None,None,None,60826000,5560927,None,159359000,159359000,20600000,None,None,23982000,None,None,19123000,76100000,1.775,0.0365,27500000,27500000,None,-0.074,0.06,19963000,39086000,-0.03,2024-12-31,19.88,None,211700000.0,72786000,12828000,4275000,None,None,None,0,None,3675000,None,None,125689000,None,None,47100000,None,None,None,0.0741,125900000,52970000,19816000,10517000,1567000,None,None,None,None,None,None,None,3.368,1.461,1.743,None,None,None,None,None,1100000,None,0.0932,None,213321000,2025-11-03,annual,0.03,USD,post-market,None,34147000,0.0328,0.0851,0.088,30.7,None,144958000,19269000,None,51.33,48.91,200.0,450081000,41381000,45980000,351471000,408700000,305500000,232145000,98610000,17.14,None,58.4,44.19
2025-12-28,UTL,2.85,502000000.0,17.14,None,0.508,33.35,141000000,None,3207000,3207000,31500000,-141000000,None,None,16500000,None,None,None,60826000,5560927,None,159359000,159359000,20600000,None,None,23982000,None,None,19123000,67400000,1.775,0.0365,26200000,26200000,None,-0.074,0.06,19963000,39086000,-0.03,2023-12-31,19.88,None,211700000.0,72786000,12828000,4275000,None,None,None,0,None,3675000,None,None,125689000,None,None,45200000,None,None,None,0.0741,107000000,52970000,19816000,10517000,1567000,None,None,None,None,None,None,None,3.368,1.461,1.743,None,None,None,None,None,71300000,None,0.0932,None,213321000,2025-11-03,annual,0.03,USD,post-market,None,34147000,0.0328,0.0851,0.088,30.7,None,144958000,19269000,None,51.33,48.91,200.0,450081000,41381000,45980000,351471000,408700000,305500000,232145000,98610000,17.14,None,58.4,44.19
2025-12-28,UTL,2.85,502000000.0,17.14,None,0.508,33.35,122100000,None,3207000,3207000,26900000,-122100000,2500000,None,None,None,None,-6900000,60826000,5560927,None,159359000,159359000,20600000,None,None,23982000,None,None,19123000,62600000,1.775,0.0365,25100000,25100000,None,-0.074,0.06,19963000,39086000,-0.03,2022-12-31,19.88,None,211700000.0,72786000,12828000,4275000,None,None,None,0,None,3675000,None,None,125689000,None,None,41400000,None,None,None,0.0741,97700000,52970000,19816000,10517000,1567000,None,None,None,None,None,None,None,3.368,1.461,1.743,None,None,None,None,None,1000000,None,0.0932,None,213321000,2025-11-03,annual,0.03,USD,post-market,None,34147000,0.0328,0.0851,0.088,30.7,None,144958000,19269000,None,51.33,48.91,200.0,450081000,41381000,45980000,351471000,408700000,305500000,232145000,98610000,17.14,None,58.4,44.19
2025-12-28,UTL,2.85,502000000.0,17.14,None,0.508,33.35,115000000,None,3207000,3207000,7700000,-115000000,500000,None,-8800000,None,None,-4900000,60826000,5560927,None,159359000,159359000,20600000,None,None,23982000,None,None,19123000,59500000,1.775,0.0365,23600000,23600000,None,-0.074,0.06,19963000,39086000,-0.03,2021-12-31,19.88,None,211700000.0,72786000,12828000,4275000,None,None,None,0,None,3675000,None,None,125689000,None,None,36100000,None,None,None,0.0741,107800000,52970000,19816000,10517000,1567000,None,None,None,None,None,None,None,3.368,1.461,1.743,None,None,None,None,None,9400000,None,0.0932,None,213321000,2025-11-03,annual,0.03,USD,post-market,None,34147000,0.0328,0.0851,0.088,30.7,None,144958000,19269000,None,51.33,48.91,200.0,450081000,41381000,45980000,351471000,408700000,305500000,232145000,98610000,17.14,None,58.4,44.19
2025-12-28,UTL,2.85,502000000.0,17.14,None,0.508,33.35,122600000,None,3207000,3207000,47700000,-122600000,800000,None,-1600000,None,None,-6900000,60826000,5560927,None,159359000,159359000,20600000,None,None,23982000,None,None,19123000,54500000,1.775,0.0365,22600000,22600000,None,-0.074,0.06,19963000,39086000,-0.03,2020-12-31,19.88,None,211700000.0,72786000,12828000,4275000,None,None,None,0,None,3675000,None,None,125689000,None,None,32200000,None,None,None,0.0741,75700000,52970000,19816000,10517000,1567000,None,None,None,None,None,None,None,3.368,1.461,1.743,None,None,None,None,None,95800000,None,0.0932,None,213321000,2025-11-03,annual,0.03,USD,post-market,None,34147000,0.0328,0.0851,0.088,30.7,None,144958000,19269000,None,51.33,48.91,200.0,450081000,41381000,45980000,351471000,408700000,305500000,232145000,98610000,17.14,None,58.4,44.19
2025-12-28,UTL,2.85,502000000.0,17.14,None,0.508,33.35,119200000,None,3207000,3207000,-1700000,-105800000,-2600000,None,2600000,None,None,11700000,60826000,5560927,None,159359000,159359000,20600000,None,None,23982000,None,None,19123000,52000000,1.775,0.0365,22100000,22100000,None,-0.074,0.06,19963000,39086000,-0.03,2019-12-31,19.88,None,211700000.0,72786000,12828000,4275000,None,None,None,0,None,3675000,None,None,125689000,None,None,44200000,None,None,None,0.0741,104900000,52970000,19816000,10517000,1567000,None,None,None,None,None,None,None,3.368,1.461,1.743,None,None,None,None,None,40100000,None,0.0932,None,213321000,2025-11-03,annual,0.03,USD,post-market,None,34147000,0.0328,0.0851,0.088,30.7,None,144958000,19269000,None,51.33,48.91,200.0,450081000,41381000,45980000,351471000,408700000,305500000,232145000,98610000,17.14,None,58.4,44.19
2025-12-28,UTL,2.85,502000000.0,17.14,None,0.508,33.35,102400000,None,3207000,3207000,22800000,-102400000,-1100000,None,-1400000,None,None,-1700000,60826000,5560927,None,159359000,159359000,20600000,None,None,23982000,None,None,19123000,50400000,1.775,0.0365,21800000,21800000,None,-0.074,0.06,19963000,39086000,-0.03,2018-12-31,19.88,None,211700000.0,72786000,12828000,4275000,None,None,None,0,None,3675000,None,None,125689000,None,None,33000000,None,None,None,0.0741,78500000,52970000,19816000,10517000,1567000,None,None,None,None,None,None,None,3.368,1.461,1.743,None,None,None,None,None,74400000,None,0.0932,None,213321000,2025-11-03,annual,0.03,USD,post-market,None,34147000,0.0328,0.0851,0.088,30.7,None,144958000,19269000,None,51.33,48.91,200.0,450081000,41381000,45980000,351471000,408700000,305500000,232145000,98610000,17.14,None,58.4,44.19
2025-12-28,UTL,2.85,502000000.0,17.14,None,0.508,33.35,119300000,None,3207000,3207000,36200000,-119300000,3100000,None,-2500000,None,None,-15800000,60826000,5560927,None,159359000,159359000,20600000,None,None,23982000,None,None,19123000,46900000,1.775,0.0365,20400000,20400000,None,-0.074,0.06,19963000,39086000,-0.03,2017-12-31,19.88,None,211700000.0,72786000,12828000,4275000,None,None,None,0,None,3675000,None,None,125689000,None,None,29000000,None,None,None,0.0741,86200000,52970000,19816000,10517000,1567000,None,None,None,None,None,None,None,3.368,1.461,1.743,None,None,None,None,None,43200000,None,0.0932,None,213321000,2025-11-03,annual,0.03,USD,post-market,None,34147000,0.0328,0.0851,0.088,30.7,None,144958000,19269000,None,51.33,48.91,200.0,450081000,41381000,45980000,351471000,408700000,305500000,232145000,98610000,17.14,None,58.4,44.19
2025-12-28,UTL,2.85,502000000.0,17.14,None,0.508,33.35,98100000,None,3207000,3207000,26900000,-98100000,-2900000,None,-13500000,None,None,-13700000,60826000,5560927,None,159359000,159359000,20600000,None,None,23982000,None,None,19123000,46600000,1.775,0.0365,20000000,20000000,None,-0.074,0.06,19963000,39086000,-0.03,2016-12-31,19.88,None,211700000.0,72786000,12828000,4275000,None,None,None,0,None,3675000,None,None,125689000,None,None,27100000,None,None,None,0.0741,68300000,52970000,19816000,10517000,1567000,None,None,None,None,None,None,None,3.368,1.461,1.743,None,None,None,None,None,67100000,None,0.0932,None,213321000,2025-11-03,annual,0.03,USD,post-market,None,34147000,0.0328,0.0851,0.088,30.7,None,144958000,19269000,None,51.33,48.91,200.0,450081000,41381000,45980000,351471000,408700000,305500000,232145000,98610000,17.14,None,58.4,44.19
2025-12-28,UTL,2.85,502000000.0,17.14,None,0.508,33.35,103900000,None,3207000,3207000,-10900000,-103900000,300000,None,20900000,None,None,24900000,60826000,5560927,None,159359000,159359000,20600000,None,None,23982000,None,None,19123000,45700000,1.775,0.0365,19600000,19600000,None,-0.074,0.06,19963000,39086000,-0.03,2015-12-31,19.88,None,211700000.0,72786000,12828000,4275000,None,None,None,0,None,3675000,None,None,125689000,None,None,26300000,None,None,None,0.0741,115100000,52970000,19816000,10517000,1567000,None,None,None,None,None,None,None,3.368,1.461,1.743,None,None,None,None,None,18800000,None,0.0932,None,213321000,2025-11-03,annual,0.03,USD,post-market,None,34147000,0.0328,0.0851,0.088,30.7,None,144958000,19269000,None,51.33,48.91,200.0,450081000,41381000,45980000,351471000,408700000,305500000,232145000,98610000,17.14,None,58.4,44.19
2025-12-28,UTL,2.85,502000000.0,17.14,None,0.508,33.35,92600000,None,3207000,3207000,7600000,-92600000,-1000000,None,2900000,None,None,-4600000,60826000,5560927,None,159359000,159359000,20600000,None,None,23982000,None,None,19123000,42100000,1.775,0.0365,19200000,19200000,None,-0.074,0.06,19963000,39086000,-0.03,2014-12-31,19.88,None,211700000.0,72786000,12828000,4275000,None,None,None,0,None,3675000,None,None,125689000,None,None,24700000,None,None,None,0.0741,84000000,52970000,19816000,10517000,1567000,None,None,None,None,None,None,None,3.368,1.461,1.743,None,None,None,None,None,25600000,None,0.0932,None,213321000,2025-11-03,annual,0.03,USD,post-market,None,34147000,0.0328,0.0851,0.088,30.7,None,144958000,19269000,None,51.33,48.91,200.0,450081000,41381000,45980000,351471000,408700000,305500000,232145000,98610000,17.14,None,58.4,44.19
2025-12-28,UTL,2.85,502000000.0,17.14,None,0.508,33.35,89500000,None,3207000,3207000,-7200000,-89500000,-400000,None,8300000,None,None,900000,60826000,5560927,None,159359000,159359000,20600000,None,None,23982000,None,None,19123000,37700000,1.775,0.0365,19100000,19100000,None,-0.074,0.06,19963000,39086000,-0.03,2013-12-31,19.88,None,211700000.0,72786000,12828000,4275000,None,None,None,0,None,3675000,None,None,125689000,None,None,21600000,None,None,None,0.0741,96300000,52970000,19816000,10517000,1567000,None,None,None,None,None,None,None,3.368,1.461,1.743,None,None,None,None,None,10800000,None,0.0932,None,213321000,2025-11-03,annual,0.03,USD,post-market,None,34147000,0.0328,0.0851,0.088,30.7,None,144958000,19269000,None,51.33,48.91,200.0,450081000,41381000,45980000,351471000,408700000,305500000,232145000,98610000,17.14,None,58.4,44.19
2025-12-28,UTL,2.85,502000000.0,17.14,None,0.508,33.35,68500000,None,3207000,3207000,4100000,-68500000,2300000,None,4300000,None,None,-5600000,60826000,5560927,None,159359000,159359000,20600000,None,None,23982000,None,None,19123000,35100000,1.775,0.0365,17200000,17200000,None,-0.074,0.06,19963000,39086000,-0.03,2012-12-31,19.88,None,211700000.0,72786000,12828000,4275000,None,None,None,0,None,3675000,None,None,125689000,None,None,18200000,None,None,None,0.0741,66700000,52970000,19816000,10517000,1567000,None,None,None,None,None,None,None,3.368,1.461,1.743,None,None,None,None,None,-1800000,None,0.0932,None,213321000,2025-11-03,annual,0.03,USD,post-market,None,34147000,0.0328,0.0851,0.088,30.7,None,144958000,19269000,None,51.33,48.91,200.0,450081000,41381000,45980000,351471000,408700000,305500000,232145000,98610000,17.14,None,58.4,44.19
2025-12-28,UTL,2.85,502000000.0,17.14,None,0.508,33.35,57100000,None,3207000,3207000,9800000,-57100000,-1400000,None,-4200000,None,None,-17200000,60826000,5560927,None,159359000,159359000,20600000,None,None,23982000,None,None,19123000,29300000,1.775,0.0365,15200000,15200000,None,-0.074,0.06,19963000,39086000,-0.03,2011-12-31,19.88,None,211700000.0,72786000,12828000,4275000,None,None,None,0,None,3675000,None,None,125689000,None,None,16400000,None,None,None,0.0741,45900000,52970000,19816000,10517000,1567000,None,None,None,None,None,None,None,3.368,1.461,1.743,None,None,None,None,None,1000000,None,0.0932,None,213321000,2025-11-03,annual,0.03,USD,post-market,None,34147000,0.0328,0.0851,0.088,30.7,None,144958000,19269000,None,51.33,48.91,200.0,450081000,41381000,45980000,351471000,408700000,305500000,232145000,98610000,17.14,None,58.4,44.19
2025-12-28,UTL,2.85,502000000.0,17.14,None,0.508,33.35,49600000,None,3207000,3207000,24900000,-49600000,1200000,None,3700000,None,None,-6100000,60826000,5560927,None,159359000,159359000,20600000,None,None,23982000,None,None,19123000,28900000,1.775,0.0365,15000000,15000000,None,-0.074,0.06,19963000,39086000,-0.03,2010-12-31,19.88,None,211700000.0,72786000,12828000,4275000,None,None,None,0,None,3675000,None,None,125689000,None,None,9600000,None,None,None,0.0741,25900000,52970000,19816000,10517000,1567000,None,None,None,None,None,None,None,3.368,1.461,1.743,None,None,None,None,None,41800000,None,0.0932,None,213321000,2025-11-03,annual,0.03,USD,post-market,None,34147000,0.0328,0.0851,0.088,30.7,None,144958000,19269000,None,51.33,48.91,200.0,450081000,41381000,45980000,351471000,408700000,305500000,232145000,98610000,17.14,None,58.4,44.19
2025-12-28,UTL,2.85,502000000.0,17.14,None,0.508,33.35,58700000,None,3207000,3207000,10900000,-65600000,None,None,17300000,None,None,None,60826000,5560927,None,159359000,159359000,20600000,None,None,23982000,None,None,19123000,27400000,1.775,0.0365,13200000,13200000,None,-0.074,0.06,19963000,39086000,-0.03,2009-12-31,19.88,None,211700000.0,72786000,12828000,4275000,None,None,None,0,None,3675000,None,None,125689000,None,None,10000000,None,None,None,0.0741,50900000,52970000,19816000,10517000,1567000,None,None,None,None,None,None,None,3.368,1.461,1.743,None,None,None,None,None,-11400000,None,0.0932,None,213321000,2025-11-03,annual,0.03,USD,post-market,None,34147000,0.0328,0.0851,0.088,30.7,None,144958000,19269000,None,51.33,48.91,200.0,450081000,41381000,45980000,351471000,408700000,305500000,232145000,98610000,17.14,None,58.4,44.19
2025-12-28,UTL,2.85,502000000.0,17.14,None,0.508,33.35,28300000,None,3207000,3207000,197800000,-238200000,None,None,-10300000,None,None,None,60826000,5560927,None,159359000,159359000,20600000,None,None,23982000,None,None,19123000,19100000,1.775,0.0365,8100000,8100000,None,-0.074,0.06,19963000,39086000,-0.03,2008-12-31,19.88,None,211700000.0,72786000,12828000,4275000,None,None,None,0,None,3675000,None,None,125689000,None,None,9700000,None,None,None,0.0741,47300000,52970000,19816000,10517000,1567000,None,None,None,None,None,None,None,3.368,1.461,1.743,None,None,None,None,None,145300000,None,0.0932,None,213321000,2025-11-03,annual,0.03,USD,post-market,None,34147000,0.0328,0.0851,0.088,30.7,None,144958000,19269000,None,51.33,48.91,200.0,450081000,41381000,45980000,351471000,408700000,305500000,232145000,98610000,17.14,None,58.4,44.19
2025-12-28,UTL,2.85,502000000.0,17.14,None,0.508,33.35,32500000,None,3207000,3207000,5700000,-32500000,None,None,None,None,None,None,60826000,5560927,None,159359000,159359000,20600000,None,None,23982000,None,None,19123000,None,1.775,0.0365,7900000,7900000,None,-0.074,0.06,19963000,39086000,-0.03,2007-12-31,19.88,None,211700000.0,72786000,12828000,4275000,None,None,None,0,None,3675000,None,None,125689000,None,None,8700000,None,None,None,0.0741,26800000,52970000,19816000,10517000,1567000,None,None,None,None,None,None,None,3.368,1.461,1.743,None,None,None,None,None,None,None,0.0932,None,213321000,2025-11-03,annual,0.03,USD,post-market,None,34147000,0.0328,0.0851,0.088,30.7,None,144958000,19269000,None,51.33,48.91,200.0,450081000,41381000,45980000,351471000,408700000,305500000,232145000,98610000,17.14,None,58.4,44.19
2025-12-28,UTL,2.85,502000000.0,17.14,None,0.508,33.35,33642000,None,3207000,3207000,14618000,-33642000,None,None,None,None,None,None,60826000,5560927,None,159359000,159359000,20600000,None,None,23982000,None,None,19123000,None,1.775,0.0365,7908000,7908000,None,-0.074,0.06,19963000,39086000,-0.03,2006-12-31,19.88,None,211700000.0,72786000,12828000,4275000,None,None,None,0,None,3675000,None,None,125689000,None,None,8033000,None,None,None,0.0741,20373000,52970000,19816000,10517000,1567000,None,None,None,None,None,None,None,3.368,1.461,1.743,None,None,None,None,None,-243000,None,0.0932,None,213321000,2025-11-03,annual,0.03,USD,post-market,None,34147000,0.0328,0.0851,0.088,30.7,None,144958000,19269000,None,51.33,48.91,200.0,450081000,41381000,45980000,351471000,408700000,305500000,232145000,98610000,17.14,None,58.4,44.19
2025-12-28,UTL,2.85,502000000.0,17.14,None,0.508,33.35,24367000,None,3207000,3207000,466000,-24367000,None,None,-595000,None,None,None,60826000,5560927,None,159359000,159359000,20600000,None,None,23982000,None,None,19123000,None,1.775,0.0365,7843000,7843000,None,-0.074,0.06,19963000,39086000,-0.03,2005-12-31,19.88,None,211700000.0,72786000,12828000,4275000,None,None,None,0,None,3675000,None,None,125689000,None,None,8553000,None,None,None,0.0741,24076000,52970000,19816000,10517000,1567000,None,None,None,None,None,None,None,3.368,1.461,1.743,None,None,None,None,None,-11000,None,0.0932,None,213321000,2025-11-03,annual,0.03,USD,post-market,None,34147000,0.0328,0.0851,0.088,30.7,None,144958000,19269000,None,51.33,48.91,200.0,450081000,41381000,45980000,351471000,408700000,305500000,232145000,98610000,17.14,None,58.4,44.19
