date,symbol,eps,revenue_ttm,pe_ratio,accumulateddepreciationamortizationppe,beta,book_value,capitalexpenditures,capitalleaseobligations,cashandcashequivalentsatcarryingvalue,cashandshortterminvestments,cashflowfromfinancing,cashflowfrominvestment,changeincashandcashequivalents,changeinexchangerate,changeininventory,changeinoperatingassets,changeinoperatingliabilities,changeinreceivables,commonstock,commonstocksharesoutstanding,comprehensiveincomenetoftax,costofgoodsandservicessold,costofrevenue,currentaccountspayable,currentdebt,currentlongtermdebt,currentnetreceivables,deferredrevenue,depreciation,depreciationandamortization,depreciationdepletionandamortization,dividend_per_share,dividend_yield,dividendpayout,dividendpayoutcommonstock,dividendpayoutpreferredstock,earnings_growth_yoy,earnings_surprise,ebit,ebitda,estimated_eps,fiscaldateending,forward_pe,goodwill,gross_profit_ttm,grossprofit,incomebeforetax,incometaxexpense,intangibleassets,intangibleassetsexcludinggoodwill,interestanddebtexpense,interestexpense,interestincome,inventory,investmentincomenet,investments,longtermdebt,longtermdebtnoncurrent,longterminvestments,netincome,netincomefromcontinuingoperations,netinterestincome,noninterestincome,operating_margin_ttm,operatingcashflow,operatingexpenses,operatingincome,othercurrentassets,othercurrentliabilities,othernoncurrentassets,othernoncurrentliabilities,othernonoperatingincome,paymentsforoperatingactivities,paymentsforrepurchaseofcommonstock,paymentsforrepurchaseofequity,paymentsforrepurchaseofpreferredstock,peg_ratio,price_to_book,price_to_sales_ttm,proceedsfromissuanceofcommonstock,proceedsfromissuanceoflongtermdebtandcapitalsecuritiesnet,proceedsfromissuanceofpreferredstock,proceedsfromoperatingactivities,proceedsfromrepaymentsofshorttermdebt,proceedsfromrepurchaseofequity,proceedsfromsaleoftreasurystock,profit_margin,profitloss,propertyplantequipment,report_date,report_type,reported_eps,reportedcurrency,reporttime,researchanddevelopment,retainedearnings,return_on_assets_ttm,return_on_equity_ttm,revenue_growth_yoy,revenue_per_share_ttm,sellinggeneralandadministrative,shortlongtermdebttotal,shorttermdebt,shortterminvestments,sma_200,sma_50,surprise_pct,totalassets,totalcurrentassets,totalcurrentliabilities,totalliabilities,totalnoncurrentassets,totalnoncurrentliabilities,totalrevenue,totalshareholderequity,trailing_pe,treasurystock,week_52_high,week_52_low
2008-03-31,V,,,,,,,,,,,,,,,,,,,,,,,,,,,,,,,,,,,,,,0.02,,,0.11,,,,,,,,,,,,,,,,,,,,,,,,,,,,,,,,,,,,,,,,,,,,,,,,,2008-04-28,,0.13,,post-market,,,,,,,,,,,,,18.1818,,,,,,,,,,,,
2008-06-30,V,,,,,,,,,,,,,,,,,,,,,,,,,,,,,,,,,,,,,,0.03,,,0.12,,,,,,,,,,,,,,,,,,,,,,,,,,,,,,,,,,,,,,,,,,,,,,,,,2008-07-30,,0.15,,post-market,,,,,,,,,,,,,25.0,,,,,,,,,,,,
2008-09-30,V,,,,,,,,,,,,,,,,,,,,,,,,,,,,,,,,,,,,,,0.0,,,0.14,,,,,,,,,,,,,,,,,,,,,,,,,,,,,,,,,,,,,,,,,,,,,,,,,2008-10-29,,0.14,,post-market,,,,,,,,,,,,,0.0,,,,,,,,,,,,
2008-12-31,V,,,,,,,,,,,,,,,,,,,,,,,,,,,,,,,,,,,,,,0.04,,,0.16,,,,,,,,,,,,,,,,,,,,,,,,,,,,,,,,,,,,,,,,,,,,,,,,,2009-02-04,,0.2,,post-market,,,,,,,,,,,,,25.0,,,,,,,,,,,,
2009-03-31,V,,,,,,,,,,,,,,,,,,,,,,,,,,,,,,,,,,,,,,0.02,,,0.16,,,,,,,,,,,,,,,,,,,,,,,,,,,,,,,,,,,,,,,,,,,,,,,,,2009-04-29,,0.18,,post-market,,,,,,,,,,,,,12.5,,,,,,,,,,,,
2009-06-30,V,,,,,,,,,,,,,,,,,,,,,,,,,,,,,,,,,,,,,,0.01,,,0.16,,,,,,,,,,,,,,,,,,,,,,,,,,,,,,,,,,,,,,,,,,,,,,,,,2009-07-29,,0.17,,post-market,,,,,,,,,,,,,6.25,,,,,,,,,,,,
2009-09-30,V,,,,,,,,,,,,,,,,,,,,,,,,,,,,,,,,,,,,,,0.01,,,0.18,,,,,,,,,,,,,,,,,,,,,,,,,,,,,,,,,,,,,,,,,,,,,,,,,2009-10-27,,0.19,,post-market,,,,,,,,,,,,,5.5556,,,,,,,,,,,,
2009-12-31,V,,,,,,,,,,,,,,,,,,,,,,,,,,,,,,,,,,,,,,0.02,,,0.23,,,,,,,,,,,,,,,,,,,,,,,,,,,,,,,,,,,,,,,,,,,,,,,,,2010-02-03,,0.25,,post-market,,,,,,,,,,,,,8.6957,,,,,,,,,,,,
2010-03-31,V,,,,,,,,,,,,,,,,,,,,,,,,,,,,,,,,,,,,,,0.01,,,0.23,,,,,,,,,,,,,,,,,,,,,,,,,,,,,,,,,,,,,,,,,,,,,,,,,2010-04-28,,0.24,,post-market,,,,,,,,,,,,,4.3478,,,,,,,,,,,,
2010-06-30,V,,,,,,,,,,,,,,,,,,,,,,,,,,,,,,,,,,,,,,0.01,,,0.23,,,,,,,,,,,,,,,,,,,,,,,,,,,,,,,,,,,,,,,,,,,,,,,,,2010-07-28,,0.24,,post-market,,,,,,,,,,,,,4.3478,,,,,,,,,,,,
2010-09-30,V,,,,,,,,,,,,,,,,,,,,,,,,,,,,,,,,,,,,,,0.01,,,0.23,,,,,,,,,,,,,,,,,,,,,,,,,,,,,,,,,,,,,,,,,,,,,,,,,2010-10-27,,0.24,,post-market,,,,,,,,,,,,,4.3478,,,,,,,,,,,,
2010-12-31,V,,,,,,,,,,,,,,,,,,,,,,,,,,,,,,,,,,,,,,0.01,,,0.3,,,,,,,,,,,,,,,,,,,,,,,,,,,,,,,,,,,,,,,,,,,,,,,,,2011-02-02,,0.31,,post-market,,,,,,,,,,,,,3.3333,,,,,,,,,,,,
2011-03-31,V,,,,,,,,,,,,,,,,,,,,,,,,,,,,,,,,,,,,,,0.01,,,0.3,,,,,,,,,,,,,,,,,,,,,,,,,,,,,,,,,,,,,,,,,,,,,,,,,2011-05-05,,0.31,,post-market,,,,,,,,,,,,,3.3333,,,,,,,,,,,,
2011-06-30,V,,,,,,,,,,,,,,,,,,,,,,,,,,,,,,,,,,,,,,0.01,,,0.31,,,,,,,,,,,,,,,,,,,,,,,,,,,,,,,,,,,,,,,,,,,,,,,,,2011-07-27,,0.32,,post-market,,,,,,,,,,,,,3.2258,,,,,,,,,,,,
2011-09-30,V,,,,,,,,,,,,,,,,,,,,,,,,,,,,,,,,,,,,,,0.01,,,0.31,,,,,,,,,,,,,,,,,,,,,,,,,,,,,,,,,,,,,,,,,,,,,,,,,2011-10-26,,0.32,,post-market,,,,,,,,,,,,,3.2258,,,,,,,,,,,,
2011-12-31,V,,,,,,,,,,,,,,,,,,,,,,,,,,,,,,,,,,,,,,0.01,,,0.36,,,,,,,,,,,,,,,,,,,,,,,,,,,,,,,,,,,,,,,,,,,,,,,,,2012-02-08,,0.37,,post-market,,,,,,,,,,,,,2.7778,,,,,,,,,,,,
2012-03-31,V,,,,,,,,,,,,,,,,,,,,,,,,,,,,,,,,,,,,,,0.02,,,0.38,,,,,,,,,,,,,,,,,,,,,,,,,,,,,,,,,,,,,,,,,,,,,,,,,2012-05-02,,0.4,,post-market,,,,,,,,,,,,,5.2632,,,,,,,,,,,,
2012-06-30,V,,,,,,,,,,,,,,,,,,,,,,,,,,,,,,,,,,,,,,0.03,,,0.36,,,,,,,,,,,,,,,,,,,,,,,,,,,,,,,,,,,,,,,,,,,,,,,,,2012-07-25,,0.39,,post-market,,,,,,,,,,,,,8.3333,,,,,,,,,,,,
2012-09-30,V,,,,,,,,,,,,,,,,,,,,,,,,,,,,,,,,,,,,,,0.02,,,0.37,,,,,,,,,,,,,,,,,,,,,,,,,,,,,,,,,,,,,,,,,,,,,,,,,2012-10-31,,0.39,,post-market,,,,,,,,,,,,,5.4054,,,,,,,,,,,,
2012-12-31,V,,,,,,,,,,,,,,,,,,,,,,,,,,,,,,,,,,,,,,0.03,,,0.45,,,,,,,,,,,,,,,,,,,,,,,,,,,,,,,,,,,,,,,,,,,,,,,,,2013-02-06,,0.48,,post-market,,,,,,,,,,,,,6.6667,,,,,,,,,,,,
2013-03-31,V,,,,,,,,,,,,,,,,,,,,,,,,,,,,,,,,,,,,,,0.03,,,0.45,,,,,,,,,,,,,,,,,,,,,,,,,,,,,,,,,,,,,,,,,,,,,,,,,2013-05-01,,0.48,,post-market,,,,,,,,,,,,,6.6667,,,,,,,,,,,,
2013-06-30,V,,,,,,,,,,,,,,,,,,,,,,,,,,,,,,,,,,,,,,0.02,,,0.45,,,,,,,,,,,,,,,,,,,,,,,,,,,,,,,,,,,,,,,,,,,,,,,,,2013-07-24,,0.47,,post-market,,,,,,,,,,,,,4.4444,,,,,,,,,,,,
2013-09-30,V,,,,,,,,,,,,,,,,,,,,,,,,,,,,,,,,,,,,,,0.0,,,0.46,,,,,,,,,,,,,,,,,,,,,,,,,,,,,,,,,,,,,,,,,,,,,,,,,2013-10-30,,0.46,,post-market,,,,,,,,,,,,,0.0,,,,,,,,,,,,
2013-12-31,V,,,,,,,,,,,,,,,,,,,,,,,,,,,,,,,,,,,,,,0.01,,,0.54,,,,,,,,,,,,,,,,,,,,,,,,,,,,,,,,,,,,,,,,,,,,,,,,,2014-01-30,,0.55,,pre-market,,,,,,,,,,,,,1.8519,,,,,,,,,,,,
2014-03-31,V,,,,,,,,,,,,,,,,,,,,,,,,,,,,,,,,,,,,,,-0.01,,,0.55,,,,,,,,,,,,,,,,,,,,,,,,,,,,,,,,,,,,,,,,,,,,,,,,,2014-04-24,,0.54,,post-market,,,,,,,,,,,,,-1.8182,,,,,,,,,,,,
2014-06-30,V,,,,,,,,,,,,,,,,,,,,,,,,,,,,,,,,,,,,,,0.02,,,0.52,,,,,,,,,,,,,,,,,,,,,,,,,,,,,,,,,,,,,,,,,,,,,,,,,2014-07-24,,0.54,,post-market,,,,,,,,,,,,,3.8462,,,,,,,,,,,,
2014-09-30,V,,,,,,,,,,,,,,,,,,,,,,,,,,,,,,,,,,,,,,0.02,,,0.53,,,,,,,,,,,,,,,,,,,,,,,,,,,,,,,,,,,,,,,,,,,,,,,,,2014-10-29,,0.55,,post-market,,,,,,,,,,,,,3.7736,,,,,,,,,,,,
2014-12-31,V,,,,,,,,,,,,,,,,,,,,,,,,,,,,,,,,,,,,,,0.01,,,0.62,,,,,,,,,,,,,,,,,,,,,,,,,,,,,,,,,,,,,,,,,,,,,,,,,2015-01-29,,0.63,,post-market,,,,,,,,,,,,,1.6129,,,,,,,,,,,,
2015-03-31,V,,,,,,,,,,,,,,,,,,,,,,,,,,,,,,,,,,,,,,0.01,,,0.62,,,,,,,,,,,,,,,,,,,,,,,,,,,,,,,,,,,,,,,,,,,,,,,,,2015-04-30,,0.63,,post-market,,,,,,,,,,,,,1.6129,,,,,,,,,,,,
2015-06-30,V,,,,,,,,,,,,,,,,,,,,,,,,,,,,,,,,,,,,,,0.04,,,0.58,,,,,,,,,,,,,,,,,,,,,,,,,,,,,,,,,,,,,,,,,,,,,,,,,2015-07-23,,0.62,,post-market,,,,,,,,,,,,,6.8966,,,,,,,,,,,,
2015-09-30,V,,,,,,,,,,,,,,,,,,,,,,,,,,,,,,,,,,,,,,-0.01,,,0.63,,,,,,,,,,,,,,,,,,,,,,,,,,,,,,,,,,,,,,,,,,,,,,,,,2015-11-02,,0.62,,pre-market,,,,,,,,,,,,,-1.5873,,,,,,,,,,,,
2015-12-31,V,,,,,,,,,,,,,,,,,,,,,,,,,,,,,,,,,,,,,,0.01,,,0.68,,,,,,,,,,,,,,,,,,,,,,,,,,,,,,,,,,,,,,,,,,,,,,,,,2016-01-28,,0.69,,post-market,,,,,,,,,,,,,1.4706,,,,,,,,,,,,
2016-03-31,V,,,,,,,,,,,,,,,,,,,,,,,,,,,,,,,,,,,,,,0.02,,,0.66,,,,,,,,,,,,,,,,,,,,,,,,,,,,,,,,,,,,,,,,,,,,,,,,,2016-04-21,,0.68,,post-market,,,,,,,,,,,,,3.0303,,,,,,,,,,,,
2016-06-30,V,,,,,,,,,,,,,,,,,,,,,,,,,,,,,,,,,,,,,,0.02,,,0.67,,,,,,,,,,,,,,,,,,,,,,,,,,,,,,,,,,,,,,,,,,,,,,,,,2016-07-21,,0.69,,post-market,,,,,,,,,,,,,2.9851,,,,,,,,,,,,
2016-09-30,V,,,,,,,,,,,,,,,,,,,,,,,,,,,,,,,,,,,,,,0.05,,,0.73,,,,,,,,,,,,,,,,,,,,,,,,,,,,,,,,,,,,,,,,,,,,,,,,,2016-10-24,,0.78,,post-market,,,,,,,,,,,,,6.8493,,,,,,,,,,,,
2016-12-31,V,,,,,,,,,,,,,,,,,,,,,,,,,,,,,,,,,,,,,,0.08,,,0.78,,,,,,,,,,,,,,,,,,,,,,,,,,,,,,,,,,,,,,,,,,,,,,,,,2017-02-02,,0.86,,post-market,,,,,,,,,,,,,10.2564,,,,,,,,,,,,
2017-03-31,V,,,,,,,,,,,,,,,,,,,,,,,,,,,,,,,,,,,,,,0.07,,,0.79,,,,,,,,,,,,,,,,,,,,,,,,,,,,,,,,,,,,,,,,,,,,,,,,,2017-04-20,,0.86,,post-market,,,,,,,,,,,,,8.8608,,,,,,,,,,,,
2017-06-30,V,,,,,,,,,,,,,,,,,,,,,,,,,,,,,,,,,,,,,,0.05,,,0.81,,,,,,,,,,,,,,,,,,,,,,,,,,,,,,,,,,,,,,,,,,,,,,,,,2017-07-20,,0.86,,post-market,,,,,,,,,,,,,6.1728,,,,,,,,,,,,
2017-09-30,V,,,,,,,,,,,,,,,,,,,,,,,,,,,,,,,,,,,,,,0.05,,,0.85,,,,,,,,,,,,,,,,,,,,,,,,,,,,,,,,,,,,,,,,,,,,,,,,,2017-10-25,,0.9,,pre-market,,,,,,,,,,,,,5.8824,,,,,,,,,,,,
2017-12-31,V,,,,,,,,,,,,,,,,,,,,,,,,,,,,,,,,,,,,,,0.1,,,0.98,,,,,,,,,,,,,,,,,,,,,,,,,,,,,,,,,,,,,,,,,,,,,,,,,2018-02-01,,1.08,,post-market,,,,,,,,,,,,,10.2041,,,,,,,,,,,,
2018-03-31,V,,,,,,,,,,,,,,,,,,,,,,,,,,,,,,,,,,,,,,0.1,,,1.01,,,,,,,,,,,,,,,,,,,,,,,,,,,,,,,,,,,,,,,,,,,,,,,,,2018-04-25,,1.11,,post-market,,,,,,,,,,,,,9.901,,,,,,,,,,,,
2018-06-30,V,,,,,,,,,,,,,,,,,,,,,,,,,,,,,,,,,,,,,,0.11,,,1.09,,,,,,,,,,,,,,,,,,,,,,,,,,,,,,,,,,,,,,,,,,,,,,,,,2018-07-25,,1.2,,post-market,,,,,,,,,,,,,10.0917,,,,,,,,,,,,
2018-09-30,V,,,,,,,,,,,,,,,,,,,,,,,,,,,,,,,,,,,,,,0.01,,,1.2,,,,,,,,,,,,,,,,,,,,,,,,,,,,,,,,,,,,,,,,,,,,,,,,,2018-10-24,,1.21,,post-market,,,,,,,,,,,,,0.8333,,,,,,,,,,,,
2018-12-31,V,,,,,,,,,,,,,,,,,,,,,,,,,,,,,,,,,,,,,,0.05,,,1.25,,,,,,,,,,,,,,,,,,,,,,,,,,,,,,,,,,,,,,,,,,,,,,,,,2019-01-30,,1.3,,post-market,,,,,,,,,,,,,4.0,,,,,,,,,,,,
2019-03-31,V,,,,,,,,,,,,,,,,,,,,,,,,,,,,,,,,,,,,,,0.07,,,1.24,,,,,,,,,,,,,,,,,,,,,,,,,,,,,,,,,,,,,,,,,,,,,,,,,2019-04-24,,1.31,,post-market,,,,,,,,,,,,,5.6452,,,,,,,,,,,,
2019-06-30,V,,,,,,,,,,,,,,,,,,,,,,,,,,,,,,,,,,,,,,0.05,,,1.32,,,,,,,,,,,,,,,,,,,,,,,,,,,,,,,,,,,,,,,,,,,,,,,,,2019-07-23,,1.37,,post-market,,,,,,,,,,,,,3.7879,,,,,,,,,,,,
2019-09-30,V,,,,,,,,,,,,,,,,,,,,,,,,,,,,,,,,,,,,,,0.04,,,1.43,,,,,,,,,,,,,,,,,,,,,,,,,,,,,,,,,,,,,,,,,,,,,,,,,2019-10-24,,1.47,,post-market,,,,,,,,,,,,,2.7972,,,,,,,,,,,,
2019-12-31,V,,,,,,,,,,,,,,,,,,,,,,,,,,,,,,,,,,,,,,-0.01,,,1.47,,,,,,,,,,,,,,,,,,,,,,,,,,,,,,,,,,,,,,,,,,,,,,,,,2020-01-30,,1.46,,post-market,,,,,,,,,,,,,-0.6803,,,,,,,,,,,,
2020-03-31,V,,,,,,,,,,,,,,,,,,,,,,,,,,,,,,,,,,,,,,0.04,,,1.35,,,,,,,,,,,,,,,,,,,,,,,,,,,,,,,,,,,,,,,,,,,,,,,,,2020-04-30,,1.39,,post-market,,,,,,,,,,,,,2.963,,,,,,,,,,,,
2020-06-30,V,,,,,,,,,,,,,,,,,,,,,,,,,,,,,,,,,,,,,,0.02,,,1.04,,,,,,,,,,,,,,,,,,,,,,,,,,,,,,,,,,,,,,,,,,,,,,,,,2020-07-28,,1.06,,post-market,,,,,,,,,,,,,1.9231,,,,,,,,,,,,
2020-09-30,V,,,,,,,,,,,,,,,,,,,,,,,,,,,,,,,,,,,,,,0.02,,,1.1,,,,,,,,,,,,,,,,,,,,,,,,,,,,,,,,,,,,,,,,,,,,,,,,,2020-10-28,,1.12,,post-market,,,,,,,,,,,,,1.8182,,,,,,,,,,,,
2020-12-31,V,,,,,,,,,,,,,,,,,,,,,,,,,,,,,,,,,,,,,,0.14,,,1.28,,,,,,,,,,,,,,,,,,,,,,,,,,,,,,,,,,,,,,,,,,,,,,,,,2021-01-28,,1.42,,post-market,,,,,,,,,,,,,10.9375,,,,,,,,,,,,
2021-03-31,V,,,,,,,,,,,,,,,,,,,,,,,,,,,,,,,,,,,,,,0.11,,,1.27,,,,,,,,,,,,,,,,,,,,,,,,,,,,,,,,,,,,,,,,,,,,,,,,,2021-04-27,,1.38,,post-market,,,,,,,,,,,,,8.6614,,,,,,,,,,,,
2021-06-30,V,,,,,,,,,,,,,,,,,,,,,,,,,,,,,,,,,,,,,,0.14,,,1.35,,,,,,,,,,,,,,,,,,,,,,,,,,,,,,,,,,,,,,,,,,,,,,,,,2021-07-27,,1.49,,post-market,,,,,,,,,,,,,10.3704,,,,,,,,,,,,
2021-09-30,V,,,,,,,,,,,,,,,,,,,,,,,,,,,,,,,,,,,,,,0.08,,,1.54,,,,,,,,,,,,,,,,,,,,,,,,,,,,,,,,,,,,,,,,,,,,,,,,,2021-10-26,,1.62,,post-market,,,,,,,,,,,,,5.1948,,,,,,,,,,,,
2021-12-31,V,,,,,,,,,,,,,,,,,,,,,,,,,,,,,,,,,,,,,,0.11,,,1.7,,,,,,,,,,,,,,,,,,,,,,,,,,,,,,,,,,,,,,,,,,,,,,,,,2022-01-27,,1.81,,post-market,,,,,,,,,,,,,6.4706,,,,,,,,,,,,
2022-03-31,V,,,,,,,,,,,,,,,,,,,,,,,,,,,,,,,,,,,,,,0.14,,,1.65,,,,,,,,,,,,,,,,,,,,,,,,,,,,,,,,,,,,,,,,,,,,,,,,,2022-04-26,,1.79,,post-market,,,,,,,,,,,,,8.4848,,,,,,,,,,,,
2022-06-30,V,,,,,,,,,,,,,,,,,,,,,,,,,,,,,,,,,,,,,,0.23,,,1.75,,,,,,,,,,,,,,,,,,,,,,,,,,,,,,,,,,,,,,,,,,,,,,,,,2022-07-26,,1.98,,post-market,,,,,,,,,,,,,13.1429,,,,,,,,,,,,
2022-09-30,V,,,,,,,,,,,,,,,,,,,,,,,,,,,,,,,,,,,,,,0.06,,,1.87,,,,,,,,,,,,,,,,,,,,,,,,,,,,,,,,,,,,,,,,,,,,,,,,,2022-10-25,,1.93,,post-market,,,,,,,,,,,,,3.2086,,,,,,,,,,,,
2022-12-31,V,,,,,,,,,,,,,,,,,,,,,,,,,,,,,,,,,,,,,,0.17,,,2.01,,,,,,,,,,,,,,,,,,,,,,,,,,,,,,,,,,,,,,,,,,,,,,,,,2023-01-26,,2.18,,post-market,,,,,,,,,,,,,8.4577,,,,,,,,,,,,
2023-03-31,V,,,,,,,,,,,,,,,,,,,,,,,,,,,,,,,,,,,,,,0.1,,,1.99,,,,,,,,,,,,,,,,,,,,,,,,,,,,,,,,,,,,,,,,,,,,,,,,,2023-04-25,,2.09,,post-market,,,,,,,,,,,,,5.0251,,,,,,,,,,,,
2023-06-30,V,,,,,,,,,,,,,,,,,,,,,,,,,,,,,,,,,,,,,,0.04,,,2.12,,,,,,,,,,,,,,,,,,,,,,,,,,,,,,,,,,,,,,,,,,,,,,,,,2023-07-25,,2.16,,post-market,,,,,,,,,,,,,1.8868,,,,,,,,,,,,
2023-09-30,V,,,,,,,,,,,,,,,,,,,,,,,,,,,,,,,,,,,,,,0.09,,,2.24,,,,,,,,,,,,,,,,,,,,,,,,,,,,,,,,,,,,,,,,,,,,,,,,,2023-10-24,,2.33,,post-market,,,,,,,,,,,,,4.0179,,,,,,,,,,,,
2023-12-31,V,,,,,,,,,,,,,,,,,,,,,,,,,,,,,,,,,,,,,,0.07,,,2.34,,,,,,,,,,,,,,,,,,,,,,,,,,,,,,,,,,,,,,,,,,,,,,,,,2024-01-25,,2.41,,post-market,,,,,,,,,,,,,2.9915,,,,,,,,,,,,
2024-03-31,V,,,,,,,,,,,,,,,,,,,,,,,,,,,,,,,,,,,,,,0.07,,,2.44,,,,,,,,,,,,,,,,,,,,,,,,,,,,,,,,,,,,,,,,,,,,,,,,,2024-04-23,,2.51,,post-market,,,,,,,,,,,,,2.8689,,,,,,,,,,,,
2024-06-30,V,,,,,,,,,,,,,,,,,,,,,,,,,,,,,,,,,,,,,,0.0,,,2.42,,,,,,,,,,,,,,,,,,,,,,,,,,,,,,,,,,,,,,,,,,,,,,,,,2024-07-23,,2.42,,post-market,,,,,,,,,,,,,0.0,,,,,,,,,,,,
2024-09-30,V,,,,,,,,,,,,,,,,,,,,,,,,,,,,,,,,,,,,,,0.13,,,2.58,,,,,,,,,,,,,,,,,,,,,,,,,,,,,,,,,,,,,,,,,,,,,,,,,2024-10-29,,2.71,,post-market,,,,,,,,,,,,,5.0388,,,,,,,,,,,,
2024-12-31,V,,,,,,,,,,,,,,,,,,,,,,,,,,,,,,,,,,,,,,0.0889,,,2.6611,,,,,,,,,,,,,,,,,,,,,,,,,,,,,,,,,,,,,,,,,,,,,,,,,2025-01-30,,2.75,,post-market,,,,,,,,,,,,,3.3407,,,,,,,,,,,,
2025-03-31,V,,,,,,,,,,,,,,,,,,,,,,,,,,,,,,,,,,,,,,0.08,,,2.68,,,,,,,,,,,,,,,,,,,,,,,,,,,,,,,,,,,,,,,,,,,,,,,,,2025-04-29,,2.76,,post-market,,,,,,,,,,,,,2.9851,,,,,,,,,,,,
2025-06-30,V,,,,,,,,,,,,,,,,,,,,,,,,,,,,,,,,,,,,,,0.13,,,2.85,,,,,,,,,,,,,,,,,,,,,,,,,,,,,,,,,,,,,,,,,,,,,,,,,2025-07-29,,2.98,,post-market,,,,,,,,,,,,,4.5614,,,,,,,,,,,,
2025-09-30,V,,,,,,,,,,,,,,,,,,,,,,,,,,,,,,,,,,,,,,0.01,,,2.97,,,,,,,,,,,,,,,,,,,,,,,,,,,,,,,,,,,,,,,,,,,,,,,,,2025-10-28,,2.98,,post-market,,,,,,,,,,,,,0.3367,,,,,,,,,,,,
2025-12-28,V,10.19,40000000000.0,34.84,,0.822,19.38,,,,,,,,,,,,,,,,,,,,,,,,,,2.44,0.0069,,,,-0.014,0.01,,,2.97,,27.7,,39105999000.0,,,,,,,,,,,,,,,,,,,0.657,,,,,,,,,,,,,1.952,18.42,17.13,,,,,,,,0.501,,,2025-10-28,,2.98,,post-market,,,0.173,0.521,0.115,20.61,,,,,344.52,338.23,0.3367,,,,,,,,,34.84,,374.1,297.38
2025-12-28,V,10.19,40000000000.0,34.84,,0.822,19.38,,,,,,,,,,,,,,,None,1981000000,1981000000,,,,,,None,316000000,,2.44,0.0069,,,,-0.014,0.01,6433000000,6749000000,2.97,2025-09-30,27.7,,39105999000.0,8743000000,6223000000,1133000000,,,None,210000000,75000000,,None,,,,,5090000000,5090000000,-210000000,None,0.657,,2595000000,6148000000,,,,,None,,,,,1.952,18.42,17.13,,,,,,,,0.501,,,2025-10-28,quarterly,2.98,USD,post-market,None,,0.173,0.521,0.115,20.61,800000000,,,,344.52,338.23,0.3367,,,,,,,10724000000,,34.84,,374.1,297.38
2025-12-28,V,10.19,40000000000.0,34.84,,0.822,19.38,,,,,,,,,,,,,,,None,1973000000,1973000000,,,,,,None,317000000,,2.44,0.0069,,,,-0.014,0.01,6372000000,6689000000,2.97,2025-06-30,27.7,,39105999000.0,8199000000,6333000000,1061000000,,,None,39000000,156000000,,None,,,,,5272000000,5272000000,-39000000,None,0.657,,2022000000,6177000000,,,,,None,,,,,1.952,18.42,17.13,,,,,,,,0.501,,,2025-10-28,quarterly,2.98,USD,post-market,None,,0.173,0.521,0.115,20.61,669000000,,,,344.52,338.23,0.3367,,,,,,,10172000000,,34.84,,374.1,297.38
2025-12-28,V,10.19,40000000000.0,34.84,,0.822,19.38,,,,,,,,,,,,,,,None,1881000000,1881000000,,,,,,None,305000000,,2.44,0.0069,,,,-0.014,0.01,5596000000,5901000000,2.97,2025-03-31,27.7,,39105999000.0,7713000000,5438000000,861000000,,,None,158000000,3000000,,None,,,,,4577000000,4577000000,-158000000,None,0.657,,2278000000,5435000000,,,,,None,,,,,1.952,18.42,17.13,,,,,,,,0.501,,,2025-10-28,quarterly,2.98,USD,post-market,None,,0.173,0.521,0.115,20.61,592000000,,,,344.52,338.23,0.3367,,,,,,,9594000000,,34.84,,374.1,297.38
2025-12-28,V,10.19,40000000000.0,34.84,,0.822,19.38,,,,,,,,,,,,,,,None,2020000000,2020000000,,,,,,None,282000000,,2.44,0.0069,,,,-0.014,0.01,6382000000,6664000000,2.97,2024-12-31,27.7,,39105999000.0,7490000000,6200000000,1081000000,,,None,182000000,34000000,,None,,,,,5119000000,5119000000,-182000000,None,0.657,,1256000000,6234000000,,,,,None,,,,,1.952,18.42,17.13,,,,,,,,0.501,,,2025-10-28,quarterly,2.98,USD,post-market,None,,0.173,0.521,0.115,20.61,624000000,,,,344.52,338.23,0.3367,,,,,,,9510000000,,34.84,,374.1,297.38
2025-12-28,V,10.19,40000000000.0,34.84,,0.822,19.38,,,,,,,,,,,,,,,None,1817000000,1817000000,,,,,,None,274000000,,2.44,0.0069,,,,-0.014,0.01,6548000000,6822000000,2.97,2024-09-30,27.7,,39105999000.0,7800000000,6372000000,1054000000,,,None,176000000,23000000,,None,,,,,5318000000,5318000000,-176000000,None,0.657,,1451000000,6349000000,,,,,None,,,,,1.952,18.42,17.13,,,,,,,,0.501,,,2025-10-28,quarterly,2.98,USD,post-market,None,,0.173,0.521,0.115,20.61,616000000,,,,344.52,338.23,0.3367,,,,,,,9617000000,,34.84,,374.1,297.38
2025-12-28,V,10.19,40000000000.0,34.84,,0.822,19.38,,,,,,,,,,,,,,,None,1773000000,1773000000,,,,,,None,264000000,,2.44,0.0069,,,,-0.014,0.01,6185000000,6449000000,2.97,2024-06-30,27.7,,39105999000.0,7127000000,5989000000,1117000000,,,None,196000000,None,,None,,,,,4872000000,4872000000,-196000000,None,0.657,,1189000000,5938000000,,,,,None,,,,,1.952,18.42,17.13,,,,,,,,0.501,,,2025-10-28,quarterly,2.98,USD,post-market,None,,0.173,0.521,0.115,20.61,534000000,,,,344.52,338.23,0.3367,,,,,,,8900000000,,34.84,,374.1,297.38
2025-12-28,V,10.19,40000000000.0,34.84,,0.822,19.38,,,,,,,,,,,,,,,None,2041000000,2041000000,,,,,,None,249000000,,2.44,0.0069,,,,-0.014,0.01,5810000000,6059000000,2.97,2024-03-31,27.7,,39105999000.0,6734000000,5513000000,850000000,,,None,82000000,None,,None,,,,,4663000000,4663000000,-82000000,None,0.657,,924000000,5354000000,,,,,None,,,,,1.952,18.42,17.13,,,,,,,,0.501,,,2025-10-28,quarterly,2.98,USD,post-market,None,,0.173,0.521,0.115,20.61,612000000,,,,344.52,338.23,0.3367,,,,,,,8775000000,,34.84,,374.1,297.38
2025-12-28,V,10.19,40000000000.0,34.84,,0.822,19.38,,,,,,,,,,,,,,,None,1660000000,1660000000,,,,,,None,247000000,,2.44,0.0069,,,,-0.014,0.01,6229000000,6476000000,2.97,2023-12-31,27.7,,39105999000.0,6974000000,6042000000,1152000000,,,None,187000000,None,,None,,,,,4890000000,4890000000,-187000000,None,0.657,,1020000000,5954000000,,,,,None,,,,,1.952,18.42,17.13,,,,,,,,0.501,,,2025-10-28,quarterly,2.98,USD,post-market,None,,0.173,0.521,0.115,20.61,471000000,,,,344.52,338.23,0.3367,,,,,,,8634000000,,34.84,,374.1,297.38
2025-12-28,V,10.19,40000000000.0,34.84,,0.822,19.38,,,,,,,,,,,,,,,None,1695000000,1695000000,,,,,,None,247000000,,2.44,0.0069,,,,-0.014,0.01,5819000000,6066000000,2.97,2023-09-30,27.7,,39105999000.0,6914000000,5636000000,955000000,,,None,183000000,None,,None,,,,,4681000000,4681000000,-183000000,None,0.657,,1364000000,5550000000,,,,,None,,,,,1.952,18.42,17.13,,,,,,,,0.501,,,2025-10-28,quarterly,2.98,USD,post-market,None,,0.173,0.521,0.115,20.61,585000000,,,,344.52,338.23,0.3367,,,,,,,8609000000,,34.84,,374.1,297.38
2025-12-28,V,10.19,40000000000.0,34.84,,0.822,19.38,,,,,,,,,,,,,,,None,1663000000,1663000000,,,,,,None,235000000,,2.44,0.0069,,,,-0.014,0.01,5328000000,5563000000,2.97,2023-06-30,27.7,,39105999000.0,6460000000,5146000000,990000000,,,None,182000000,122000000,,None,,,,,4156000000,4156000000,-182000000,None,0.657,,1436000000,5024000000,,,,,304000000,,,,,1.952,18.42,17.13,,,,,,,,0.501,,,2025-10-28,quarterly,2.98,USD,post-market,None,,0.173,0.521,0.115,20.61,447000000,,,,344.52,338.23,0.3367,,,,,,,8123000000,,34.84,,374.1,297.38
2025-12-28,V,10.19,40000000000.0,34.84,,0.822,19.38,,,,,,,,,,,,,,,None,1694000000,1694000000,,,,,,None,234000000,,2.44,0.0069,,,,-0.014,0.01,5420000000,5654000000,2.97,2023-03-31,27.7,,39105999000.0,6291000000,5278000000,1021000000,,,None,142000000,58000000,,None,,,,,4257000000,4257000000,-142000000,None,0.657,,955000000,5336000000,,,,,84000000,,,,,1.952,18.42,17.13,,,,,,,,0.501,,,2025-10-28,quarterly,2.98,USD,post-market,None,,0.173,0.521,0.115,20.61,412000000,,,,344.52,338.23,0.3367,,,,,,,7985000000,,34.84,,374.1,297.38
2025-12-28,V,10.19,40000000000.0,34.84,,0.822,19.38,,,,,,,,,,,,,,,None,1515000000,1515000000,,,,,,None,227000000,,2.44,0.0069,,,,-0.014,0.01,5114000000,5341000000,2.97,2022-12-31,27.7,,39105999000.0,6421000000,4977000000,798000000,,,None,137000000,113000000,,None,,,,,4179000000,4179000000,-137000000,None,0.657,,1331000000,5090000000,,,,,24000000,,,,,1.952,18.42,17.13,,,,,,,,0.501,,,2025-10-28,quarterly,2.98,USD,post-market,None,,0.173,0.521,0.115,20.61,431000000,,,,344.52,338.23,0.3367,,,,,,,7936000000,,34.84,,374.1,297.38
2025-12-28,V,10.19,40000000000.0,34.84,,0.822,19.38,,,,,,,,,,,,,,,None,1541000000,1541000000,,,,,,None,226000000,,2.44,0.0069,,,,-0.014,0.01,5027000000,5253000000,2.97,2022-09-30,27.7,,39105999000.0,6246000000,4868000000,928000000,,,None,159000000,219000000,,None,,,,,3940000000,3940000000,-159000000,None,0.657,,1159000000,5087000000,,,,,-60000000,,,,,1.952,18.42,17.13,,,,,,,,0.501,,,2025-10-28,quarterly,2.98,USD,post-market,None,,0.173,0.521,0.115,20.61,501000000,,,,344.52,338.23,0.3367,,,,,,,7787000000,,34.84,,374.1,297.38
2025-12-28,V,10.19,40000000000.0,34.84,,0.822,19.38,,,,,,,,,,,,,,,None,1461000000,1461000000,,,,,,None,230000000,,2.44,0.0069,,,,-0.014,0.01,3940000000,4170000000,2.97,2022-06-30,27.7,,39105999000.0,5814000000,3829000000,418000000,,,None,111000000,319000000,,None,,,,,3411000000,3411000000,-111000000,None,0.657,,1666000000,4148000000,,,,,-208000000,,,,,1.952,18.42,17.13,,,,,,,,0.501,,,2025-10-28,quarterly,2.98,USD,post-market,None,,0.173,0.521,0.115,20.61,406000000,,,,344.52,338.23,0.3367,,,,,,,7275000000,,34.84,,374.1,297.38
2025-12-28,V,10.19,40000000000.0,34.84,,0.822,19.38,,,,,,,,,,,,,,,None,1416000000,1416000000,,,,,,None,207000000,,2.44,0.0069,,,,-0.014,0.01,4676000000,4883000000,2.97,2022-03-31,27.7,,39105999000.0,5773000000,4542000000,895000000,,,None,134000000,260000000,,None,,,,,3647000000,3647000000,-134000000,None,0.657,,971000000,4802000000,,,,,-126000000,,,,,1.952,18.42,17.13,,,,,,,,0.501,,,2025-10-28,quarterly,2.98,USD,post-market,None,,0.173,0.521,0.115,20.61,450000000,,,,344.52,338.23,0.3367,,,,,,,7189000000,,34.84,,374.1,297.38
2025-12-28,V,10.19,40000000000.0,34.84,,0.822,19.38,,,,,,,,,,,,,,,None,1315000000,1315000000,,,,,,None,198000000,,2.44,0.0069,,,,-0.014,0.01,5031000000,5229000000,2.97,2021-12-31,27.7,,39105999000.0,5744000000,4897000000,938000000,,,None,134000000,121000000,,None,,,,,3959000000,3959000000,-134000000,None,0.657,,968000000,4776000000,,,,,255000000,,,,,1.952,18.42,17.13,,,,,,,,0.501,,,2025-10-28,quarterly,2.98,USD,post-market,None,,0.173,0.521,0.115,20.61,342000000,,,,344.52,338.23,0.3367,,,,,,,7059000000,,34.84,,374.1,297.38
2025-12-28,V,10.19,40000000000.0,34.84,,0.822,19.38,,,,,,,,,,,,,,,None,1239000000,1239000000,,,,,,None,202000000,,2.44,0.0069,,,,-0.014,0.01,4423000000,4625000000,2.97,2021-09-30,27.7,,39105999000.0,5320000000,4298000000,714000000,,,None,125000000,17000000,,None,,,,,3584000000,3584000000,-125000000,None,0.657,,1005000000,4315000000,,,,,108000000,,,,,1.952,18.42,17.13,,,,,,,,0.501,,,2025-10-28,quarterly,2.98,USD,post-market,None,,0.173,0.521,0.115,20.61,345000000,,,,344.52,338.23,0.3367,,,,,,,6559000000,,34.84,,374.1,297.38
2025-12-28,V,10.19,40000000000.0,34.84,,0.822,19.38,,,,,,,,,,,,,,,None,1284000000,1284000000,,,,,,None,204000000,,2.44,0.0069,,,,-0.014,0.01,4520000000,4724000000,2.97,2021-06-30,27.7,,39105999000.0,4846000000,4389000000,1814000000,,,None,131000000,131000000,,None,,,,,2575000000,2575000000,-131000000,None,0.657,,782000000,4064000000,,,,,456000000,,,,,1.952,18.42,17.13,,,,,,,,0.501,,,2025-10-28,quarterly,2.98,USD,post-market,None,,0.173,0.521,0.115,20.61,312000000,,,,344.52,338.23,0.3367,,,,,,,6130000000,,34.84,,374.1,297.38
2025-12-28,V,10.19,40000000000.0,34.84,,0.822,19.38,,,,,,,,,,,,,,,None,1293000000,1293000000,,,,,,None,201000000,,2.44,0.0069,,,,-0.014,0.01,3749000000,3950000000,2.97,2021-03-31,27.7,,39105999000.0,4436000000,3628000000,602000000,,,None,121000000,121000000,,None,,,,,3026000000,3026000000,-121000000,None,0.657,,855000000,3581000000,,,,,168000000,,,,,1.952,18.42,17.13,,,,,,,,0.501,,,2025-10-28,quarterly,2.98,USD,post-market,None,,0.173,0.521,0.115,20.61,445000000,,,,344.52,338.23,0.3367,,,,,,,5729000000,,34.84,,374.1,297.38
2025-12-28,V,10.19,40000000000.0,34.84,,0.822,19.38,,,,,,,,,,,,,,,None,1154000000,1154000000,,,,,,None,197000000,,2.44,0.0069,,,,-0.014,0.01,3884000000,4081000000,2.97,2020-12-31,27.7,,39105999000.0,4533000000,3748000000,622000000,,,None,136000000,136000000,,None,,,,,3126000000,3126000000,-136000000,None,0.657,,689000000,3844000000,,,,,40000000,,,,,1.952,18.42,17.13,,,,,,,,0.501,,,2025-10-28,quarterly,2.98,USD,post-market,None,,0.173,0.521,0.115,20.61,286000000,,,,344.52,338.23,0.3367,,,,,,,5687000000,,34.84,,374.1,297.38
2025-12-28,V,10.19,40000000000.0,34.84,,0.822,19.38,,,,,,,,,,,,,,,None,1113000000,1113000000,,,,,,None,196000000,,2.44,0.0069,,,,-0.014,0.01,3200000000,3396000000,2.97,2020-09-30,27.7,,39105999000.0,3988000000,3055000000,918000000,,,None,145000000,145000000,,None,,,,,2137000000,2137000000,-145000000,None,0.657,,846000000,3142000000,,,,,58000000,,,,,1.952,18.42,17.13,,,,,,,,0.501,,,2025-10-28,quarterly,2.98,USD,post-market,None,,0.173,0.521,0.115,20.61,360000000,,,,344.52,338.23,0.3367,,,,,,,5101000000,,34.84,,374.1,297.38
2025-12-28,V,10.19,40000000000.0,34.84,,0.822,19.38,,,,,,,,,,,,,,,None,1113000000,1113000000,,,,,,None,197000000,,2.44,0.0069,,,,-0.014,0.01,3074000000,3271000000,2.97,2020-06-30,27.7,,39105999000.0,3724000000,2932000000,559000000,,,None,142000000,142000000,,None,,,,,2373000000,2373000000,-142000000,None,0.657,,725000000,2999000000,,,,,75000000,,,,,1.952,18.42,17.13,,,,,,,,0.501,,,2025-10-28,quarterly,2.98,USD,post-market,None,,0.173,0.521,0.115,20.61,353000000,,,,344.52,338.23,0.3367,,,,,,,4837000000,,34.84,,374.1,297.38
2025-12-28,V,10.19,40000000000.0,34.84,,0.822,19.38,,,,,,,,,,,,,,,None,1123000000,1123000000,,,,,,None,192000000,,2.44,0.0069,,,,-0.014,0.01,3947000000,4139000000,2.97,2020-03-31,27.7,,39105999000.0,4731000000,3829000000,745000000,,,None,118000000,118000000,,None,,,,,3084000000,3084000000,-118000000,None,0.657,,807000000,3924000000,,,,,23000000,,,,,1.952,18.42,17.13,,,,,,,,0.501,,,2025-10-28,quarterly,2.98,USD,post-market,None,,0.173,0.521,0.115,20.61,372000000,,,,344.52,338.23,0.3367,,,,,,,5854000000,,34.84,,374.1,297.38
2025-12-28,V,10.19,40000000000.0,34.84,,0.822,19.38,,,,,,,,,,,,,,,None,1163000000,1163000000,,,,,,None,182000000,,2.44,0.0069,,,,-0.014,0.01,4085000000,4267000000,2.97,2019-12-31,27.7,,39105999000.0,4891000000,3974000000,702000000,,,None,111000000,111000000,,None,,,,,3272000000,3272000000,-111000000,None,0.657,,875000000,4016000000,,,,,69000000,,,,,1.952,18.42,17.13,,,,,,,,0.501,,,2025-10-28,quarterly,2.98,USD,post-market,None,,0.173,0.521,0.115,20.61,419000000,,,,344.52,338.23,0.3367,,,,,,,6054000000,,34.84,,374.1,297.38
2025-12-28,V,10.19,40000000000.0,34.84,,0.822,19.38,,,,,,,,,,,,,,,None,1064000000,1064000000,,,,,,None,172000000,,2.44,0.0069,,,,-0.014,0.01,3815000000,3987000000,2.97,2019-09-30,27.7,,39105999000.0,5073000000,3711000000,686000000,,,None,120000000,120000000,,None,,,,,3025000000,3025000000,-120000000,None,0.657,,1338000000,3735000000,,,,,96000000,,,,,1.952,18.42,17.13,,,,,,,,0.501,,,2025-10-28,quarterly,2.98,USD,post-market,None,,0.173,0.521,0.115,20.61,490000000,,,,344.52,338.23,0.3367,,,,,,,6137000000,,34.84,,374.1,297.38
2025-12-28,V,10.19,40000000000.0,34.84,,0.822,19.38,,,,,,,,,,,,,,,None,1056000000,1056000000,,,,,,None,165000000,,2.44,0.0069,,,,-0.014,0.01,3994000000,4159000000,2.97,2019-06-30,27.7,,39105999000.0,4784000000,3866000000,765000000,,,None,128000000,128000000,,None,,,,,3101000000,3101000000,-128000000,None,0.657,,876000000,3908000000,,,,,86000000,,,,,1.952,18.42,17.13,,,,,,,,0.501,,,2025-10-28,quarterly,2.98,USD,post-market,None,,0.173,0.521,0.115,20.61,428000000,,,,344.52,338.23,0.3367,,,,,,,5840000000,,34.84,,374.1,297.38
2025-12-28,V,10.19,40000000000.0,34.84,,0.822,19.38,,,,,,,,,,,,,,,None,1065000000,1065000000,,,,,,None,160000000,,2.44,0.0069,,,,-0.014,0.01,3817000000,3977000000,2.97,2019-03-31,27.7,,39105999000.0,4429000000,3677000000,700000000,,,None,140000000,140000000,,None,,,,,2977000000,2977000000,-140000000,None,0.657,,788000000,3641000000,,,,,176000000,,,,,1.952,18.42,17.13,,,,,,,,0.501,,,2025-10-28,quarterly,2.98,USD,post-market,None,,0.173,0.521,0.115,20.61,365000000,,,,344.52,338.23,0.3367,,,,,,,5494000000,,34.84,,374.1,297.38
2025-12-28,V,10.19,40000000000.0,34.84,,0.822,19.38,,,,,,,,,,,,,,,None,980000000,980000000,,,,,,None,159000000,,2.44,0.0069,,,,-0.014,0.01,3724000000,3883000000,2.97,2018-12-31,27.7,,39105999000.0,4526000000,3630000000,653000000,,,None,145000000,None,,None,,,,,2977000000,2977000000,None,None,0.657,,809000000,3717000000,,,,,58000000,,,,,1.952,18.42,17.13,,,,,,,,0.501,,,2025-10-28,quarterly,2.98,USD,post-market,0,,0.173,0.521,0.115,20.61,367000000,,,,344.52,338.23,0.3367,,,,,,,5506000000,,34.84,,374.1,297.38
2025-12-28,V,10.19,40000000000.0,34.84,,0.822,19.38,,,,,,,,,,,,,,,None,1003000000,1003000000,,,,,,None,163000000,,2.44,0.0069,,,,-0.014,0.01,3688000000,3851000000,2.97,2018-09-30,27.7,,39105999000.0,4431000000,3538000000,693000000,,,None,150000000,None,,None,,,,,2845000000,2845000000,None,None,0.657,,1025000000,3406000000,,,,,282000000,,,,,1.952,18.42,17.13,,,,,,,,0.501,,,2025-10-28,quarterly,2.98,USD,post-market,312000000,,0.173,0.521,0.115,20.61,591000000,,,,344.52,338.23,0.3367,,,,,,,5434000000,,34.84,,374.1,297.38
2025-12-28,V,10.19,40000000000.0,34.84,,0.822,19.38,,,,,,,,,,,,,,,None,1021000000,1021000000,,,,,,None,152000000,,2.44,0.0069,,,,-0.014,0.01,2967000000,3119000000,2.97,2018-06-30,27.7,,39105999000.0,4219000000,2812000000,483000000,,,None,155000000,None,,None,,,,,2329000000,2329000000,None,None,0.657,,1334000000,2885000000,,,,,82000000,,,,,1.952,18.42,17.13,,,,,,,,0.501,,,2025-10-28,quarterly,2.98,USD,post-market,0,,0.173,0.521,0.115,20.61,342000000,,,,344.52,338.23,0.3367,,,,,,,5240000000,,34.84,,374.1,297.38
2025-12-28,V,10.19,40000000000.0,34.84,,0.822,19.38,,,,,,,,,,,,,,,None,993000000,993000000,,,,,,None,153000000,,2.44,0.0069,,,,-0.014,0.01,3336000000,3489000000,2.97,2018-03-31,27.7,,39105999000.0,4080000000,3217000000,612000000,,,None,153000000,None,,None,,,,,2605000000,2605000000,None,None,0.657,,744000000,3336000000,,,,,34000000,,,,,1.952,18.42,17.13,,,,,,,,0.501,,,2025-10-28,quarterly,2.98,USD,post-market,0,,0.173,0.521,0.115,20.61,330000000,,,,344.52,338.23,0.3367,,,,,,,5073000000,,34.84,,374.1,297.38
2025-12-28,V,10.19,40000000000.0,34.84,,0.822,19.38,,,,,,,,,,,,,,,None,839000000,839000000,,,,,,None,145000000,,2.44,0.0069,,,,-0.014,0.01,3393000000,3538000000,2.97,2017-12-31,27.7,,39105999000.0,4023000000,3239000000,717000000,,,None,154000000,None,,None,,,,,2522000000,2522000000,None,None,0.657,,696000000,3327000000,,,,,66000000,,,,,1.952,18.42,17.13,,,,,,,,0.501,,,2025-10-28,quarterly,2.98,USD,post-market,0,,0.173,0.521,0.115,20.61,328000000,,,,344.52,338.23,0.3367,,,,,,,4862000000,,34.84,,374.1,297.38
2025-12-28,V,10.19,40000000000.0,34.84,,0.822,19.38,,,,,,,,,,,,,,,None,822000000,822000000,,,,,,None,147000000,,2.44,0.0069,,,,-0.014,0.01,3247000000,3394000000,2.97,2017-09-30,27.7,,39105999000.0,4033000000,3099000000,959000000,,,None,148000000,None,,None,,,,,2140000000,2140000000,None,None,0.657,,821000000,3212000000,,,,,35000000,,,,,1.952,18.42,17.13,,,,,,,,0.501,,,2025-10-28,quarterly,2.98,USD,post-market,285000000,,0.173,0.521,0.115,20.61,382000000,,,,344.52,338.23,0.3367,,,,,,,4855000000,,34.84,,374.1,297.38
2025-12-28,V,10.19,40000000000.0,34.84,,0.822,19.38,,,,,,,,,,,,,,,None,856000000,856000000,,,,,,None,132000000,,2.44,0.0069,,,,-0.014,0.01,3054000000,3186000000,2.97,2017-06-30,27.7,,39105999000.0,3709000000,2914000000,855000000,,,None,140000000,None,,None,,,,,2059000000,2059000000,None,None,0.657,,685000000,3024000000,,,,,30000000,,,,,1.952,18.42,17.13,,,,,,,,0.501,,,2025-10-28,quarterly,2.98,USD,post-market,0,,0.173,0.521,0.115,20.61,332000000,,,,344.52,338.23,0.3367,,,,,,,4565000000,,34.84,,374.1,297.38
2025-12-28,V,10.19,40000000000.0,34.84,,0.822,19.38,,,,,,,,,,,,,,,None,854000000,854000000,,,,,,None,131000000,,2.44,0.0069,,,,-0.014,0.01,2837000000,2968000000,2.97,2017-03-31,27.7,,39105999000.0,3623000000,2702000000,2272000000,,,None,135000000,None,,None,,,,,430000000,430000000,None,None,0.657,,815000000,2808000000,,,,,29000000,,,,,1.952,18.42,17.13,,,,,,,,0.501,,,2025-10-28,quarterly,2.98,USD,post-market,0,,0.173,0.521,0.115,20.61,489000000,,,,344.52,338.23,0.3367,,,,,,,4477000000,,34.84,,374.1,297.38
2025-12-28,V,10.19,40000000000.0,34.84,,0.822,19.38,,,,,,,,,,,,,,,None,716000000,716000000,,,,,,None,146000000,,2.44,0.0069,,,,-0.014,0.01,3119000000,3265000000,2.97,2016-12-31,27.7,,39105999000.0,3745000000,2979000000,909000000,,,None,140000000,None,,None,,,,,2070000000,2070000000,None,None,0.657,,645000000,3100000000,,,,,19000000,,,,,1.952,18.42,17.13,,,,,,,,0.501,,,2025-10-28,quarterly,2.98,USD,post-market,0,,0.173,0.521,0.115,20.61,266000000,,,,344.52,338.23,0.3367,,,,,,,4461000000,,34.84,,374.1,297.38
2025-12-28,V,10.19,40000000000.0,34.84,,0.822,19.38,,,,,,,,,,,,,,,None,851000000,851000000,,,,,,None,141000000,,2.44,0.0069,,,,-0.014,0.01,2645000000,2786000000,2.97,2016-09-30,27.7,,39105999000.0,3410000000,2510000000,579000000,,,None,135000000,None,,None,,,,,1931000000,1931000000,None,None,0.657,,785000000,2625000000,,,,,20000000,,,,,1.952,18.42,17.13,,,,,,,,0.501,,,2025-10-28,quarterly,2.98,USD,post-market,0,,0.173,0.521,0.115,20.61,343000000,,,,344.52,338.23,0.3367,,,,,,,4261000000,,34.84,,374.1,297.38
2025-12-28,V,10.19,40000000000.0,34.84,,0.822,19.38,,,,,,,,,,,,,,,None,632000000,632000000,,,,,,None,120000000,,2.44,0.0069,,,,-0.014,0.01,553000000,673000000,2.97,2016-06-30,27.7,,39105999000.0,2998000000,422000000,10000000,,,None,131000000,None,,None,,,,,412000000,412000000,None,None,0.657,,2570000000,428000000,,,,,125000000,,,,,1.952,18.42,17.13,,,,,,,,0.501,,,2025-10-28,quarterly,2.98,USD,post-market,0,,0.173,0.521,0.115,20.61,384000000,,,,344.52,338.23,0.3367,,,,,,,3630000000,,34.84,,374.1,297.38
2025-12-28,V,10.19,40000000000.0,34.84,,0.822,19.38,,,,,,,,,,,,,,,None,654000000,654000000,,,,,,None,121000000,,2.44,0.0069,,,,-0.014,0.01,2573000000,2694000000,2.97,2016-03-31,27.7,,39105999000.0,2972000000,2441000000,734000000,,,None,132000000,None,,None,,,,,1707000000,1707000000,None,None,0.657,,538000000,2434000000,,,,,139000000,,,,,1.952,18.42,17.13,,,,,,,,0.501,,,2025-10-28,quarterly,2.98,USD,post-market,0,,0.173,0.521,0.115,20.61,230000000,,,,344.52,338.23,0.3367,,,,,,,3626000000,,34.84,,374.1,297.38
2025-12-28,V,10.19,40000000000.0,34.84,,0.822,19.38,,,,,,,,,,,,,,,None,627000000,627000000,,,,,,None,120000000,,2.44,0.0069,,,,-0.014,0.01,2668000000,2788000000,2.97,2015-12-31,27.7,,39105999000.0,2938000000,2639000000,698000000,,,None,29000000,None,,None,,,,,1941000000,1941000000,None,None,0.657,,542000000,2396000000,,,,,272000000,,,,,1.952,18.42,17.13,,,,,,,,0.501,,,2025-10-28,quarterly,2.98,USD,post-market,0,,0.173,0.521,0.115,20.61,228000000,,,,344.52,338.23,0.3367,,,,,,,3565000000,,34.84,,374.1,297.38
2025-12-28,V,10.19,40000000000.0,34.84,,0.822,19.38,,,,,,,,,,,,,,,None,655000000,655000000,,,,,,None,119000000,,2.44,0.0069,,,,-0.014,0.01,2294000000,2413000000,2.97,2015-09-30,27.7,,39105999000.0,2916000000,2283000000,771000000,,,None,3000000,None,,None,,,,,1512000000,1512000000,None,None,0.657,,633000000,2283000000,,,,,None,,,,,1.952,18.42,17.13,,,,,,,,0.501,,,2025-10-28,quarterly,2.98,USD,post-market,0,,0.173,0.521,0.115,20.61,250000000,,,,344.52,338.23,0.3367,,,,,,,3571000000,,34.84,,374.1,297.38
2025-12-28,V,10.19,40000000000.0,34.84,,0.822,19.38,,,,,,,,,,,,,,,None,683000000,683000000,,,,,,None,130000000,,2.44,0.0069,,,,-0.014,0.01,2262000000,2392000000,2.97,2015-06-30,27.7,,39105999000.0,2835000000,2168000000,471000000,,,None,8000000,None,,None,,,,,1697000000,1697000000,None,None,0.657,,573000000,2262000000,,,,,-94000000,,,,,1.952,18.42,17.13,,,,,,,,0.501,,,2025-10-28,quarterly,2.98,USD,post-market,0,,0.173,0.521,0.115,20.61,219000000,,,,344.52,338.23,0.3367,,,,,,,3518000000,,34.84,,374.1,297.38
2025-12-28,V,10.19,40000000000.0,34.84,,0.822,19.38,,,,,,,,,,,,,,,None,592000000,592000000,,,,,,None,125000000,,2.44,0.0069,,,,-0.014,0.01,2289000000,2414000000,2.97,2015-03-31,27.7,,39105999000.0,2817000000,2282000000,732000000,,,None,7000000,None,,None,,,,,1550000000,1550000000,None,None,0.657,,536000000,2281000000,,,,,1000000,,,,,1.952,18.42,17.13,,,,,,,,0.501,,,2025-10-28,quarterly,2.98,USD,post-market,0,,0.173,0.521,0.115,20.61,218000000,,,,344.52,338.23,0.3367,,,,,,,3409000000,,34.84,,374.1,297.38
2025-12-28,V,10.19,40000000000.0,34.84,,0.822,19.38,,,,,,,,,,,,,,,None,623000000,623000000,,,,,,None,120000000,,2.44,0.0069,,,,-0.014,0.01,2265000000,2385000000,2.97,2014-12-31,27.7,,39105999000.0,2759000000,2262000000,693000000,,,None,3000000,None,,None,,,,,1569000000,1569000000,None,None,0.657,,521000000,2238000000,,,,,24000000,,,,,1.952,18.42,17.13,,,,,,,,0.501,,,2025-10-28,quarterly,2.98,USD,post-market,0,,0.173,0.521,0.115,20.61,196000000,,,,344.52,338.23,0.3367,,,,,,,3382000000,,34.84,,374.1,297.38
2025-12-28,V,10.19,40000000000.0,34.84,,0.822,19.38,,,,,,,,,,,,,,,None,624000000,624000000,,,,,,None,112000000,,2.44,0.0069,,,,-0.014,0.01,2005000000,2117000000,2.97,2014-09-30,27.7,,39105999000.0,2605000000,1550000000,477000000,,,None,0,None,,None,,,,,1073000000,1073000000,None,None,0.657,,1053000000,1552000000,,,,,-2000000,,,,,1.952,18.42,17.13,,,,,,,,0.501,,,2025-10-28,quarterly,2.98,USD,post-market,0,,0.173,0.521,0.115,20.61,247000000,,,,344.52,338.23,0.3367,,,,,,,3229000000,,34.84,,374.1,297.38
2025-12-28,V,10.19,40000000000.0,34.84,,0.822,19.38,,,,,,,,,,,,,,,None,590000000,590000000,,,,,,None,109000000,,2.44,0.0069,,,,-0.014,0.01,2020000000,2129000000,2.97,2014-06-30,27.7,,39105999000.0,2565000000,2030000000,670000000,,,None,0,None,,None,,,,,1360000000,1360000000,None,None,0.657,,545000000,2020000000,,,,,10000000,,,,,1.952,18.42,17.13,,,,,,,,0.501,,,2025-10-28,quarterly,2.98,USD,post-market,0,,0.173,0.521,0.115,20.61,208000000,,,,344.52,338.23,0.3367,,,,,,,3155000000,,34.84,,374.1,297.38
2025-12-28,V,10.19,40000000000.0,34.84,,0.822,19.38,,,,,,,,,,,,,,,None,566000000,566000000,,,,,,None,107000000,,2.44,0.0069,,,,-0.014,0.01,2048000000,2155000000,2.97,2014-03-31,27.7,,39105999000.0,2597000000,2061000000,463000000,,,None,0,None,,None,,,,,1598000000,1598000000,None,None,0.657,,549000000,2048000000,,,,,13000000,,,,,1.952,18.42,17.13,,,,,,,,0.501,,,2025-10-28,quarterly,2.98,USD,post-market,0,,0.173,0.521,0.115,20.61,197000000,,,,344.52,338.23,0.3367,,,,,,,3163000000,,34.84,,374.1,297.38
2025-12-28,V,10.19,40000000000.0,34.84,,0.822,19.38,,,,,,,,,,,,,,,None,602000000,602000000,,,,,,None,107000000,,2.44,0.0069,,,,-0.014,0.01,2077000000,2184000000,2.97,2013-12-31,27.7,,39105999000.0,2553000000,2083000000,676000000,,,None,0,None,,None,,,,,1407000000,1407000000,None,None,0.657,,476000000,2077000000,,,,,6000000,,,,,1.952,18.42,17.13,,,,,,,,0.501,,,2025-10-28,quarterly,2.98,USD,post-market,0,,0.173,0.521,0.115,20.61,183000000,,,,344.52,338.23,0.3367,,,,,,,3155000000,,34.84,,374.1,297.38
2025-12-28,V,10.19,40000000000.0,34.84,,0.822,19.38,,,,,,,,,,,,,,,None,621000000,621000000,,,,,,None,106000000,,2.44,0.0069,,,,-0.014,0.01,1751000000,1857000000,2.97,2013-09-30,27.7,,39105999000.0,2352000000,1766000000,574000000,,,None,0,None,,None,,,,,1192000000,1192000000,None,None,0.657,,601000000,1751000000,,,,,15000000,,,,,1.952,18.42,17.13,,,,,,,,0.501,,,2025-10-28,quarterly,2.98,USD,post-market,0,,0.173,0.521,0.115,20.61,259000000,,,,344.52,338.23,0.3367,,,,,,,2973000000,,34.84,,374.1,297.38
2025-12-28,V,10.19,40000000000.0,34.84,,0.822,19.38,,,,,,,,,,,,,,,None,610000000,610000000,,,,,,None,101000000,,2.44,0.0069,,,,-0.014,0.01,1827000000,1928000000,2.97,2013-06-30,27.7,,39105999000.0,2391000000,1833000000,608000000,,,None,0,None,,None,,,,,1225000000,1225000000,None,None,0.657,,563000000,1828000000,,,,,5000000,,,,,1.952,18.42,17.13,,,,,,,,0.501,,,2025-10-28,quarterly,2.98,USD,post-market,0,,0.173,0.521,0.115,20.61,211000000,,,,344.52,338.23,0.3367,,,,,,,3001000000,,34.84,,374.1,297.38
2025-12-28,V,10.19,40000000000.0,34.84,,0.822,19.38,,,,,,,,,,,,,,,None,605000000,605000000,,,,,,None,98000000,,2.44,0.0069,,,,-0.014,0.01,1861000000,1959000000,2.97,2013-03-31,27.7,,39105999000.0,2353000000,1857000000,587000000,,,None,0,None,,None,,,,,1270000000,1270000000,None,None,0.657,,493000000,1860000000,,,,,-3000000,,,,,1.952,18.42,17.13,,,,,,,,0.501,,,2025-10-28,quarterly,2.98,USD,post-market,0,,0.173,0.521,0.115,20.61,199000000,,,,344.52,338.23,0.3367,,,,,,,2958000000,,34.84,,374.1,297.38
2025-12-28,V,10.19,40000000000.0,34.84,,0.822,19.38,,,,,,,,,,,,,,,None,564000000,564000000,,,,,,None,92000000,,2.44,0.0069,,,,-0.014,0.01,1803000000,1895000000,2.97,2012-12-31,27.7,,39105999000.0,2282000000,1801000000,508000000,,,None,0,None,,None,,,,,1293000000,1293000000,None,None,0.657,,482000000,1800000000,,,,,1000000,,,,,1.952,18.42,17.13,,,,,,,,0.501,,,2025-10-28,quarterly,2.98,USD,post-market,0,,0.173,0.521,0.115,20.61,194000000,,,,344.52,338.23,0.3367,,,,,,,2846000000,,34.84,,374.1,297.38
2025-12-28,V,10.19,40000000000.0,34.84,,0.822,19.38,,,,,,,,,,,,,,,None,582000000,582000000,,,,,,None,89000000,,2.44,0.0069,,,,-0.014,0.01,1524000000,1613000000,2.97,2012-09-30,27.7,,39105999000.0,2149000000,1588000000,-74000000,,,None,1000000,None,,None,,,,,1662000000,1662000000,None,None,0.657,,627000000,1522000000,,,,,9000000,,,,,1.952,18.42,17.13,,,,,,,,0.501,,,2025-10-28,quarterly,2.98,USD,post-market,0,,0.173,0.521,0.115,20.61,265000000,,,,344.52,338.23,0.3367,,,,,,,2731000000,,34.84,,374.1,297.38
2025-12-28,V,10.19,40000000000.0,34.84,,0.822,19.38,,,,,,,,,,,,,,,None,537000000,537000000,,,,,,None,84000000,,2.44,0.0069,,,,-0.014,0.01,1491000000,1575000000,2.97,2012-06-30,27.7,,39105999000.0,2028000000,-2607000000,-768000000,,,None,11000000,None,,None,,,,,-1839000000,-1839000000,None,None,0.657,,4635000000,-2607000000,,,,,11000000,,,,,1.952,18.42,17.13,,,,,,,,0.501,,,2025-10-28,quarterly,2.98,USD,post-market,0,,0.173,0.521,0.115,20.61,211000000,,,,344.52,338.23,0.3367,,,,,,,2565000000,,34.84,,374.1,297.38
2025-12-28,V,10.19,40000000000.0,34.84,,0.822,19.38,,,,,,,,,,,,,,,None,534000000,534000000,,,,,,None,80000000,,2.44,0.0069,,,,-0.014,0.01,1606000000,1686000000,2.97,2012-03-31,27.7,,39105999000.0,2044000000,1609000000,317000000,,,None,7000000,None,,None,,,,,1292000000,1292000000,None,None,0.657,,438000000,1606000000,,,,,10000000,,,,,1.952,18.42,17.13,,,,,,,,0.501,,,2025-10-28,quarterly,2.98,USD,post-market,0,,0.173,0.521,0.115,20.61,188000000,,,,344.52,338.23,0.3367,,,,,,,2578000000,,34.84,,374.1,297.38
2025-12-28,V,10.19,40000000000.0,34.84,,0.822,19.38,,,,,,,,,,,,,,,None,487000000,487000000,,,,,,None,80000000,,2.44,0.0069,,,,-0.014,0.01,1618000000,1698000000,2.97,2011-12-31,27.7,,39105999000.0,2060000000,1617000000,590000000,,,None,10000000,None,,None,,,,,1029000000,1027000000,None,None,0.657,,442000000,1618000000,,,,,9000000,,,,,1.952,18.42,17.13,,,,,,,,0.501,,,2025-10-28,quarterly,2.98,USD,post-market,0,,0.173,0.521,0.115,20.61,172000000,,,,344.52,338.23,0.3367,,,,,,,2547000000,,34.84,,374.1,297.38
2025-12-28,V,10.19,40000000000.0,34.84,,0.822,19.38,,,,,,,,,,,,,,,None,494000000,494000000,,,,,,None,77000000,,2.44,0.0069,,,,-0.014,0.01,1367000000,1444000000,2.97,2011-09-30,27.7,,39105999000.0,1889000000,1354000000,476000000,,,None,13000000,None,,None,,,,,880000000,878000000,None,None,0.657,,527000000,1362000000,,,,,5000000,,,,,1.952,18.42,17.13,,,,,,,,0.501,,,2025-10-28,quarterly,2.98,USD,post-market,0,,0.173,0.521,0.115,20.61,210000000,,,,344.52,338.23,0.3367,,,,,,,2383000000,,34.84,,374.1,297.38
2025-12-28,V,10.19,40000000000.0,34.84,,0.822,19.38,,,,,,,,,,,,,,,None,454000000,454000000,,,,,,None,74000000,,2.44,0.0069,,,,-0.014,0.01,1345000000,1419000000,2.97,2011-06-30,27.7,,39105999000.0,1868000000,1543000000,539000000,,,None,11000000,None,,None,,,,,1005000000,1004000000,None,None,0.657,,523000000,1345000000,,,,,209000000,,,,,1.952,18.42,17.13,,,,,,,,0.501,,,2025-10-28,quarterly,2.98,USD,post-market,0,,0.173,0.521,0.115,20.61,198000000,,,,344.52,338.23,0.3367,,,,,,,2322000000,,34.84,,374.1,297.38
2025-12-28,V,10.19,40000000000.0,34.84,,0.822,19.38,,,,,,,,,,,,,,,None,431000000,431000000,,,,,,None,70000000,,2.44,0.0069,,,,-0.014,0.01,1389000000,1459000000,2.97,2011-03-31,27.7,,39105999000.0,1814000000,1377000000,497000000,,,None,12000000,None,,None,,,,,881000000,880000000,None,None,0.657,,431000000,1383000000,,,,,6000000,,,,,1.952,18.42,17.13,,,,,,,,0.501,,,2025-10-28,quarterly,2.98,USD,post-market,0,,0.173,0.521,0.115,20.61,172000000,,,,344.52,338.23,0.3367,,,,,,,2245000000,,34.84,,374.1,297.38
2025-12-28,V,10.19,40000000000.0,34.84,,0.822,19.38,,,,,,,,,,,,,,,None,437000000,437000000,,,,,,None,67000000,,2.44,0.0069,,,,-0.014,0.01,1382000000,1449000000,2.97,2010-12-31,27.7,,39105999000.0,1801000000,1382000000,498000000,,,None,4000000,None,,None,,,,,884000000,884000000,None,None,0.657,,435000000,1366000000,,,,,12000000,,,,,1.952,18.42,17.13,,,,,,,,0.501,,,2025-10-28,quarterly,2.98,USD,post-market,0,,0.173,0.521,0.115,20.61,171000000,,,,344.52,338.23,0.3367,,,,,,,2238000000,,34.84,,374.1,297.38
2025-12-28,V,10.19,40000000000.0,34.84,,0.822,19.38,,,,,,,,,,,,,,,None,472000000,472000000,,,,,,None,78000000,,2.44,0.0069,,,,-0.014,0.01,1210000000,1288000000,2.97,2010-09-30,27.7,,39105999000.0,1645000000,1195000000,422000000,,,None,15000000,None,,None,,,,,774000000,773000000,None,None,0.657,,532000000,1113000000,,,,,97000000,,,,,1.952,18.42,17.13,,,,,,,,0.501,,,2025-10-28,quarterly,2.98,USD,post-market,0,,0.173,0.521,0.115,20.61,225000000,,,,344.52,338.23,0.3367,,,,,,,2117000000,,34.84,,374.1,297.38
2025-12-28,V,10.19,40000000000.0,34.84,,0.822,19.38,,,,,,,,,,,,,,,None,388000000,388000000,,,,,,None,63000000,,2.44,0.0069,,,,-0.014,0.01,1135000000,1198000000,2.97,2010-06-30,27.7,,39105999000.0,1641000000,1122000000,406000000,,,None,13000000,None,,None,,,,,716000000,716000000,None,None,0.657,,504000000,1137000000,,,,,-2000000,,,,,1.952,18.42,17.13,,,,,,,,0.501,,,2025-10-28,quarterly,2.98,USD,post-market,0,,0.173,0.521,0.115,20.61,164000000,,,,344.52,338.23,0.3367,,,,,,,2029000000,,34.84,,374.1,297.38
2025-12-28,V,10.19,40000000000.0,34.84,,0.822,19.38,,,,,,,,,,,,,,,None,408000000,408000000,,,,,,None,62000000,,2.44,0.0069,,,,-0.014,0.01,1141000000,1203000000,2.97,2010-03-31,27.7,,39105999000.0,1551000000,1113000000,401000000,,,None,28000000,None,,None,,,,,713000000,712000000,None,None,0.657,,429000000,1122000000,,,,,19000000,,,,,1.952,18.42,17.13,,,,,,,,0.501,,,2025-10-28,quarterly,2.98,USD,post-market,0,,0.173,0.521,0.115,20.61,127000000,,,,344.52,338.23,0.3367,,,,,,,1959000000,,34.84,,374.1,297.38
2025-12-28,V,10.19,40000000000.0,34.84,,0.822,19.38,,,,,,,,,,,,,,,None,379000000,379000000,,,,,,None,62000000,,2.44,0.0069,,,,-0.014,0.01,1217000000,1279000000,2.97,2009-12-31,27.7,,39105999000.0,1581000000,1208000000,445000000,,,None,16000000,None,,None,,,,,763000000,763000000,None,None,0.657,,364000000,1217000000,,,,,7000000,,,,,1.952,18.42,17.13,,,,,,,,0.501,,,2025-10-28,quarterly,2.98,USD,post-market,0,,0.173,0.521,0.115,20.61,129000000,,,,344.52,338.23,0.3367,,,,,,,1960000000,,34.84,,374.1,297.38
2025-12-28,V,10.19,40000000000.0,34.84,,0.822,19.38,,,,,,,,,,,,,,,None,445000000,445000000,,,,,,None,61000000,,2.44,0.0069,,,,-0.014,0.01,888000000,949000000,2.97,2009-09-30,27.7,,39105999000.0,1434000000,863000000,349000000,,,None,25000000,None,,None,,,,,514000000,0,None,None,0.657,,565000000,869000000,,,,,None,,,,,1.952,18.42,17.13,,,,,,,,0.501,,,2025-10-28,quarterly,2.98,USD,post-market,0,,0.173,0.521,0.115,20.61,220000000,,,,344.52,338.23,0.3367,,,,,,,1879000000,,34.84,,374.1,297.38
2025-12-28,V,10.19,40000000000.0,34.84,,0.822,19.38,,,,,,,,,,,,,,,None,379000000,379000000,,,,,,None,57000000,,2.44,0.0069,,,,-0.014,0.01,1327000000,1384000000,2.97,2009-06-30,27.7,,39105999000.0,1267000000,1297000000,568000000,,,None,30000000,None,,None,,,,,729000000,729000000,None,None,0.657,,445000000,822000000,,,,,505000000,,,,,1.952,18.42,17.13,,,,,,,,0.501,,,2025-10-28,quarterly,2.98,USD,post-market,0,,0.173,0.521,0.115,20.61,158000000,,,,344.52,338.23,0.3367,,,,,,,1646000000,,34.84,,374.1,297.38
2025-12-28,V,10.19,40000000000.0,34.84,,0.822,19.38,,,,,,,,,,,,,,,None,384000000,384000000,,,,,,None,56000000,,2.44,0.0069,,,,-0.014,0.01,917000000,973000000,2.97,2009-03-31,27.7,,39105999000.0,1263000000,887000000,352000000,,,None,30000000,None,,None,,,,,536000000,0,None,None,0.657,,382000000,881000000,,,,,None,,,,,1.952,18.42,17.13,,,,,,,,0.501,,,2025-10-28,quarterly,2.98,USD,post-market,0,,0.173,0.521,0.115,20.61,130000000,,,,344.52,338.23,0.3367,,,,,,,1647000000,,34.84,,374.1,297.38
2025-12-28,V,10.19,40000000000.0,34.84,,0.822,19.38,,,,,,,,,,,,,,,None,392000000,392000000,,,,,,None,52000000,,2.44,0.0069,,,,-0.014,0.01,983000000,1035000000,2.97,2008-12-31,27.7,,39105999000.0,1347000000,953000000,379000000,,,None,30000000,None,,None,,,,,574000000,0,None,None,0.657,,381000000,966000000,,,,,None,,,,,1.952,18.42,17.13,,,,,,,,0.501,,,2025-10-28,quarterly,2.98,USD,post-market,0,,0.173,0.521,0.115,20.61,119000000,,,,344.52,338.23,0.3367,,,,,,,1739000000,,34.84,,374.1,297.38
2025-12-28,V,10.19,40000000000.0,34.84,,0.822,19.38,,,,,,,,,,,,,,,None,411000000,411000000,,,,,,None,59000000,,2.44,0.0069,,,,-0.014,0.01,-196000000,-137000000,2.97,2008-09-30,27.7,,39105999000.0,1298000000,-431000000,-75000000,,,None,143000000,None,,None,,,,,-356000000,0,None,None,0.657,,1741000000,-443000000,,,,,None,,,,,1.952,18.42,17.13,,,,,,,,0.501,,,2025-10-28,quarterly,2.98,USD,post-market,0,,0.173,0.521,0.115,20.61,234000000,,,,344.52,338.23,0.3367,,,,,,,1709000000,,34.84,,374.1,297.38
2025-12-28,V,10.19,40000000000.0,34.84,,0.822,19.38,,,,,,,,,,,,,,,None,394000000,394000000,,,,,,None,57000000,,2.44,0.0069,,,,-0.014,0.01,744000000,801000000,2.97,2008-06-30,27.7,,39105999000.0,1219000000,714000000,292000000,,,None,30000000,None,,None,,,,,422000000,0,None,None,0.657,,571000000,648000000,,,,,None,,,,,1.952,18.42,17.13,,,,,,,,0.501,,,2025-10-28,quarterly,2.98,USD,post-market,0,,0.173,0.521,0.115,20.61,193000000,,,,344.52,338.23,0.3367,,,,,,,1613000000,,34.84,,374.1,297.38
2025-12-28,V,10.19,40000000000.0,34.84,,0.822,19.38,,,,,,,,,,,,,,,None,367000000,367000000,,,,,,None,59000000,,2.44,0.0069,,,,-0.014,0.01,411000000,470000000,2.97,2008-03-31,27.7,,39105999000.0,1086000000,370000000,56000000,,,None,41000000,None,,None,,,,,314000000,0,None,None,0.657,,737000000,349000000,,,,,None,,,,,1.952,18.42,17.13,,,,,,,,0.501,,,2025-10-28,quarterly,2.98,USD,post-market,0,,0.173,0.521,0.115,20.61,171000000,,,,344.52,338.23,0.3367,,,,,,,1453000000,,34.84,,374.1,297.38
2025-12-28,V,10.19,40000000000.0,34.84,,0.822,19.38,,,,,,,,,,,,,,,None,366000000,366000000,,,,,,None,62000000,,2.44,0.0069,,,,-0.014,0.01,728000000,790000000,2.97,2007-12-31,27.7,,39105999000.0,1122000000,683000000,259000000,,,None,45000000,None,,None,,,,,424000000,0,None,None,0.657,,444000000,678000000,,,,,None,,,,,1.952,18.42,17.13,,,,,,,,0.501,,,2025-10-28,quarterly,2.98,USD,post-market,0,,0.173,0.521,0.115,20.61,172000000,,,,344.52,338.23,0.3367,,,,,,,1488000000,,34.84,,374.1,297.38
2025-12-28,V,10.19,40000000000.0,34.84,,0.822,19.38,,,,,,,,,,,,,,,None,662715000,662715000,,,,,,None,41000000,,2.44,0.0069,,,,-0.014,0.01,-2442760000,-2401760000,2.97,2007-09-30,27.7,,39105999000.0,991045000,-2351410000,-666848000,,,None,20000000,None,,None,,,,,-1684575000,0,None,None,0.657,,3354505000,-2363460000,,,,,None,,,,,1.952,18.42,17.13,,,,,,,,0.501,,,2025-10-28,quarterly,2.98,USD,post-market,0,,0.173,0.521,0.115,20.61,679840000,,,,344.52,338.23,0.3367,,,,,,,991045000,,34.84,,374.1,297.38
2025-12-28,V,10.19,40000000000.0,34.84,,0.822,19.38,,,,,,,,,,,,,,,None,579000000,579000000,,,,,,None,104389000,,2.44,0.0069,,,,-0.014,0.01,115576000,219965000,2.97,2007-06-30,27.7,,39105999000.0,941000000,353000000,126000000,,,None,20000000,None,,None,,,,,223000000,0,None,None,0.657,,607000000,334000000,,,,,None,,,,,1.952,18.42,17.13,,,,,,,,0.501,,,2025-10-28,quarterly,2.98,USD,post-market,0,,0.173,0.521,0.115,20.61,50000000,,,,344.52,338.23,0.3367,,,,,,,941000000,,34.84,,374.1,297.38
2025-12-28,V,10.19,40000000000.0,34.84,,0.822,19.38,,,,,,,,,,,,,,,None,501000000,501000000,,,,,,None,111000000,,2.44,0.0069,,,,-0.014,0.01,271000000,382000000,2.97,2007-03-31,27.7,,39105999000.0,813000000,288000000,106000000,,,None,20000000,None,,None,,,,,180000000,0,None,None,0.657,,542000000,271000000,,,,,None,,,,,1.952,18.42,17.13,,,,,,,,0.501,,,2025-10-28,quarterly,2.98,USD,post-market,0,,0.173,0.521,0.115,20.61,46000000,,,,344.52,338.23,0.3367,,,,,,,813000000,,34.84,,374.1,297.38
2025-12-28,V,10.19,40000000000.0,34.84,,0.822,19.38,,,,,,,,,,,,,,,None,505000000,505000000,,,,,,None,129000000,,2.44,0.0069,,,,-0.014,0.01,309000000,438000000,2.97,2006-12-31,27.7,,39105999000.0,845000000,323000000,119000000,,,None,20000000,None,,None,,,,,205000000,0,None,None,0.657,,536000000,309000000,,,,,None,,,,,1.952,18.42,17.13,,,,,,,,0.501,,,2025-10-28,quarterly,2.98,USD,post-market,0,,0.173,0.521,0.115,20.61,54000000,,,,344.52,338.23,0.3367,,,,,,,845000000,,34.84,,374.1,297.38
2025-12-28,V,10.19,40000000000.0,34.84,,0.822,19.38,,,,,,,,,,,,,,,None,2019017000,2019017000,,,,,,None,304472000,,2.44,0.0069,,,,-0.014,0.01,177587000,482059000,2.97,2006-09-30,27.7,,39105999000.0,744707000,173536000,54007000,,,None,89539000,None,,None,,,,,114399000,0,None,None,0.657,,567120000,177587000,,,,,None,,,,,1.952,18.42,17.13,,,,,,,,0.501,,,2025-10-28,quarterly,2.98,USD,post-market,0,,0.173,0.521,0.115,20.61,17399000,,,,344.52,338.23,0.3367,,,,,,,744707000,,34.84,,374.1,297.38
2025-12-28,V,10.19,40000000000.0,34.84,,0.822,19.38,,,,,,,,,,,,,,,None,None,None,,,,,,None,87922000,,2.44,0.0069,,,,-0.014,0.01,203326000,291248000,2.97,2006-06-30,27.7,,39105999000.0,735990000,204329000,71958000,,,None,None,None,,None,,,,,127344000,None,None,None,0.657,,532664000,203326000,,,,,None,,,,,1.952,18.42,17.13,,,,,,,,0.501,,,2025-10-28,quarterly,2.98,USD,post-market,None,,0.173,0.521,0.115,20.61,28931000,,,,344.52,338.23,0.3367,,,,,,,735990000,,34.84,,374.1,297.38
2025-12-28,V,10.19,40000000000.0,34.84,,0.822,19.38,,,,,,,,,,,,,,,None,7855000000,7855000000,,,,,,None,1220000000,,2.44,0.0069,,,,-0.014,0.01,24783000000,26003000000,2.97,2025-09-30,27.7,,39105999000.0,32145000000,24194000000,4136000000,,,None,589000000,200000000,,None,,,,,20058000000,20058000000,-589000000,None,0.657,,8151000000,23994000000,,,,,None,,,,,1.952,18.42,17.13,,,,,,,,0.501,,,2025-10-28,annual,2.98,USD,post-market,None,,0.173,0.521,0.115,20.61,2685000000,,,,344.52,338.23,0.3367,,,,,,,40000000000,,34.84,,374.1,297.38
2025-12-28,V,10.19,40000000000.0,34.84,,0.822,19.38,,,,,,,,,,,,,,,None,7042000000,7042000000,,,,,,None,1034000000,,2.44,0.0069,,,,-0.014,0.01,24557000000,25591000000,2.97,2024-09-30,27.7,,39105999000.0,28884000000,23916000000,4173000000,,,None,641000000,307000000,,None,,,,,19743000000,19743000000,-641000000,None,0.657,,5289000000,23595000000,,,,,None,,,,,1.952,18.42,17.13,,,,,,,,0.501,,,2025-10-28,annual,2.98,USD,post-market,None,,0.173,0.521,0.115,20.61,2233000000,,,,344.52,338.23,0.3367,,,,,,,35926000000,,34.84,,374.1,297.38
2025-12-28,V,10.19,40000000000.0,34.84,,0.822,19.38,,,,,,,,,,,,,,,None,6567000000,6567000000,,,,,,None,943000000,,2.44,0.0069,,,,-0.014,0.01,21681000000,22624000000,2.97,2023-09-30,27.7,,39105999000.0,26086000000,21037000000,3764000000,,,None,644000000,19000000,,None,,,,,17273000000,17273000000,-644000000,None,0.657,,5086000000,21000000000,,,,,None,,,,,1.952,18.42,17.13,,,,,,,,0.501,,,2025-10-28,annual,2.98,USD,post-market,None,,0.173,0.521,0.115,20.61,1875000000,,,,344.52,338.23,0.3367,,,,,,,32653000000,,34.84,,374.1,297.38
2025-12-28,V,10.19,40000000000.0,34.84,,0.822,19.38,,,,,,,,,,,,,,,None,5733000000,5733000000,,,,,,None,861000000,,2.44,0.0069,,,,-0.014,0.01,18674000000,19535000000,2.97,2022-09-30,27.7,,39105999000.0,23577000000,18136000000,3179000000,,,None,538000000,765000000,,None,,,,,14957000000,14957000000,-538000000,None,0.657,,4764000000,18813000000,,,,,-139000000,,,,,1.952,18.42,17.13,,,,,,,,0.501,,,2025-10-28,annual,2.98,USD,post-market,None,,0.173,0.521,0.115,20.61,1699000000,,,,344.52,338.23,0.3367,,,,,,,29310000000,,34.84,,374.1,297.38
2025-12-28,V,10.19,40000000000.0,34.84,,0.822,19.38,,,,,,,,,,,,,,,None,4970000000,4970000000,,,,,,None,804000000,,2.44,0.0069,,,,-0.014,0.01,16576000000,17380000000,2.97,2021-09-30,27.7,,39105999000.0,19135000000,16063000000,3752000000,,,None,513000000,218000000,,None,,,,,12311000000,12311000000,-513000000,None,0.657,,3331000000,15804000000,,,,,772000000,,,,,1.952,18.42,17.13,,,,,,,,0.501,,,2025-10-28,annual,2.98,USD,post-market,None,,0.173,0.521,0.115,20.61,1388000000,,,,344.52,338.23,0.3367,,,,,,,24105000000,,34.84,,374.1,297.38
2025-12-28,V,10.19,40000000000.0,34.84,,0.822,19.38,,,,,,,,,,,,,,,None,4512000000,4512000000,,,,,,None,767000000,,2.44,0.0069,,,,-0.014,0.01,14306000000,15073000000,2.97,2020-09-30,27.7,,39105999000.0,17334000000,13790000000,2924000000,,,None,516000000,516000000,,None,,,,,10866000000,10866000000,-516000000,None,0.657,,3253000000,14081000000,,,,,225000000,,,,,1.952,18.42,17.13,,,,,,,,0.501,,,2025-10-28,annual,2.98,USD,post-market,None,,0.173,0.521,0.115,20.61,1504000000,,,,344.52,338.23,0.3367,,,,,,,21846000000,,34.84,,374.1,297.38
2025-12-28,V,10.19,40000000000.0,34.84,,0.822,19.38,,,,,,,,,,,,,,,None,4165000000,4165000000,,,,,,None,656000000,,2.44,0.0069,,,,-0.014,0.01,15417000000,16073000000,2.97,2019-09-30,27.7,,39105999000.0,18812000000,14884000000,2804000000,,,None,533000000,533000000,,None,,,,,12080000000,12080000000,-533000000,None,0.657,,3811000000,15001000000,,,,,416000000,,,,,1.952,18.42,17.13,,,,,,,,0.501,,,2025-10-28,annual,2.98,USD,post-market,None,,0.173,0.521,0.115,20.61,1650000000,,,,344.52,338.23,0.3367,,,,,,,22977000000,,34.84,,374.1,297.38
2025-12-28,V,10.19,40000000000.0,34.84,,0.822,19.38,,,,,,,,,,,,,,,None,3856000000,3856000000,,,,,,None,613000000,,2.44,0.0069,,,,-0.014,0.01,13418000000,14031000000,2.97,2018-09-30,27.7,,39105999000.0,16753000000,12806000000,2505000000,,,None,612000000,612000000,,None,,,,,10301000000,10301000000,-612000000,None,0.657,,3799000000,12954000000,,,,,464000000,,,,,1.952,18.42,17.13,,,,,,,,0.501,,,2025-10-28,annual,2.98,USD,post-market,None,,0.173,0.521,0.115,20.61,1591000000,,,,344.52,338.23,0.3367,,,,,,,20609000000,,34.84,,374.1,297.38
2025-12-28,V,10.19,40000000000.0,34.84,,0.822,19.38,,,,,,,,,,,,,,,None,3248000000,3248000000,,,,,,None,556000000,,2.44,0.0069,,,,-0.014,0.01,12163000000,12719000000,2.97,2017-09-30,27.7,,39105999000.0,15110000000,11694000000,4995000000,,,None,563000000,563000000,,None,,,,,6699000000,6699000000,-563000000,None,0.657,,2966000000,12144000000,,,,,113000000,,,,,1.952,18.42,17.13,,,,,,,,0.501,,,2025-10-28,annual,2.98,USD,post-market,285000000,,0.173,0.521,0.115,20.61,1469000000,,,,344.52,338.23,0.3367,,,,,,,18358000000,,34.84,,374.1,297.38
2025-12-28,V,10.19,40000000000.0,34.84,,0.822,19.38,,,,,,,,,,,,,,,None,2764000000,2764000000,,,,,,None,502000000,,2.44,0.0069,,,,-0.014,0.01,8439000000,8941000000,2.97,2016-09-30,27.7,,39105999000.0,12318000000,8012000000,2021000000,,,None,427000000,427000000,,None,,,,,5991000000,5991000000,-427000000,None,0.657,,4435000000,7883000000,,,,,556000000,,,,,1.952,18.42,17.13,,,,,,,,0.501,,,2025-10-28,annual,2.98,USD,post-market,259000000,,0.173,0.521,0.115,20.61,1185000000,,,,344.52,338.23,0.3367,,,,,,,15082000000,,34.84,,374.1,297.38
2025-12-28,V,10.19,40000000000.0,34.84,,0.822,19.38,,,,,,,,,,,,,,,None,2553000000,2553000000,,,,,,None,494000000,,2.44,0.0069,,,,-0.014,0.01,8998000000,9492000000,2.97,2015-09-30,27.7,,39105999000.0,11327000000,8995000000,2667000000,,,None,3000000,None,,None,,,,,6328000000,6328000000,None,None,0.657,,2263000000,9064000000,,,,,-69000000,,,,,1.952,18.42,17.13,,,,,,,,0.501,,,2025-10-28,annual,2.98,USD,post-market,None,,0.173,0.521,0.115,20.61,883000000,,,,344.52,338.23,0.3367,,,,,,,13880000000,,34.84,,374.1,297.38
2025-12-28,V,10.19,40000000000.0,34.84,,0.822,19.38,,,,,,,,,,,,,,,None,2382000000,2382000000,,,,,,None,435000000,,2.44,0.0069,,,,-0.014,0.01,7732000000,8167000000,2.97,2014-09-30,27.7,,39105999000.0,10320000000,7724000000,2286000000,,,None,8000000,None,,None,,,,,5438000000,5438000000,None,None,0.657,,2623000000,7697000000,,,,,27000000,,,,,1.952,18.42,17.13,,,,,,,,0.501,,,2025-10-28,annual,2.98,USD,post-market,None,,0.173,0.521,0.115,20.61,835000000,,,,344.52,338.23,0.3367,,,,,,,12702000000,,34.84,,374.1,297.38
2025-12-28,V,10.19,40000000000.0,34.84,,0.822,19.38,,,,,,,,,,,,,,,None,2400000000,2400000000,,,,,,None,397000000,,2.44,0.0069,,,,-0.014,0.01,7242000000,7639000000,2.97,2013-09-30,27.7,,39105999000.0,9378000000,7257000000,2277000000,,,None,0,None,,None,,,,,4980000000,4980000000,None,None,0.657,,2139000000,7239000000,,,,,18000000,,,,,1.952,18.42,17.13,,,,,,,,0.501,,,2025-10-28,annual,2.98,USD,post-market,None,,0.173,0.521,0.115,20.61,863000000,,,,344.52,338.23,0.3367,,,,,,,11778000000,,34.84,,374.1,297.38
2025-12-28,V,10.19,40000000000.0,34.84,,0.822,19.38,,,,,,,,,,,,,,,None,2140000000,2140000000,,,,,,None,333000000,,2.44,0.0069,,,,-0.014,0.01,6239000000,6572000000,2.97,2012-09-30,27.7,,39105999000.0,8281000000,2207000000,65000000,,,None,29000000,None,,None,,,,,2144000000,2142000000,None,None,0.657,,6142000000,2139000000,,,,,39000000,,,,,1.952,18.42,17.13,,,,,,,,0.501,,,2025-10-28,annual,2.98,USD,post-market,None,,0.173,0.521,0.115,20.61,836000000,,,,344.52,338.23,0.3367,,,,,,,10421000000,,34.84,,374.1,297.38
2025-12-28,V,10.19,40000000000.0,34.84,,0.822,19.38,,,,,,,,,,,,,,,None,1816000000,1816000000,,,,,,None,288000000,,2.44,0.0069,,,,-0.014,0.01,5463000000,5751000000,2.97,2011-09-30,27.7,,39105999000.0,7372000000,5656000000,2010000000,,,None,32000000,None,,None,,,,,3650000000,3646000000,None,None,0.657,,1916000000,5456000000,,,,,232000000,,,,,1.952,18.42,17.13,,,,,,,,0.501,,,2025-10-28,annual,2.98,USD,post-market,None,,0.173,0.521,0.115,20.61,751000000,,,,344.52,338.23,0.3367,,,,,,,9188000000,,34.84,,374.1,297.38
2025-12-28,V,10.19,40000000000.0,34.84,,0.822,19.38,,,,,,,,,,,,,,,None,1647000000,1647000000,,,,,,None,265000000,,2.44,0.0069,,,,-0.014,0.01,4544000000,4809000000,2.97,2010-09-30,27.7,,39105999000.0,6418000000,4638000000,1674000000,,,None,72000000,None,,None,,,,,2966000000,2964000000,None,None,0.657,,1829000000,4589000000,,,,,121000000,,,,,1.952,18.42,17.13,,,,,,,,0.501,,,2025-10-28,annual,2.98,USD,post-market,None,,0.173,0.521,0.115,20.61,645000000,,,,344.52,338.23,0.3367,,,,,,,8065000000,,34.84,,374.1,297.38
2025-12-28,V,10.19,40000000000.0,34.84,,0.822,19.38,,,,,,,,,,,,,,,None,1621000000,1621000000,,,,,,None,226000000,,2.44,0.0069,,,,-0.014,0.01,4115000000,4341000000,2.97,2009-09-30,27.7,,39105999000.0,5290000000,4000000000,1648000000,,,None,115000000,None,,None,,,,,2353000000,2352000000,None,None,0.657,,1752000000,3538000000,,,,,577000000,,,,,1.952,18.42,17.13,,,,,,,,0.501,,,2025-10-28,annual,2.98,USD,post-market,None,,0.173,0.521,0.115,20.61,606000000,,,,344.52,338.23,0.3367,,,,,,,6911000000,,34.84,,374.1,297.38
2025-12-28,V,10.19,40000000000.0,34.84,,0.822,19.38,,,,,,,,,,,,,,,None,1538000000,1538000000,,,,,,None,237000000,,2.44,0.0069,,,,-0.014,0.01,1479000000,1716000000,2.97,2008-09-30,27.7,,39105999000.0,4725000000,1336000000,532000000,,,None,143000000,None,,None,,,,,804000000,None,None,None,0.657,,3493000000,1232000000,,,,,None,,,,,1.952,18.42,17.13,,,,,,,,0.501,,,2025-10-28,annual,2.98,USD,post-market,None,,0.173,0.521,0.115,20.61,770000000,,,,344.52,338.23,0.3367,,,,,,,6263000000,,34.84,,374.1,297.38
2025-12-28,V,10.19,40000000000.0,34.84,,0.822,19.38,,,,,,,,,,,,,,,None,1087612000,1087612000,,,,,,None,126000000,,2.44,0.0069,,,,-0.014,0.01,-1306760000,-1180760000,2.97,2007-09-30,27.7,,39105999000.0,2502184000,-1387418000,-315993000,,,None,80658000,None,,None,,,,,-1076095000,None,None,None,0.657,,3951679000,-1449495000,,,,,None,,,,,1.952,18.42,17.13,,,,,,,,0.501,,,2025-10-28,annual,2.98,USD,post-market,None,,0.173,0.521,0.115,20.61,717966000,,,,344.52,338.23,0.3367,,,,,,,3589796000,,34.84,,374.1,297.38
2025-12-28,V,10.19,40000000000.0,34.84,,0.822,19.38,,,,,,,,,,,,,,,None,998686000,998686000,,,,,,None,155000000,,2.44,0.0069,,,,-0.014,0.01,811355000,966355000,2.97,2006-09-30,27.7,,39105999000.0,1949440000,721816000,251338000,,,None,89539000,None,,None,,,,,454561000,None,None,None,0.657,,1219770000,729670000,,,,,None,,,,,1.952,18.42,17.13,,,,,,,,0.501,,,2025-10-28,annual,2.98,USD,post-market,None,,0.173,0.521,0.115,20.61,722947000,,,,344.52,338.23,0.3367,,,,,,,2948126000,,34.84,,374.1,297.38
2025-12-28,V,10.19,40000000000.0,34.84,None,0.822,19.38,,None,17164000000,17164000000,,,,,,,,,182500,1940000000,None,998686000,998686000,555000000,None,5569000000,7317000000,None,None,155000000,,2.44,0.0069,,,,-0.014,0.01,811355000,966355000,2.97,2025-09-30,27.7,19879000000,39105999000.0,1949440000,721816000,251338000,27646000000,27646000000,None,89539000,None,None,None,None,19602000000,None,999000000,454561000,None,None,None,0.657,,1219770000,729670000,11452000000,28924000000,None,1519000000,None,,,,,1.952,18.42,17.13,,,,,,,,0.501,,4236000000,2025-10-28,quarterly,2.98,USD,post-market,None,15106000000,0.173,0.521,0.115,20.61,722947000,25171000000,5569000000,1833000000,344.52,338.23,0.3367,99627000000,37766000000,35048000000,61718000000,61861000000,26670000000,2948126000,37909000000,34.84,None,374.1,297.38
2025-12-28,V,10.19,40000000000.0,34.84,None,0.822,19.38,,None,17092000000,17092000000,,,,,,,,,183600,1959000000,None,998686000,998686000,462000000,None,5548000000,7698000000,None,None,155000000,,2.44,0.0069,,,,-0.014,0.01,811355000,966355000,2.97,2025-06-30,27.7,19880000000,39105999000.0,1949440000,721816000,251338000,27660000000,27660000000,None,89539000,None,None,None,None,19590000000,None,1203000000,454561000,None,None,None,0.657,,1219770000,729670000,11520000000,28417000000,None,1588000000,None,,,,,1.952,18.42,17.13,,,,,,,,0.501,,4143000000,2025-10-28,quarterly,2.98,USD,post-market,None,15956000000,0.173,0.521,0.115,20.61,722947000,25138000000,5548000000,2088000000,344.52,338.23,0.3367,100024000000,38398000000,34427000000,61360000000,61626000000,26933000000,2948126000,38664000000,34.84,None,374.1,297.38
2025-12-28,V,10.19,40000000000.0,34.84,None,0.822,19.38,,None,11734000000,11734000000,,,,,,,,,184900,1974000000,None,998686000,998686000,421000000,None,3948000000,6963000000,None,None,155000000,,2.44,0.0069,,,,-0.014,0.01,811355000,966355000,2.97,2025-03-31,27.7,19641000000,39105999000.0,1949440000,721816000,251338000,26408000000,26408000000,None,89539000,None,None,None,None,16814000000,None,1470000000,454561000,None,None,None,0.657,,1219770000,729670000,12220000000,26012000000,None,2468000000,None,,,,,1.952,18.42,17.13,,,,,,,,0.501,,4023000000,2025-10-28,quarterly,2.98,USD,post-market,None,16518000000,0.173,0.521,0.115,20.61,722947000,20762000000,3948000000,2017000000,344.52,338.23,0.3367,92853000000,32934000000,30381000000,54823000000,59919000000,24442000000,2948126000,38030000000,34.84,None,374.1,297.38
2025-12-28,V,10.19,40000000000.0,34.84,None,0.822,19.38,,None,12367000000,12367000000,,,,,,,,,186000,1985000000,None,998686000,998686000,405000000,None,3929000000,6273000000,None,None,155000000,,2.44,0.0069,,,,-0.014,0.01,811355000,966355000,2.97,2024-12-31,27.7,19548000000,39105999000.0,1949440000,721816000,251338000,25889000000,25889000000,None,89539000,None,None,None,None,16680000000,None,1757000000,454561000,None,None,None,0.657,,1219770000,729670000,12015000000,24757000000,None,2629000000,None,,,,,1.952,18.42,17.13,,,,,,,,0.501,,3974000000,2025-10-28,quarterly,2.98,USD,post-market,None,17438000000,0.173,0.521,0.115,20.61,722947000,20609000000,3929000000,1967000000,344.52,338.23,0.3367,91888000000,32622000000,29091000000,53592000000,59266000000,24501000000,2948126000,38296000000,34.84,None,374.1,297.38
2025-12-28,V,10.19,40000000000.0,34.84,None,0.822,19.38,,None,11975000000,11975000000,,,,,,,,,186800,2003000000,None,998686000,998686000,479000000,None,None,7015000000,None,None,155000000,,2.44,0.0069,,,,-0.014,0.01,811355000,966355000,2.97,2024-09-30,27.7,18941000000,39105999000.0,1949440000,721816000,251338000,26889000000,26889000000,None,89539000,None,None,None,None,20836000000,None,2545000000,454561000,None,None,None,0.657,,1219770000,729670000,11843000000,26038000000,None,2720000000,None,,,,,1.952,18.42,17.13,,,,,,,,0.501,,3824000000,2025-10-28,quarterly,2.98,USD,post-market,None,17289000000,0.173,0.521,0.115,20.61,722947000,20836000000,150000000,3200000000,344.52,338.23,0.3367,94511000000,34033000000,26517000000,55374000000,60478000000,28857000000,2948126000,39137000000,34.84,None,374.1,297.38
2025-12-28,V,10.19,40000000000.0,34.84,None,0.822,19.38,,None,12947000000,12947000000,,,,,,,,,None,2029000000,None,998686000,998686000,331000000,None,None,4649000000,None,None,155000000,,2.44,0.0069,,,,-0.014,0.01,811355000,966355000,2.97,2024-06-30,27.7,18816000000,39105999000.0,1949440000,721816000,251338000,26243000000,26243000000,None,89539000,None,None,None,None,20602000000,None,3037000000,454561000,None,None,None,0.657,,1219770000,729670000,9746000000,22281000000,None,2978000000,None,,,,,1.952,18.42,17.13,,,,,,,,0.501,,None,2025-10-28,quarterly,2.98,USD,post-market,None,18578000000,0.173,0.521,0.115,20.61,722947000,20602000000,None,3697000000,344.52,338.23,0.3367,91040000000,31039000000,22612000000,51311000000,60001000000,28699000000,2948126000,39729000000,34.84,None,374.1,297.38
2025-12-28,V,10.19,40000000000.0,34.84,None,0.822,19.38,,None,12993000000,12993000000,,,,,,,,,None,2039000000,None,998686000,998686000,338000000,None,None,5830000000,None,None,155000000,,2.44,0.0069,,,,-0.014,0.01,811355000,966355000,2.97,2024-03-31,27.7,18837000000,39105999000.0,1949440000,721816000,251338000,26375000000,26375000000,None,89539000,None,None,None,None,20603000000,None,3092000000,454561000,None,None,None,0.657,,1219770000,729670000,9242000000,23105000000,None,2723000000,None,,,,,1.952,18.42,17.13,,,,,,,,0.501,,None,2025-10-28,quarterly,2.98,USD,post-market,None,19347000000,0.173,0.521,0.115,20.61,722947000,20603000000,None,4710000000,344.52,338.23,0.3367,92399000000,32775000000,23443000000,51914000000,59624000000,28471000000,2948126000,40485000000,34.84,None,374.1,297.38
2025-12-28,V,10.19,40000000000.0,34.84,None,0.822,19.38,,None,13591000000,13591000000,,,,,,,,,20490000000,2045000000,None,998686000,998686000,348000000,None,None,5031000000,None,None,155000000,,2.44,0.0069,,,,-0.014,0.01,811355000,966355000,2.97,2023-12-31,27.7,18120000000,39105999000.0,1949440000,721816000,251338000,26739000000,26739000000,None,89539000,None,4780000000,None,None,20703000000,None,2809000000,454561000,None,None,None,0.657,,1219770000,729670000,9105000000,22286000000,None,3064000000,None,,,,,1.952,18.42,17.13,,,,,,,,0.501,,None,2025-10-28,quarterly,2.98,USD,post-market,None,18422000000,0.173,0.521,0.115,20.61,722947000,20703000000,None,5005000000,344.52,338.23,0.3367,91409000000,32732000000,22634000000,51676000000,58677000000,29042000000,2948126000,39733000000,34.84,None,374.1,297.38
2025-12-28,V,10.19,40000000000.0,34.84,None,0.822,19.38,,None,16286000000,16286000000,,,,,,,,,22150000000,2065000000,None,998686000,998686000,375000000,None,None,4474000000,None,None,155000000,,2.44,0.0069,,,,-0.014,0.01,811355000,966355000,2.97,2023-09-30,27.7,17997000000,39105999000.0,1949440000,721816000,251338000,26104000000,26104000000,None,89539000,None,4769000000,None,None,20463000000,None,1921000000,454561000,None,None,None,0.657,,1219770000,729670000,8930000000,21223000000,None,3091000000,None,,,,,1.952,18.42,17.13,,,,,,,,0.501,,2116000000,2025-10-28,quarterly,2.98,USD,post-market,None,18040000000,0.173,0.521,0.115,20.61,722947000,20981000000,106000000,3842000000,344.52,338.23,0.3367,90499000000,33532000000,23098000000,51766000000,56967000000,28668000000,2948126000,38733000000,34.84,None,374.1,297.38
2025-12-28,V,10.19,40000000000.0,34.84,None,0.822,19.38,,None,15590000000,15590000000,,,,,,,,,22076000000,2080000000,None,998686000,998686000,281000000,None,None,4736000000,None,None,155000000,,2.44,0.0069,,,,-0.014,0.01,811355000,966355000,2.97,2023-06-30,27.7,18082000000,39105999000.0,1949440000,721816000,251338000,26576000000,26576000000,None,89539000,None,4534000000,None,None,20560000000,None,2122000000,454561000,None,None,None,0.657,,1219770000,729670000,3644000000,20949000000,None,3083000000,None,,,,,1.952,18.42,17.13,,,,,,,,0.501,,3370000000,2025-10-28,quarterly,2.98,USD,post-market,None,17908000000,0.173,0.521,0.115,20.61,722947000,24235000000,3675000000,3166000000,344.52,338.23,0.3367,89234000000,31670000000,21230000000,50253000000,57564000000,29023000000,2948126000,38981000000,34.84,None,374.1,297.38
2025-12-28,V,10.19,40000000000.0,34.84,None,0.822,19.38,,None,13842000000,13842000000,,,,,,,,,21980000000,2093000000,None,998686000,998686000,280000000,None,None,4064000000,None,None,155000000,,2.44,0.0069,,,,-0.014,0.01,811355000,966355000,2.97,2023-03-31,27.7,18078000000,39105999000.0,1949440000,721816000,251338000,26574000000,26574000000,None,89539000,None,4355000000,None,None,20606000000,None,2840000000,454561000,None,None,None,0.657,,1219770000,729670000,3644000000,18817000000,None,3025000000,None,,,,,1.952,18.42,17.13,,,,,,,,0.501,,3359000000,2025-10-28,quarterly,2.98,USD,post-market,None,17610000000,0.173,0.521,0.115,20.61,722947000,23675000000,3069000000,2752000000,344.52,338.23,0.3367,86755000000,28657000000,19097000000,48190000000,58098000000,29093000000,2948126000,38565000000,34.84,None,374.1,297.38
2025-12-28,V,10.19,40000000000.0,34.84,None,0.822,19.38,,None,13334000000,13334000000,,,,,,,,,21808000000,2102000000,None,998686000,998686000,258000000,None,None,4240000000,None,None,155000000,,2.44,0.0069,,,,-0.014,0.01,811355000,966355000,2.97,2022-12-31,27.7,18024000000,39105999000.0,1949440000,721816000,251338000,26307000000,26307000000,None,89539000,None,4296000000,None,None,20487000000,None,2735000000,454561000,None,None,None,0.657,,1219770000,729670000,3204000000,19095000000,None,3180000000,None,,,,,1.952,18.42,17.13,,,,,,,,0.501,,3236000000,2025-10-28,quarterly,2.98,USD,post-market,None,16403000000,0.173,0.521,0.115,20.61,722947000,24060000000,3573000000,2785000000,344.52,338.23,0.3367,85387000000,27859000000,19353000000,48463000000,57528000000,29110000000,2948126000,36924000000,34.84,None,374.1,297.38
2025-12-28,V,10.19,40000000000.0,34.84,None,0.822,19.38,,None,15689000000,15689000000,,,,,,,,,21869000000,2116000000,None,998686000,998686000,340000000,None,2250000000,3952000000,None,None,155000000,,2.44,0.0069,,,,-0.014,0.01,811355000,966355000,2.97,2022-09-30,27.7,17787000000,39105999000.0,1949440000,721816000,251338000,25065000000,25065000000,None,89539000,None,6459000000,None,None,20200000000,None,2136000000,454561000,None,None,None,0.657,,1219770000,729670000,7731000000,17898000000,None,3535000000,None,,,,,1.952,18.42,17.13,,,,,,,,0.501,,3223000000,2025-10-28,quarterly,2.98,USD,post-market,None,16116000000,0.173,0.521,0.115,20.61,722947000,22450000000,2250000000,2833000000,344.52,338.23,0.3367,85501000000,30205000000,20853000000,49920000000,55296000000,29067000000,2948126000,35581000000,34.84,None,374.1,297.38
2025-12-28,V,10.19,40000000000.0,34.84,None,0.822,19.38,,None,14047000000,14047000000,,,,,,,,,189200,2129000000,None,998686000,998686000,228000000,None,3249000000,3881000000,None,None,155000000,,2.44,0.0069,,,,-0.014,0.01,811355000,966355000,2.97,2022-06-30,27.7,17977000000,39105999000.0,1949440000,721816000,251338000,26093000000,26093000000,None,89539000,None,6411000000,None,None,20546000000,None,2240000000,454561000,None,None,None,0.657,,1219770000,729670000,7734000000,16832000000,None,3387000000,None,,,,,1.952,18.42,17.13,,,,,,,,0.501,,3146000000,2025-10-28,quarterly,2.98,USD,post-market,None,14960000000,0.173,0.521,0.115,20.61,722947000,23795000000,3249000000,3309000000,344.52,338.23,0.3367,85410000000,28971000000,20309000000,49927000000,56439000000,29618000000,2948126000,35483000000,34.84,None,374.1,297.38
2025-12-28,V,10.19,40000000000.0,34.84,None,0.822,19.38,,None,12299000000,12299000000,,,,,,,,,190300,2142000000,None,998686000,998686000,182000000,None,3548000000,3767000000,None,None,155000000,,2.44,0.0069,,,,-0.014,0.01,811355000,966355000,2.97,2022-03-31,27.7,18143000000,39105999000.0,1949440000,721816000,251338000,27006000000,27006000000,None,89539000,None,5486000000,None,None,17479000000,None,2296000000,454561000,None,None,None,0.657,,1219770000,729670000,6795000000,14972000000,None,3557000000,None,,,,,1.952,18.42,17.13,,,,,,,,0.501,,3120000000,2025-10-28,quarterly,2.98,USD,post-market,None,14651000000,0.173,0.521,0.115,20.61,722947000,21027000000,3548000000,1230000000,344.52,338.23,0.3367,81808000000,24091000000,18702000000,45819000000,57717000000,27117000000,2948126000,35989000000,34.84,None,374.1,297.38
2025-12-28,V,10.19,40000000000.0,34.84,None,0.822,19.38,,None,14720000000,14720000000,,,,,,,,,191600,2159000000,None,998686000,998686000,252000000,None,3247000000,3956000000,None,None,155000000,,2.44,0.0069,,,,-0.014,0.01,811355000,966355000,2.97,2021-12-31,27.7,16555000000,39105999000.0,1949440000,721816000,251338000,27272000000,27272000000,None,89539000,None,4695000000,None,None,17673000000,None,2087000000,454561000,None,None,None,0.657,,1219770000,729670000,6029000000,15069000000,None,3416000000,None,,,,,1.952,18.42,17.13,,,,,,,,0.501,,2908000000,2025-10-28,quarterly,2.98,USD,post-market,None,14606000000,0.173,0.521,0.115,20.61,722947000,20920000000,3247000000,1201000000,344.52,338.23,0.3367,81929000000,25906000000,18568000000,45735000000,56023000000,27167000000,2948126000,36194000000,34.84,None,374.1,297.38
2025-12-28,V,10.19,40000000000.0,34.84,None,0.822,19.38,,None,16487000000,16487000000,,,,,,,,,21935000000,2175000000,None,998686000,998686000,266000000,None,999000000,3726000000,None,None,155000000,,2.44,0.0069,,,,-0.014,0.01,811355000,966355000,2.97,2021-09-30,27.7,15958000000,39105999000.0,1949440000,721816000,251338000,27664000000,27664000000,None,89539000,None,4010000000,None,None,19978000000,None,1705000000,454561000,None,None,None,0.657,,1219770000,729670000,5369000000,14149000000,None,3462000000,None,,,,,1.952,18.42,17.13,,,,,,,,0.501,,2715000000,2025-10-28,quarterly,2.98,USD,post-market,None,15351000000,0.173,0.521,0.115,20.61,722947000,20977000000,999000000,2025000000,344.52,338.23,0.3367,82896000000,27607000000,15739000000,45307000000,55289000000,29568000000,2948126000,37589000000,34.84,None,374.1,297.38
2025-12-28,V,10.19,40000000000.0,34.84,None,0.822,19.38,,None,18034000000,18034000000,,,,,,,,,195000,2184000000,None,998686000,998686000,172000000,None,None,3515000000,None,None,155000000,,2.44,0.0069,,,,-0.014,0.01,811355000,966355000,2.97,2021-06-30,27.7,16021000000,39105999000.0,1949440000,721816000,251338000,28023000000,28023000000,None,89539000,None,3966000000,None,None,20996000000,None,1111000000,454561000,None,None,None,0.657,,1219770000,729670000,1321000000,13155000000,None,3622000000,None,,,,,1.952,18.42,17.13,,,,,,,,0.501,,2707000000,2025-10-28,quarterly,2.98,USD,post-market,None,15294000000,0.173,0.521,0.115,20.61,722947000,21692000000,696000000,1206000000,344.52,338.23,0.3367,82671000000,28042000000,14023000000,44881000000,54629000000,30858000000,2948126000,37790000000,34.84,None,374.1,297.38
2025-12-28,V,10.19,40000000000.0,34.84,None,0.822,19.38,,None,16494000000,16494000000,,,,,,,,,195000,2193000000,None,998686000,998686000,126000000,None,None,3225000000,None,None,155000000,,2.44,0.0069,,,,-0.014,0.01,811355000,966355000,2.97,2021-03-31,27.7,15980000000,39105999000.0,1949440000,721816000,251338000,27823000000,27823000000,None,89539000,None,3800000000,None,None,20974000000,None,110000000,454561000,None,None,None,0.657,,1219770000,729670000,5124000000,12585000000,None,3602000000,None,,,,,1.952,18.42,17.13,,,,,,,,0.501,,2684000000,2025-10-28,quarterly,2.98,USD,post-market,None,15513000000,0.173,0.521,0.115,20.61,722947000,22974000000,2000000000,2058000000,344.52,338.23,0.3367,80195000000,26901000000,12711000000,42499000000,53294000000,29788000000,2948126000,37696000000,34.84,None,374.1,297.38
2025-12-28,V,10.19,40000000000.0,34.84,None,0.822,19.38,,None,15032000000,15032000000,,,,,,,,,196000,2200000000,None,998686000,998686000,131000000,None,None,3342000000,None,None,155000000,,2.44,0.0069,,,,-0.014,0.01,811355000,966355000,2.97,2020-12-31,27.7,16121000000,39105999000.0,1949440000,721816000,251338000,28593000000,28593000000,None,89539000,None,3616000000,None,None,21055000000,None,161000000,454561000,None,None,None,0.657,,1219770000,729670000,1281000000,12259000000,None,3959000000,None,,,,,1.952,18.42,17.13,,,,,,,,0.501,,2713000000,2025-10-28,quarterly,2.98,USD,post-market,None,14813000000,0.173,0.521,0.115,20.61,722947000,23103000000,2048000000,3009000000,344.52,338.23,0.3367,80426000000,26280000000,12390000000,42747000000,54146000000,30357000000,2948126000,37679000000,34.84,None,374.1,297.38
2025-12-28,V,10.19,40000000000.0,34.84,None,0.822,19.38,,None,16289000000,16289000000,,,,,,,,,194000,2208000000,None,998686000,998686000,174000000,None,2999000000,2882000000,None,None,155000000,,2.44,0.0069,,,,-0.014,0.01,811355000,966355000,2.97,2020-09-30,27.7,15910000000,39105999000.0,1949440000,721816000,251338000,27808000000,27808000000,None,89539000,None,3508000000,None,None,21071000000,None,231000000,454561000,None,None,None,0.657,,1219770000,729670000,4722000000,11229000000,None,3891000000,None,,,,,1.952,18.42,17.13,,,,,,,,0.501,,2737000000,2025-10-28,quarterly,2.98,USD,post-market,None,14088000000,0.173,0.521,0.115,20.61,722947000,24640000000,3107000000,3752000000,344.52,338.23,0.3367,80919000000,27645000000,14510000000,44709000000,53274000000,30199000000,2948126000,36210000000,34.84,None,374.1,297.38
2025-12-28,V,10.19,40000000000.0,34.84,None,0.822,19.38,,None,13898000000,13898000000,,,,,,,,,195000,2214000000,None,998686000,998686000,153000000,None,2999000000,3564000000,None,None,155000000,,2.44,0.0069,,,,-0.014,0.01,811355000,966355000,2.97,2020-06-30,27.7,15791000000,39105999000.0,1949440000,721816000,251338000,27188000000,27188000000,None,89539000,None,3660000000,None,None,17880000000,None,547000000,454561000,None,None,None,0.657,,1219770000,729670000,4810000000,12948000000,None,3652000000,None,,,,,1.952,18.42,17.13,,,,,,,,0.501,,2746000000,2025-10-28,quarterly,2.98,USD,post-market,None,14072000000,0.173,0.521,0.115,20.61,722947000,20879000000,2999000000,2739000000,344.52,338.23,0.3367,77884000000,25011000000,16100000000,42360000000,52873000000,26260000000,2948126000,35524000000,34.84,None,374.1,297.38
2025-12-28,V,10.19,40000000000.0,34.84,None,0.822,19.38,,None,9740000000,9740000000,,,,,,,,,None,2228000000,None,998686000,998686000,161000000,None,3999000000,2948000000,None,None,155000000,,2.44,0.0069,,,,-0.014,0.01,811355000,966355000,2.97,2020-03-31,27.7,15755000000,39105999000.0,1949440000,721816000,251338000,27011000000,27011000000,None,89539000,None,3851000000,None,None,13893000000,None,1064000000,454561000,None,None,None,0.657,,1219770000,729670000,4808000000,11782000000,None,3604000000,None,,,,,1.952,18.42,17.13,,,,,,,,0.501,,2776000000,2025-10-28,quarterly,2.98,USD,post-market,None,13366000000,0.173,0.521,0.115,20.61,722947000,17892000000,3999000000,2411000000,344.52,338.23,0.3367,72820000000,19907000000,15942000000,38235000000,52913000000,22293000000,2948126000,34585000000,34.84,None,374.1,297.38
2025-12-28,V,10.19,40000000000.0,34.84,None,0.822,19.38,,None,8768000000,8768000000,,,,,,,,,None,2240000000,None,998686000,998686000,133000000,None,3000000000,4934000000,None,None,155000000,,2.44,0.0069,,,,-0.014,0.01,811355000,966355000,2.97,2019-12-31,27.7,15767000000,39105999000.0,1949440000,721816000,251338000,27137000000,27137000000,None,89539000,None,3912000000,None,None,13688000000,None,1719000000,454561000,None,None,None,0.657,,1219770000,729670000,4715000000,14446000000,None,3434000000,None,,,,,1.952,18.42,17.13,,,,,,,,0.501,,2739000000,2025-10-28,quarterly,2.98,USD,post-market,None,13899000000,0.173,0.521,0.115,20.61,722947000,16688000000,3000000000,3902000000,344.52,338.23,0.3367,74781000000,22319000000,17579000000,39511000000,52462000000,21932000000,2948126000,35270000000,34.84,None,374.1,297.38
2025-12-28,V,10.19,40000000000.0,34.84,None,0.822,19.38,,None,7838000000,7838000000,,,,,,,,,None,2253000000,None,998686000,998686000,156000000,None,None,4590000000,None,None,155000000,,2.44,0.0069,,,,-0.014,0.01,811355000,966355000,2.97,2019-09-30,27.7,15656000000,39105999000.0,1949440000,721816000,251338000,26780000000,26780000000,None,89539000,None,3565000000,None,None,16729000000,None,2157000000,454561000,None,None,None,0.657,,1219770000,729670000,741000000,13259000000,None,2939000000,None,,,,,1.952,18.42,17.13,,,,,,,,0.501,,2695000000,2025-10-28,quarterly,2.98,USD,post-market,None,13502000000,0.173,0.521,0.115,20.61,722947000,20719000000,3990000000,4236000000,344.52,338.23,0.3367,72574000000,20970000000,13415000000,37890000000,51604000000,24475000000,2948126000,34684000000,34.84,None,374.1,297.38
2025-12-28,V,10.19,40000000000.0,34.84,None,0.822,19.38,,None,7912000000,7912000000,,,,,,,,,None,2265000000,None,998686000,998686000,150000000,None,None,3220000000,None,None,155000000,,2.44,0.0069,,,,-0.014,0.01,811355000,966355000,2.97,2019-06-30,27.7,15313000000,39105999000.0,1949440000,721816000,251338000,27272000000,27272000000,None,89539000,None,3218000000,None,None,16694000000,None,2918000000,454561000,None,None,None,0.657,,1219770000,729670000,690000000,10679000000,None,2801000000,None,,,,,1.952,18.42,17.13,,,,,,,,0.501,,2549000000,2025-10-28,quarterly,2.98,USD,post-market,None,13040000000,0.173,0.521,0.115,20.61,722947000,19114000000,2420000000,3265000000,344.52,338.23,0.3367,70249000000,18305000000,10829000000,35254000000,51944000000,24425000000,2948126000,34995000000,34.84,None,374.1,297.38
2025-12-28,V,10.19,40000000000.0,34.84,None,0.822,19.38,,None,7648000000,7648000000,,,,,,,,,None,2279000000,None,998686000,998686000,119000000,None,None,2978000000,None,None,155000000,,2.44,0.0069,,,,-0.014,0.01,811355000,966355000,2.97,2019-03-31,27.7,15088000000,39105999000.0,1949440000,721816000,251338000,26966000000,26966000000,None,89539000,None,3399000000,None,None,16630000000,None,3506000000,454561000,None,None,None,0.657,,1219770000,729670000,589000000,11261000000,None,2669000000,None,,,,,1.952,18.42,17.13,,,,,,,,0.501,,2456000000,2025-10-28,quarterly,2.98,USD,post-market,None,12513000000,0.173,0.521,0.115,20.61,722947000,18711000000,2081000000,3876000000,344.52,338.23,0.3367,69865000000,18490000000,11380000000,35590000000,51375000000,24210000000,2948126000,34275000000,34.84,None,374.1,297.38
2025-12-28,V,10.19,40000000000.0,34.84,None,0.822,19.38,,None,8289000000,8289000000,,,,,,,,,None,2291000000,None,998686000,998686000,124000000,None,None,4528000000,None,None,155000000,,2.44,0.0069,,,,-0.014,0.01,811355000,966355000,2.97,2018-12-31,27.7,15149000000,39105999000.0,1949440000,721816000,251338000,27301000000,27301000000,None,89539000,None,3282000000,None,None,16633000000,None,4132000000,454561000,None,None,None,0.657,,1219770000,729670000,547000000,13265000000,None,2703000000,None,,,,,1.952,18.42,17.13,,,,,,,,0.501,,2238000000,2025-10-28,quarterly,2.98,USD,post-market,None,11908000000,0.173,0.521,0.115,20.61,722947000,20523000000,3890000000,3461000000,344.52,338.23,0.3367,71655000000,20107000000,13389000000,37560000000,51548000000,24171000000,2948126000,34095000000,34.84,None,374.1,297.38
2025-12-28,V,10.19,40000000000.0,34.84,None,0.822,19.38,,None,8162000000,8162000000,,,,,,,,,0,2306000000,None,998686000,998686000,183000000,None,None,2790000000,None,None,155000000,,2.44,0.0069,,,,-0.014,0.01,811355000,966355000,2.97,2018-09-30,27.7,15194000000,39105999000.0,1949440000,721816000,251338000,27558000000,27558000000,None,89539000,None,3377000000,None,None,16630000000,None,4082000000,454561000,None,None,None,0.657,,1219770000,729670000,340000000,11122000000,None,2666000000,None,,,,,1.952,18.42,17.13,,,,,,,,0.501,,2472000000,2025-10-28,quarterly,2.98,USD,post-market,None,11318000000,0.173,0.521,0.115,20.61,722947000,18798000000,2168000000,3547000000,344.52,338.23,0.3367,69225000000,18216000000,11305000000,35219000000,51009000000,23914000000,2948126000,34006000000,34.84,0,374.1,297.38
2025-12-28,V,10.19,40000000000.0,34.84,None,0.822,19.38,,None,8505000000,8505000000,,,,,,,,,0,2321000000,None,998686000,998686000,145000000,None,16627000000,2835000000,None,None,155000000,,2.44,0.0069,,,,-0.014,0.01,811355000,966355000,2.97,2018-06-30,27.7,15204000000,39105999000.0,1949440000,721816000,251338000,27628000000,27628000000,None,89539000,None,3378000000,None,None,16627000000,None,2835000000,454561000,None,None,None,0.657,,1219770000,729670000,377000000,10789000000,None,2494000000,None,,,,,1.952,18.42,17.13,,,,,,,,0.501,,2387000000,2025-10-28,quarterly,2.98,USD,post-market,None,10426000000,0.173,0.521,0.115,20.61,722947000,18937000000,2310000000,3396000000,344.52,338.23,0.3367,68175000000,18491000000,10934000000,34857000000,49684000000,23923000000,2948126000,33318000000,34.84,0,374.1,297.38
2025-12-28,V,10.19,40000000000.0,34.84,None,0.822,19.38,,None,8142000000,8142000000,,,,,,,,,0,2337000000,None,998686000,998686000,136000000,None,16624000000,3760000000,None,None,155000000,,2.44,0.0069,,,,-0.014,0.01,811355000,966355000,2.97,2018-03-31,27.7,15372000000,39105999000.0,1949440000,721816000,251338000,28537000000,28537000000,None,89539000,None,2726000000,None,None,16624000000,None,2602000000,454561000,None,None,None,0.657,,1219770000,729670000,331000000,9415000000,None,3654000000,None,,,,,1.952,18.42,17.13,,,,,,,,0.501,,2366000000,2025-10-28,quarterly,2.98,USD,post-market,None,10192000000,0.173,0.521,0.115,20.61,722947000,19676000000,3052000000,3577000000,344.52,338.23,0.3367,69042000000,18536000000,9551000000,34939000000,50506000000,25388000000,2948126000,34103000000,34.84,0,374.1,297.38
2025-12-28,V,10.19,40000000000.0,34.84,None,0.822,19.38,,None,8138000000,8138000000,,,,,,,,,0,2353000000,None,998686000,998686000,108000000,None,16621000000,2899000000,None,None,155000000,,2.44,0.0069,,,,-0.014,0.01,811355000,966355000,2.97,2017-12-31,27.7,15162000000,39105999000.0,1949440000,721816000,251338000,28109000000,28109000000,None,89539000,None,2542000000,None,None,16621000000,None,2674000000,454561000,None,None,None,0.657,,1219770000,729670000,295000000,8255000000,None,3662000000,None,,,,,1.952,18.42,17.13,,,,,,,,0.501,,2238000000,2025-10-28,quarterly,2.98,USD,post-market,None,9966000000,0.173,0.521,0.115,20.61,722947000,18923000000,2302000000,3413000000,344.52,338.23,0.3367,67154000000,17287000000,8363000000,33753000000,49867000000,25390000000,2948126000,33401000000,34.84,0,374.1,297.38
2025-12-28,V,10.19,40000000000.0,34.84,None,0.822,19.38,,None,9874000000,9874000000,,,,,,,,,0,2368000000,None,998686000,998686000,179000000,None,1749000000,2554000000,None,None,155000000,,2.44,0.0069,,,,-0.014,0.01,811355000,966355000,2.97,2017-09-30,27.7,15110000000,39105999000.0,1949440000,721816000,251338000,27848000000,27848000000,None,89539000,None,2687000000,None,None,16618000000,None,1926000000,454561000,None,None,None,0.657,,1219770000,729670000,3031000000,7823000000,None,2625000000,None,,,,,1.952,18.42,17.13,,,,,,,,0.501,,2253000000,2025-10-28,quarterly,2.98,USD,post-market,None,9508000000,0.173,0.521,0.115,20.61,722947000,18367000000,1749000000,3564000000,344.52,338.23,0.3367,67977000000,19023000000,9994000000,35217000000,48954000000,25223000000,2948126000,32760000000,34.84,0,374.1,297.38
2025-12-28,V,10.19,40000000000.0,34.84,None,0.822,19.38,,None,7437000000,7437000000,,,,,,,,,0,2385000000,None,998686000,998686000,130000000,None,15891000000,2524000000,None,None,155000000,,2.44,0.0069,,,,-0.014,0.01,811355000,966355000,2.97,2017-06-30,27.7,15009000000,39105999000.0,1949440000,721816000,251338000,27322000000,27322000000,None,89539000,None,2695000000,None,None,14142000000,None,2117000000,454561000,None,None,None,0.657,,1219770000,729670000,3003000000,7632000000,None,2515000000,None,,,,,1.952,18.42,17.13,,,,,,,,0.501,,2202000000,2025-10-28,quarterly,2.98,USD,post-market,None,9299000000,0.173,0.521,0.115,20.61,722947000,15891000000,1749000000,2754000000,344.52,338.23,0.3367,64000000000,15718000000,9511000000,32056000000,48282000000,22545000000,2948126000,31944000000,34.84,0,374.1,297.38
2025-12-28,V,10.19,40000000000.0,34.84,None,0.822,19.38,,None,6427000000,6427000000,,,,,,,,,0,2406000000,None,998686000,998686000,120000000,None,4627000000,4431000000,None,None,155000000,,2.44,0.0069,,,,-0.014,0.01,811355000,966355000,2.97,2017-03-31,27.7,14825000000,39105999000.0,1949440000,721816000,251338000,26416000000,26416000000,None,89539000,None,2860000000,None,None,14140000000,None,2882000000,454561000,None,None,None,0.657,,1219770000,729670000,3152000000,8338000000,None,2367000000,None,,,,,1.952,18.42,17.13,,,,,,,,0.501,,2133000000,2025-10-28,quarterly,2.98,USD,post-market,None,9140000000,0.173,0.521,0.115,20.61,722947000,15888000000,1748000000,1495000000,344.52,338.23,0.3367,63227000000,15505000000,10206000000,32444000000,47722000000,22238000000,2948126000,30783000000,34.84,0,374.1,297.38
2025-12-28,V,10.19,40000000000.0,34.84,None,0.822,19.38,,None,5824000000,5824000000,,,,,,,,,0,2421000000,None,998686000,998686000,118000000,None,4372000000,2453000000,None,None,155000000,,2.44,0.0069,,,,-0.014,0.01,811355000,966355000,2.97,2016-12-31,27.7,14892000000,39105999000.0,1949440000,721816000,251338000,26381000000,26381000000,None,89539000,None,2450000000,None,None,14138000000,None,3802000000,454561000,None,None,None,0.657,,1219770000,729670000,2715000000,7910000000,None,2343000000,None,,,,,1.952,18.42,17.13,,,,,,,,0.501,,2201000000,2025-10-28,quarterly,2.98,USD,post-market,None,10492000000,0.173,0.521,0.115,20.61,722947000,16451000000,2313000000,3697000000,344.52,338.23,0.3367,63370000000,14689000000,10341000000,31644000000,48681000000,21303000000,2948126000,31726000000,34.84,-170000000,374.1,297.38
2025-12-28,V,10.19,40000000000.0,34.84,None,0.822,19.38,,None,5619000000,5619000000,,,,,,,,,0,2440000000,None,998686000,998686000,203000000,None,15882000000,2740000000,None,None,155000000,,2.44,0.0069,,,,-0.014,0.01,811355000,966355000,2.97,2016-09-30,27.7,15066000000,39105999000.0,1949440000,721816000,251338000,27234000000,27234000000,None,89539000,None,2351000000,None,None,15882000000,None,3931000000,454561000,None,None,None,0.657,,1219770000,729670000,284000000,7843000000,None,2387000000,None,,,,,1.952,18.42,17.13,,,,,,,,0.501,,2150000000,2025-10-28,quarterly,2.98,USD,post-market,None,10462000000,0.173,0.521,0.115,20.61,722947000,17966000000,2084000000,3319000000,344.52,338.23,0.3367,64035000000,14313000000,8046000000,31123000000,49722000000,23077000000,2948126000,32912000000,34.84,-170000000,374.1,297.38
2025-12-28,V,10.19,40000000000.0,34.84,None,0.822,19.38,,None,5887000000,5887000000,,,,,,,,,0,2417647058,None,998686000,998686000,115000000,None,1999000000,2565000000,None,None,155000000,,2.44,0.0069,,,,-0.014,0.01,811355000,966355000,2.97,2016-06-30,27.7,15044000000,39105999000.0,1949440000,721816000,251338000,27078000000,27078000000,None,89539000,None,2766000000,None,None,15879000000,None,3762000000,454561000,None,None,None,0.657,,1219770000,729670000,291000000,7668000000,None,2401000000,None,,,,,1.952,18.42,17.13,,,,,,,,0.501,,2136000000,2025-10-28,quarterly,2.98,USD,post-market,None,10334000000,0.173,0.521,0.115,20.61,722947000,17878000000,1999000000,2865000000,344.52,338.23,0.3367,63867000000,14374000000,7783000000,31040000000,49493000000,23257000000,2948126000,32827000000,34.84,-170000000,374.1,297.38
2025-12-28,V,10.19,40000000000.0,34.84,None,0.822,19.38,,None,15943000000,15943000000,,,,,,,,,0,2401000000,None,998686000,998686000,90000000,None,None,1358000000,None,None,155000000,,2.44,0.0069,,,,-0.014,0.01,811355000,966355000,2.97,2016-03-31,27.7,11836000000,39105999000.0,1949440000,721816000,251338000,11335000000,11335000000,None,89539000,None,2757000000,None,None,15876000000,None,3577000000,454561000,None,None,None,0.657,,1219770000,729670000,291000000,5035000000,None,938000000,None,,,,,1.952,18.42,17.13,,,,,,,,0.501,,1883000000,2025-10-28,quarterly,2.98,USD,post-market,None,11582000000,0.173,0.521,0.115,20.61,722947000,16599000000,723000000,3954000000,344.52,338.23,0.3367,54326000000,24303000000,5125000000,25195000000,30023000000,20070000000,2948126000,29131000000,34.84,0,374.1,297.38
2025-12-28,V,10.19,40000000000.0,34.84,None,0.822,19.38,,None,12837000000,12837000000,,,,,,,,,0,2430000000,None,998686000,998686000,118000000,None,None,1365000000,None,None,155000000,,2.44,0.0069,,,,-0.014,0.01,811355000,966355000,2.97,2015-12-31,27.7,11825000000,39105999000.0,1949440000,721816000,251338000,11348000000,11348000000,None,89539000,None,2349000000,None,None,15877000000,None,3487000000,454561000,None,None,None,0.657,,1219770000,729670000,414000000,2321000000,None,923000000,None,,,,,1.952,18.42,17.13,,,,,,,,0.501,,1884000000,2025-10-28,quarterly,2.98,USD,post-market,None,11701000000,0.173,0.521,0.115,20.61,722947000,18715000000,2838000000,8508000000,344.52,338.23,0.3367,54977000000,25473000000,5357000000,25501000000,29504000000,20144000000,2948126000,29476000000,34.84,0,374.1,297.38
2025-12-28,V,10.19,40000000000.0,34.84,None,0.822,19.38,,None,3518000000,3518000000,,,,,,,,,0,2440000000,None,998686000,998686000,127000000,None,780000000,1332000000,None,None,155000000,,2.44,0.0069,,,,-0.014,0.01,811355000,966355000,2.97,2015-09-30,27.7,11825000000,39105999000.0,1949440000,721816000,251338000,11361000000,11361000000,None,89539000,None,3242000000,None,None,0,None,3384000000,454561000,None,None,None,0.657,,1219770000,729670000,137000000,5091000000,None,897000000,None,,,,,1.952,18.42,17.13,,,,,,,,0.501,,1888000000,2025-10-28,quarterly,2.98,USD,post-market,None,11843000000,0.173,0.521,0.115,20.61,722947000,None,3094000000,2497000000,344.52,338.23,0.3367,39367000000,10021000000,5374000000,9525000000,29344000000,4170000000,2948126000,29842000000,34.84,0,374.1,297.38
2025-12-28,V,10.19,40000000000.0,34.84,None,0.822,19.38,,None,2147000000,2147000000,,,,,,,,,0,2448000000,None,998686000,998686000,89000000,None,None,1596000000,None,None,155000000,,2.44,0.0069,,,,-0.014,0.01,811355000,966355000,2.97,2015-06-30,27.7,11825000000,39105999000.0,1949440000,721816000,251338000,11375000000,11375000000,None,89539000,None,3502000000,None,None,0,None,3300000000,454561000,None,None,None,0.657,,1219770000,729670000,3750000000,5700000000,None,879000000,None,,,,,1.952,18.42,17.13,,,,,,,,0.501,,1847000000,2025-10-28,quarterly,2.98,USD,post-market,None,10623000000,0.173,0.521,0.115,20.61,722947000,None,1237000000,2575000000,344.52,338.23,0.3367,39429000000,10068000000,5789000000,10802000000,29361000000,5013000000,2948126000,28627000000,34.84,0,374.1,297.38
2025-12-28,V,10.19,40000000000.0,34.84,None,0.822,19.38,,None,2039000000,2039000000,,,,,,,,,0,2460000000,None,998686000,998686000,81000000,None,None,1575000000,None,None,155000000,,2.44,0.0069,,,,-0.014,0.01,811355000,966355000,2.97,2015-03-31,27.7,11753000000,39105999000.0,1949440000,721816000,251338000,11379000000,11379000000,None,89539000,None,3681000000,None,None,0,None,2779000000,454561000,None,None,None,0.657,,1219770000,729670000,3924000000,5362000000,None,1024000000,None,,,,,1.952,18.42,17.13,,,,,,,,0.501,,1843000000,2025-10-28,quarterly,2.98,USD,post-market,None,10108000000,0.173,0.521,0.115,20.61,722947000,None,1126000000,2567000000,344.52,338.23,0.3367,38835000000,10105000000,5443000000,10598000000,28730000000,5155000000,2948126000,28237000000,34.84,0,374.1,297.38
2025-12-28,V,10.19,40000000000.0,34.84,None,0.822,19.38,,None,2085000000,2085000000,,,,,,,,,0,2478000000,None,998686000,998686000,135000000,None,None,1400000000,None,None,155000000,,2.44,0.0069,,,,-0.014,0.01,811355000,966355000,2.97,2014-12-31,27.7,11753000000,39105999000.0,1949440000,721816000,251338000,11395000000,11395000000,None,89539000,None,3684000000,None,None,0,None,3028000000,454561000,None,None,None,0.657,,1219770000,729670000,3884000000,5114000000,None,1005000000,None,,,,,1.952,18.42,17.13,,,,,,,,0.501,,1861000000,2025-10-28,quarterly,2.98,USD,post-market,None,9732000000,0.173,0.521,0.115,20.61,722947000,None,3149000000,2495000000,344.52,338.23,0.3367,38884000000,9864000000,5798000000,10942000000,29020000000,5144000000,2948126000,27942000000,34.84,0,374.1,297.38
2025-12-28,V,10.19,40000000000.0,34.84,None,0.822,19.38,,None,1971000000,1971000000,,,,,,,,,0,2492000000,None,998686000,998686000,147000000,None,1332000000,1699000000,None,None,155000000,,2.44,0.0069,,,,-0.014,0.01,811355000,966355000,2.97,2014-09-30,27.7,11753000000,39105999000.0,1949440000,721816000,251338000,11411000000,11411000000,None,89539000,None,3703000000,None,None,0,None,3015000000,454561000,None,None,None,0.657,,1219770000,729670000,3913000000,5704000000,None,1005000000,None,,,,,1.952,18.42,17.13,,,,,,,,0.501,,1892000000,2025-10-28,quarterly,2.98,USD,post-market,None,9131000000,0.173,0.521,0.115,20.61,722947000,None,3780000000,1979000000,344.52,338.23,0.3367,38569000000,9562000000,6006000000,11156000000,29007000000,5150000000,2948126000,27413000000,34.84,0,374.1,297.38
2025-12-28,V,10.19,40000000000.0,34.84,None,0.822,19.38,,None,2058000000,2058000000,,,,,,,,,0,2511000000,None,998686000,998686000,101000000,None,None,1599000000,None,None,155000000,,2.44,0.0069,,,,-0.014,0.01,811355000,966355000,2.97,2014-06-30,27.7,11741000000,39105999000.0,1949440000,721816000,251338000,11427000000,11427000000,None,89539000,None,3115000000,None,None,0,None,2798000000,454561000,None,None,None,0.657,,1219770000,729670000,3336000000,5213000000,None,905000000,None,,,,,1.952,18.42,17.13,,,,,,,,0.501,,1772000000,2025-10-28,quarterly,2.98,USD,post-market,None,8909000000,0.173,0.521,0.115,20.61,722947000,None,1307000000,2006000000,344.52,338.23,0.3367,37675000000,9025000000,5314000000,10389000000,28650000000,5075000000,2948126000,27286000000,34.84,0,374.1,297.38
2025-12-28,V,10.19,40000000000.0,34.84,None,0.822,19.38,,None,1820000000,1820000000,,,,,,,,,0,2534000000,None,998686000,998686000,114000000,None,None,1584000000,None,None,155000000,,2.44,0.0069,,,,-0.014,0.01,811355000,966355000,2.97,2014-03-31,27.7,11681000000,39105999000.0,1949440000,721816000,251338000,11317000000,11317000000,None,89539000,None,3141000000,None,None,0,None,3066000000,454561000,None,None,None,0.657,,1219770000,729670000,3396000000,4847000000,None,861000000,None,,,,,1.952,18.42,17.13,,,,,,,,0.501,,1760000000,2025-10-28,quarterly,2.98,USD,post-market,None,8714000000,0.173,0.521,0.115,20.61,722947000,None,1099000000,1674000000,344.52,338.23,0.3367,37263000000,8507000000,4961000000,9968000000,28756000000,5007000000,2948126000,27295000000,34.84,0,374.1,297.38
2025-12-28,V,10.19,40000000000.0,34.84,None,0.822,19.38,,None,2121000000,2121000000,,,,,,,,,0,2556000000,None,998686000,998686000,101000000,None,None,1728000000,None,None,155000000,,2.44,0.0069,,,,-0.014,0.01,811355000,966355000,2.97,2013-12-31,27.7,11681000000,39105999000.0,1949440000,721816000,251338000,11334000000,11334000000,None,89539000,None,1692000000,None,None,0,None,3040000000,454561000,None,None,None,0.657,,1219770000,729670000,1927000000,3800000000,None,689000000,None,,,,,1.952,18.42,17.13,,,,,,,,0.501,,1746000000,2025-10-28,quarterly,2.98,USD,post-market,None,8269000000,0.173,0.521,0.115,20.61,722947000,None,2174000000,1969000000,344.52,338.23,0.3367,36248000000,7765000000,4385000000,9234000000,28483000000,4849000000,2948126000,27014000000,34.84,0,374.1,297.38
2025-12-28,V,10.19,40000000000.0,34.84,None,0.822,19.38,,None,2186000000,2186000000,,,,,,,,,0,2576000000,None,998686000,998686000,184000000,None,None,1702000000,None,None,155000000,,2.44,0.0069,,,,-0.014,0.01,811355000,966355000,2.97,2013-09-30,27.7,11681000000,39105999000.0,1949440000,721816000,251338000,11351000000,11351000000,None,89539000,None,1583000000,None,None,0,None,2760000000,454561000,None,None,None,0.657,,1219770000,729670000,1865000000,4027000000,None,602000000,None,,,,,1.952,18.42,17.13,,,,,,,,0.501,,1732000000,2025-10-28,quarterly,2.98,USD,post-market,None,7974000000,0.173,0.521,0.115,20.61,722947000,None,2306000000,2069000000,344.52,338.23,0.3367,35956000000,7822000000,4335000000,9086000000,28134000000,4751000000,2948126000,26870000000,34.84,0,374.1,297.38
2025-12-28,V,10.19,40000000000.0,34.84,None,0.822,19.38,,None,1453000000,1453000000,,,,,,,,,0,2604000000,None,998686000,998686000,131000000,None,None,1238000000,None,None,155000000,,2.44,0.0069,,,,-0.014,0.01,811355000,966355000,2.97,2013-06-30,27.7,11681000000,39105999000.0,1949440000,721816000,251338000,11368000000,11368000000,None,89539000,None,1515000000,None,None,0,None,3189000000,454561000,None,None,None,0.657,,1219770000,729670000,220000000,3540000000,None,568000000,None,,,,,1.952,18.42,17.13,,,,,,,,0.501,,1689000000,2025-10-28,quarterly,2.98,USD,post-market,None,7989000000,0.173,0.521,0.115,20.61,722947000,None,817000000,1895000000,344.52,338.23,0.3367,35285000000,6941000000,3671000000,8282000000,28344000000,4611000000,2948126000,27003000000,34.84,0,374.1,297.38
2025-12-28,V,10.19,40000000000.0,34.84,None,0.822,19.38,,None,1377000000,1377000000,,,,,,,,,0,2640000000,None,998686000,998686000,118000000,None,None,1290000000,None,None,155000000,,2.44,0.0069,,,,-0.014,0.01,811355000,966355000,2.97,2013-03-31,27.7,11681000000,39105999000.0,1949440000,721816000,251338000,11385000000,11385000000,None,89539000,None,1527000000,None,None,0,None,2974000000,454561000,None,None,None,0.657,,1219770000,729670000,211000000,3421000000,None,579000000,None,,,,,1.952,18.42,17.13,,,,,,,,0.501,,1674000000,2025-10-28,quarterly,2.98,USD,post-market,None,7723000000,0.173,0.521,0.115,20.61,722947000,None,722000000,1342000000,344.52,338.23,0.3367,35059000000,6914000000,3539000000,8164000000,28145000000,4625000000,2948126000,26895000000,34.84,0,374.1,297.38
2025-12-28,V,10.19,40000000000.0,34.84,None,0.822,19.38,,None,1334000000,1334000000,,,,,,,,,0,2676000000,None,998686000,998686000,114000000,None,None,1660000000,None,None,155000000,,2.44,0.0069,,,,-0.014,0.01,811355000,966355000,2.97,2012-12-31,27.7,11681000000,39105999000.0,1949440000,721816000,251338000,11403000000,11403000000,None,89539000,None,-74000000,None,None,0,None,3401000000,454561000,None,None,None,0.657,,1219770000,729670000,176000000,1655000000,None,467000000,None,,,,,1.952,18.42,17.13,,,,,,,,0.501,,1641000000,2025-10-28,quarterly,2.98,USD,post-market,None,7997000000,0.173,0.521,0.115,20.61,722947000,None,1072000000,1451000000,344.52,338.23,0.3367,35859000000,7387000000,3747000000,8271000000,28199000000,4524000000,2948126000,27588000000,34.84,0,374.1,297.38
2025-12-28,V,10.19,40000000000.0,34.84,None,0.822,19.38,,None,2074000000,2074000000,,,,,,,,,0,2712000000,None,998686000,998686000,152000000,None,None,1356000000,None,None,155000000,,2.44,0.0069,,,,-0.014,0.01,811355000,966355000,2.97,2012-09-30,27.7,11681000000,39105999000.0,1949440000,721816000,251338000,11420000000,11420000000,None,89539000,None,6581000000,None,None,0,None,3283000000,454561000,None,None,None,0.657,,1219770000,729670000,1032000000,1653000000,None,371000000,None,,,,,1.952,18.42,17.13,,,,,,,,0.501,,1634000000,2025-10-28,quarterly,2.98,USD,post-market,None,7809000000,0.173,0.521,0.115,20.61,722947000,None,719000000,743000000,344.52,338.23,0.3367,40013000000,11786000000,7954000000,12383000000,28227000000,4429000000,2948126000,27630000000,34.84,0,374.1,297.38
2025-12-28,V,10.19,40000000000.0,34.84,None,0.822,19.38,,None,1558000000,1558000000,,,,,,,,,0,3240000000,None,998686000,998686000,111000000,None,None,1236000000,None,None,155000000,,2.44,0.0069,,,,-0.014,0.01,811355000,966355000,2.97,2012-06-30,27.7,11681000000,39105999000.0,1949440000,721816000,251338000,11437000000,11437000000,None,89539000,None,6250000000,None,None,0,None,2923000000,454561000,None,None,None,0.657,,1219770000,729670000,1110000000,1649000000,None,785000000,None,,,,,1.952,18.42,17.13,,,,,,,,0.501,,1581000000,2025-10-28,quarterly,2.98,USD,post-market,None,6411000000,0.173,0.521,0.115,20.61,722947000,None,747000000,745000000,344.52,338.23,0.3367,38741000000,10899000000,7854000000,12583000000,27842000000,4729000000,2948126000,26158000000,34.84,0,374.1,297.38
2025-12-28,V,10.19,40000000000.0,34.84,None,0.822,19.38,,None,2042000000,2042000000,,,,,,,,,0,2704000000,None,998686000,998686000,75000000,None,None,1163000000,None,None,155000000,,2.44,0.0069,,,,-0.014,0.01,811355000,966355000,2.97,2012-03-31,27.7,11668000000,39105999000.0,1949440000,721816000,251338000,11437000000,11437000000,None,89539000,None,5044000000,None,None,0,None,1696000000,454561000,None,None,None,0.657,,1219770000,729670000,6175000000,3512000000,None,797000000,None,,,,,1.952,18.42,17.13,,,,,,,,0.501,,1540000000,2025-10-28,quarterly,2.98,USD,post-market,None,8688000000,0.173,0.521,0.115,20.61,722947000,None,702000000,915000000,344.52,338.23,0.3367,36846000000,10295000000,3587000000,8325000000,26551000000,4738000000,2948126000,28521000000,34.84,0,374.1,297.38
2025-12-28,V,10.19,40000000000.0,34.84,None,0.822,19.38,,None,1942000000,1942000000,,,,,,,,,0,2760000000,None,998686000,998686000,87000000,None,None,1138000000,None,None,155000000,,2.44,0.0069,,,,-0.014,0.01,811355000,966355000,2.97,2011-12-31,27.7,11668000000,39105999000.0,1949440000,721816000,251338000,11454000000,11454000000,None,89539000,None,4985000000,None,None,0,None,899000000,454561000,None,None,None,0.657,,1219770000,729670000,6099000000,3450000000,None,718000000,None,,,,,1.952,18.42,17.13,,,,,,,,0.501,,1542000000,2025-10-28,quarterly,2.98,USD,post-market,None,7544000000,0.173,0.521,0.115,20.61,722947000,None,426000000,799000000,344.52,338.23,0.3367,35768000000,9978000000,3537000000,8467000000,25790000000,4930000000,2948126000,27301000000,34.84,0,374.1,297.38
2025-12-28,V,10.19,40000000000.0,34.84,None,0.822,19.38,,None,2127000000,2127000000,,,,,,,,,0,2828000000,None,998686000,998686000,169000000,None,None,972000000,None,None,155000000,,2.44,0.0069,,,,-0.014,0.01,811355000,966355000,2.97,2011-09-30,27.7,11668000000,39105999000.0,1949440000,721816000,251338000,11436000000,11436000000,None,89539000,None,3611000000,None,None,0,None,711000000,454561000,None,None,None,0.657,,1219770000,729670000,1209000000,1459000000,None,667000000,None,,,,,1.952,18.42,17.13,,,,,,,,0.501,,1541000000,2025-10-28,quarterly,2.98,USD,post-market,None,6706000000,0.173,0.521,0.115,20.61,722947000,None,449000000,1271000000,344.52,338.23,0.3367,34760000000,9190000000,3451000000,8323000000,25570000000,4872000000,2948126000,26437000000,34.84,-26437000000,374.1,297.38
2025-12-28,V,10.19,40000000000.0,34.84,None,0.822,19.38,,None,3600000000,3600000000,,,,,,,,,0,3300000000,None,998686000,998686000,93000000,None,None,956000000,None,None,155000000,,2.44,0.0069,,,,-0.014,0.01,811355000,966355000,2.97,2011-06-30,27.7,11668000000,39105999000.0,1949440000,721816000,251338000,11453000000,11453000000,None,89539000,None,3648000000,None,None,22000000,None,7000000,454561000,None,None,None,0.657,,1219770000,729670000,1092000000,1503000000,None,588000000,None,,,,,1.952,18.42,17.13,,,,,,,,0.501,,1510000000,2025-10-28,quarterly,2.98,USD,post-market,None,6130000000,0.173,0.521,0.115,20.61,722947000,35000000,13000000,220000000,344.52,338.23,0.3367,34447000000,9516000000,3531000000,8395000000,24931000000,4864000000,2948126000,26050000000,34.84,-26052000000,374.1,297.38
2025-12-28,V,10.19,40000000000.0,34.84,None,0.822,19.38,,None,3512000000,3512000000,,,,,,,,,0,2856000000,None,998686000,998686000,86000000,None,None,935000000,None,None,155000000,,2.44,0.0069,,,,-0.014,0.01,811355000,966355000,2.97,2011-03-31,27.7,11588000000,39105999000.0,1949440000,721816000,251338000,11464000000,11464000000,None,89539000,None,3940000000,None,None,25000000,None,7000000,454561000,None,None,None,0.657,,1219770000,729670000,4962000000,1685000000,None,573000000,None,,,,,1.952,18.42,17.13,,,,,,,,0.501,,1453000000,2025-10-28,quarterly,2.98,USD,post-market,None,5707000000,0.173,0.521,0.115,20.61,722947000,37000000,12000000,197000000,344.52,338.23,0.3367,34422000000,9606000000,3465000000,8268000000,24816000000,4803000000,2948126000,26151000000,34.84,-26154000000,374.1,297.38
2025-12-28,V,10.19,40000000000.0,34.84,None,0.822,19.38,,None,3684000000,3684000000,,,,,,,,,0,2876000000,None,998686000,998686000,95000000,None,None,1033000000,None,None,155000000,,2.44,0.0069,,,,-0.014,0.01,811355000,966355000,2.97,2010-12-31,27.7,11447000000,39105999000.0,1949440000,721816000,251338000,11463000000,11463000000,None,89539000,None,3390000000,None,None,29000000,None,13000000,454561000,None,None,None,0.657,,1219770000,729670000,4437000000,1980000000,None,551000000,None,,,,,1.952,18.42,17.13,,,,,,,,0.501,,1380000000,2025-10-28,quarterly,2.98,USD,post-market,None,5023000000,0.173,0.521,0.115,20.61,722947000,41000000,12000000,201000000,344.52,338.23,0.3367,33989000000,9355000000,3679000000,8445000000,24634000000,4766000000,2948126000,25541000000,34.84,-25544000000,374.1,297.38
2025-12-28,V,10.19,40000000000.0,34.84,None,0.822,19.38,,None,3867000000,3867000000,,,,,,,,,0,4356000000,None,998686000,998686000,137000000,None,None,878000000,None,None,155000000,,2.44,0.0069,,,,-0.014,0.01,811355000,966355000,2.97,2010-09-30,27.7,11447000000,39105999000.0,1949440000,721816000,251338000,11478000000,11478000000,None,89539000,None,2731000000,None,None,32000000,None,24000000,454561000,None,None,None,0.657,,1219770000,729670000,3805000000,3267000000,None,683000000,None,,,,,1.952,18.42,17.13,,,,,,,,0.501,,1357000000,2025-10-28,quarterly,2.98,USD,post-market,None,4368000000,0.173,0.521,0.115,20.61,722947000,44000000,12000000,184000000,344.52,338.23,0.3367,33408000000,8734000000,3498000000,8394000000,24674000000,4896000000,2948126000,25011000000,34.84,-25014000000,374.1,297.38
2025-12-28,V,10.19,40000000000.0,34.84,None,0.822,19.38,,None,5205000000,5205000000,,,,,,,,,0,3352000000,None,998686000,998686000,94000000,None,None,917000000,None,None,155000000,,2.44,0.0069,,,,-0.014,0.01,811355000,966355000,2.97,2010-06-30,27.7,10208000000,39105999000.0,1949440000,721816000,251338000,10883000000,10883000000,None,89539000,None,2597000000,None,None,35000000,None,128000000,454561000,None,None,None,0.657,,1219770000,729670000,1046000000,1264000000,None,701000000,None,,,,,1.952,18.42,17.13,,,,,,,,0.501,,1185000000,2025-10-28,quarterly,2.98,USD,post-market,None,3822000000,0.173,0.521,0.115,20.61,722947000,47000000,12000000,85000000,344.52,338.23,0.3367,32696000000,9850000000,3482000000,8016000000,22846000000,4534000000,2948126000,24676000000,34.84,-24680000000,374.1,297.38
2025-12-28,V,10.19,40000000000.0,34.84,None,0.822,19.38,,None,4560000000,4560000000,,,,,,,,,0,2968000000,None,998686000,998686000,78000000,None,None,1168000000,None,None,155000000,,2.44,0.0069,,,,-0.014,0.01,811355000,966355000,2.97,2010-03-31,27.7,10208000000,39105999000.0,1949440000,721816000,251338000,10883000000,10883000000,None,89539000,None,2248000000,None,None,38000000,None,154000000,454561000,None,None,None,0.657,,1219770000,729670000,3302000000,1986000000,None,698000000,None,,,,,1.952,18.42,17.13,,,,,,,,0.501,,1183000000,2025-10-28,quarterly,2.98,USD,post-market,None,3199000000,0.173,0.521,0.115,20.61,722947000,50000000,12000000,85000000,344.52,338.23,0.3367,32068000000,9115000000,3537000000,8081000000,22953000000,4544000000,2948126000,23983000000,34.84,-23987000000,374.1,297.38
2025-12-28,V,10.19,40000000000.0,34.84,None,0.822,19.38,,None,4160000000,4160000000,,,,,,,,,0,2980000000,None,998686000,998686000,87000000,None,None,1272000000,None,None,155000000,,2.44,0.0069,,,,-0.014,0.01,811355000,966355000,2.97,2009-12-31,27.7,10208000000,39105999000.0,1949440000,721816000,251338000,10883000000,10883000000,None,89539000,None,2172000000,None,None,41000000,None,159000000,454561000,None,None,None,0.657,,1219770000,729670000,3228000000,2181000000,None,754000000,None,,,,,1.952,18.42,17.13,,,,,,,,0.501,,1203000000,2025-10-28,quarterly,2.98,USD,post-market,None,2691000000,0.173,0.521,0.115,20.61,722947000,53000000,12000000,93000000,344.52,338.23,0.3367,31715000000,8753000000,3637000000,8238000000,22962000000,4601000000,2948126000,23472000000,34.84,-1000000,374.1,297.38
2025-12-28,V,10.19,40000000000.0,34.84,None,0.822,19.38,,None,4617000000,4617000000,,,,,,,,,0,3006000000,None,998686000,998686000,156000000,None,None,1049000000,None,None,155000000,,2.44,0.0069,,,,-0.014,0.01,811355000,966355000,2.97,2009-09-30,27.7,10208000000,39105999000.0,1949440000,721816000,251338000,10883000000,10883000000,None,89539000,None,2434000000,None,None,44000000,None,168000000,454561000,None,None,None,0.657,,1219770000,729670000,3460000000,3908000000,None,795000000,None,,,,,1.952,18.42,17.13,,,,,,,,0.501,,1204000000,2025-10-28,quarterly,2.98,USD,post-market,None,2219000000,0.173,0.521,0.115,20.61,722947000,56000000,12000000,115000000,344.52,338.23,0.3367,32281000000,9241000000,4442000000,9088000000,23040000000,4646000000,2948126000,23189000000,34.84,-2000000,374.1,297.38
2025-12-28,V,10.19,40000000000.0,34.84,None,0.822,19.38,,None,4200000000,4200000000,,,,,,,,,0,3024000000,None,998686000,998686000,106000000,None,None,1417000000,None,None,155000000,,2.44,0.0069,,,,-0.014,0.01,811355000,966355000,2.97,2009-06-30,27.7,10213000000,39105999000.0,1949440000,721816000,251338000,10883000000,10883000000,None,89539000,None,2859000000,None,None,46000000,None,181000000,454561000,None,None,None,0.657,,1219770000,729670000,3815000000,2914000000,None,1691000000,None,,,,,1.952,18.42,17.13,,,,,,,,0.501,,1170000000,2025-10-28,quarterly,2.98,USD,post-market,None,1783000000,0.173,0.521,0.115,20.61,722947000,98000000,52000000,130000000,344.52,338.23,0.3367,32624000000,9562000000,4435000000,9825000000,23062000000,5390000000,2948126000,22794000000,34.84,-2000000,374.1,297.38
2025-12-28,V,10.19,40000000000.0,34.84,None,0.822,19.38,,None,3363000000,3363000000,,,,,,,,,None,3024000000,None,998686000,998686000,72000000,None,None,1251000000,None,None,155000000,,2.44,0.0069,,,,-0.014,0.01,811355000,966355000,2.97,2009-03-31,27.7,10213000000,39105999000.0,1949440000,721816000,251338000,10883000000,10883000000,None,89539000,None,2600000000,None,None,50000000,None,None,454561000,None,None,None,0.657,,1219770000,729670000,3485000000,2880000000,None,None,None,,,,,1.952,18.42,17.13,,,,,,,,0.501,,1155000000,2025-10-28,quarterly,2.98,USD,post-market,None,1133000000,0.173,0.521,0.115,20.61,722947000,102000000,52000000,126000000,344.52,338.23,0.3367,31964000000,8225000000,4243000000,9840000000,23739000000,5597000000,2948126000,22120000000,34.84,-2000000,374.1,297.38
2025-12-28,V,10.19,40000000000.0,34.84,None,0.822,19.38,,None,2613000000,2613000000,,,,,,,,,None,3092000000,None,998686000,998686000,93000000,None,None,1123000000,None,None,155000000,,2.44,0.0069,,,,-0.014,0.01,811355000,966355000,2.97,2008-12-31,27.7,10213000000,39105999000.0,1949440000,721816000,251338000,10883000000,10883000000,None,89539000,None,3270000000,None,None,53000000,None,None,454561000,None,None,None,0.657,,1219770000,729670000,4164000000,3300000000,None,None,None,,,,,1.952,18.42,17.13,,,,,,,,0.501,,1117000000,2025-10-28,quarterly,2.98,USD,post-market,None,677000000,0.173,0.521,0.115,20.61,722947000,104000000,51000000,189000000,344.52,338.23,0.3367,31822000000,8089000000,4612000000,10177000000,23733000000,5565000000,2948126000,21640000000,34.84,-2000000,374.1,297.38
2025-12-28,V,10.19,40000000000.0,34.84,None,0.822,19.38,,None,4979000000,4979000000,,,,,,,,,1508000000,3452000000,None,998686000,998686000,159000000,None,None,1473000000,None,None,155000000,,2.44,0.0069,,,,-0.014,0.01,811355000,966355000,2.97,2008-09-30,27.7,10213000000,39105999000.0,1949440000,721816000,251338000,10883000000,10883000000,None,89539000,None,3432000000,None,None,55000000,None,None,454561000,None,None,None,0.657,,1219770000,729670000,935000000,2314000000,None,None,None,,,,,1.952,18.42,17.13,,,,,,,,0.501,,1080000000,2025-10-28,quarterly,2.98,USD,post-market,None,186000000,0.173,0.521,0.115,20.61,722947000,106000000,51000000,355000000,344.52,338.23,0.3367,34981000000,11174000000,7165000000,13840000000,23807000000,6675000000,2948126000,21141000000,34.84,-35000000,374.1,297.38
2025-12-28,V,10.19,40000000000.0,34.84,None,0.822,19.38,,None,5762000000,5762000000,,,,,,,,,None,3104000000,None,998686000,998686000,109000000,None,None,1572000000,None,None,155000000,,2.44,0.0069,,,,-0.014,0.01,811355000,966355000,2.97,2008-06-30,27.7,10139000000,39105999000.0,1949440000,721816000,251338000,10883000000,10883000000,None,89539000,None,2173000000,None,None,98000000,None,None,454561000,None,None,None,0.657,,1219770000,729670000,2950000000,2361000000,None,None,None,,,,,1.952,18.42,17.13,,,,,,,,0.501,,1048000000,2025-10-28,quarterly,2.98,USD,post-market,None,551000000,0.173,0.521,0.115,20.61,722947000,109000000,11000000,477000000,344.52,338.23,0.3367,34442000000,10761000000,6065000000,11766000000,23681000000,5701000000,2948126000,21549000000,34.84,None,374.1,297.38
2025-12-28,V,10.19,40000000000.0,34.84,None,0.822,19.38,,None,5041000000,5041000000,,,,,,,,,1508000000,3112000000,None,998686000,998686000,111000000,None,None,1478000000,None,None,155000000,,2.44,0.0069,,,,-0.014,0.01,811355000,966355000,2.97,2008-03-31,27.7,10216000000,39105999000.0,1949440000,721816000,251338000,10883000000,10883000000,None,89539000,None,2242000000,None,None,40000000,None,None,454561000,None,None,None,0.657,,1219770000,729670000,2969000000,2429000000,None,None,None,,,,,1.952,18.42,17.13,,,,,,,,0.501,,1018000000,2025-10-28,quarterly,2.98,USD,post-market,None,223000000,0.173,0.521,0.115,20.61,722947000,112000000,72000000,598000000,344.52,338.23,0.3367,33869000000,10086000000,5841000000,12681000000,23783000000,6840000000,2948126000,22315000000,34.84,None,374.1,297.38
2025-12-28,V,10.19,40000000000.0,34.84,None,0.822,19.38,,None,1698000000,1698000000,,,,,,,,,None,3100000000,None,998686000,998686000,76000000,None,None,1687000000,None,None,155000000,,2.44,0.0069,,,,-0.014,0.01,811355000,966355000,2.97,2007-12-31,27.7,9055000000,39105999000.0,1949440000,721816000,251338000,10883000000,10883000000,None,89539000,None,906000000,None,None,40000000,None,None,454561000,None,None,None,0.657,,1219770000,729670000,1699000000,3275000000,None,None,None,,,,,1.952,18.42,17.13,,,,,,,,0.501,,912000000,2025-10-28,quarterly,2.98,USD,post-market,None,-69000000,0.173,0.521,0.115,20.61,722947000,115000000,75000000,729000000,344.52,338.23,0.3367,27742000000,5813000000,5179000000,11026000000,21929000000,5847000000,2948126000,16716000000,34.84,None,374.1,297.38
2025-12-28,V,10.19,40000000000.0,34.84,None,0.822,19.38,,None,275379000,275379000,,,,,,,,,None,2974000000,None,998686000,998686000,99000000,None,None,255000000,None,None,155000000,,2.44,0.0069,,,,-0.014,0.01,811355000,966355000,2.97,2007-09-30,27.7,None,39105999000.0,1949440000,721816000,251338000,None,None,None,89539000,None,1880697000,None,None,None,None,None,454561000,None,None,None,0.657,,1219770000,729670000,1230000000,2984258000,None,None,None,,,,,1.952,18.42,17.13,,,,,,,,0.501,,313092000,2025-10-28,quarterly,2.98,USD,post-market,None,-500999000,0.173,0.521,0.115,20.61,722947000,41280000,41089000,747080000,344.52,338.23,0.3367,4390117000,2506939000,3282089000,4852834000,1883178000,1570745000,2948126000,-501327000,34.84,None,374.1,297.38
2025-12-28,V,10.19,40000000000.0,34.84,None,0.822,19.38,,None,589733000,589733000,,,,,,,,,None,2816000000,None,998686000,998686000,73662000,None,None,268404000,None,None,155000000,,2.44,0.0069,,,,-0.014,0.01,811355000,966355000,2.97,2007-06-30,27.7,None,39105999000.0,1949440000,721816000,251338000,None,None,None,89539000,None,297656000,None,None,None,None,None,454561000,None,None,None,0.657,,1219770000,729670000,1138965000,675047000,None,None,None,,,,,1.952,18.42,17.13,,,,,,,,0.501,,None,2025-10-28,quarterly,2.98,USD,post-market,None,None,0.173,0.521,0.115,20.61,722947000,49365000,19489000,None,344.52,338.23,0.3367,3434309000,1997102000,1192823000,2199407000,1437207000,1006584000,2948126000,1191864000,34.84,None,374.1,297.38
2025-12-28,V,10.19,40000000000.0,34.84,None,0.822,19.38,,None,386042000,386042000,,,,,,,,,None,2816000000,None,998686000,998686000,64157000,None,None,254391000,None,None,155000000,,2.44,0.0069,,,,-0.014,0.01,811355000,966355000,2.97,2007-03-31,27.7,None,39105999000.0,1949440000,721816000,251338000,None,None,None,89539000,None,283436000,None,None,None,None,None,454561000,None,None,None,0.657,,1219770000,729670000,1400171000,678756000,None,None,None,,,,,1.952,18.42,17.13,,,,,,,,0.501,,None,2025-10-28,quarterly,2.98,USD,post-market,None,None,0.173,0.521,0.115,20.61,722947000,57450000,25914000,None,344.52,338.23,0.3367,3252476000,2040604000,1262628000,2244752000,1211872000,982124000,2948126000,968458000,34.84,None,374.1,297.38
2025-12-28,V,10.19,40000000000.0,34.84,None,0.822,19.38,,None,None,None,,,,,,,,,None,2816000000,None,998686000,998686000,None,None,None,None,None,None,155000000,,2.44,0.0069,,,,-0.014,0.01,811355000,966355000,2.97,2006-12-31,27.7,None,39105999000.0,1949440000,721816000,251338000,None,None,None,89539000,None,None,None,None,None,None,None,454561000,None,None,None,0.657,,1219770000,729670000,None,None,None,None,None,,,,,1.952,18.42,17.13,,,,,,,,0.501,,None,2025-10-28,quarterly,2.98,USD,post-market,None,None,0.173,0.521,0.115,20.61,722947000,None,None,None,344.52,338.23,0.3367,None,None,None,None,None,None,2948126000,None,34.84,None,374.1,297.38
2025-12-28,V,10.19,40000000000.0,34.84,None,0.822,19.38,,None,270124000,270124000,,,,,,,,,None,2832000000,None,998686000,998686000,119075000,None,None,258035000,None,None,155000000,,2.44,0.0069,,,,-0.014,0.01,811355000,966355000,2.97,2006-09-30,27.7,None,39105999000.0,1949440000,721816000,251338000,None,None,None,89539000,None,294570000,None,None,41280000,None,None,454561000,None,None,None,0.657,,1219770000,729670000,148057000,661552000,None,None,None,,,,,1.952,18.42,17.13,,,,,,,,0.501,,280899000,2025-10-28,quarterly,2.98,USD,post-market,None,582814000,0.173,0.521,0.115,20.61,722947000,73619000,32339000,660451000,344.52,338.23,0.3367,2963918000,1593931000,1392963000,2343264000,1369987000,950301000,2948126000,582814000,34.84,None,374.1,297.38
2025-12-28,V,10.19,40000000000.0,34.84,None,0.822,19.38,,None,None,None,,,,,,,,,None,2848000000,None,998686000,998686000,None,None,None,None,None,None,155000000,,2.44,0.0069,,,,-0.014,0.01,811355000,966355000,2.97,2006-06-30,27.7,None,39105999000.0,1949440000,721816000,251338000,None,None,None,89539000,None,None,None,None,None,None,None,454561000,None,None,None,0.657,,1219770000,729670000,None,None,None,None,None,,,,,1.952,18.42,17.13,,,,,,,,0.501,,None,2025-10-28,quarterly,2.98,USD,post-market,None,None,0.173,0.521,0.115,20.61,722947000,None,None,None,344.52,338.23,0.3367,None,None,None,None,None,None,2948126000,None,34.84,None,374.1,297.38
2025-12-28,V,10.19,40000000000.0,34.84,None,0.822,19.38,,None,20154000000,20154000000,,,,,,,,,182500,2194000000,None,998686000,998686000,555000000,None,5569000000,7317000000,None,None,155000000,,2.44,0.0069,,,,-0.014,0.01,811355000,966355000,2.97,2025-09-30,27.7,19879000000,39105999000.0,1949440000,721816000,251338000,27646000000,27646000000,None,89539000,None,None,None,None,19602000000,None,999000000,454561000,None,None,None,0.657,,1219770000,729670000,8462000000,28924000000,None,1519000000,None,,,,,1.952,18.42,17.13,,,,,,,,0.501,,5190000000,2025-10-28,annual,2.98,USD,post-market,None,15106000000,0.173,0.521,0.115,20.61,722947000,25171000000,5569000000,1833000000,344.52,338.23,0.3367,99627000000,37766000000,35048000000,61718000000,61861000000,26670000000,2948126000,37909000000,34.84,None,374.1,297.38
2025-12-28,V,10.19,40000000000.0,34.84,None,0.822,19.38,,None,11975000000,11975000000,,,,,,,,,186800,2029000000,None,998686000,998686000,479000000,None,None,7015000000,None,None,155000000,,2.44,0.0069,,,,-0.014,0.01,811355000,966355000,2.97,2024-09-30,27.7,18941000000,39105999000.0,1949440000,721816000,251338000,26889000000,26889000000,None,89539000,None,None,None,None,20836000000,None,2545000000,454561000,None,None,None,0.657,,1219770000,729670000,11843000000,26038000000,None,2720000000,None,,,,,1.952,18.42,17.13,,,,,,,,0.501,,4697000000,2025-10-28,annual,2.98,USD,post-market,None,17289000000,0.173,0.521,0.115,20.61,722947000,20836000000,0,3200000000,344.52,338.23,0.3367,94511000000,34033000000,26517000000,55374000000,60478000000,28857000000,2948126000,39137000000,34.84,None,374.1,297.38
2025-12-28,V,10.19,40000000000.0,34.84,None,0.822,19.38,,None,16286000000,16286000000,,,,,,,,,22150000000,2085000000,None,998686000,998686000,375000000,None,None,4474000000,None,None,155000000,,2.44,0.0069,,,,-0.014,0.01,811355000,966355000,2.97,2023-09-30,27.7,17997000000,39105999000.0,1949440000,721816000,251338000,26104000000,26104000000,None,89539000,None,4769000000,None,None,20463000000,None,1921000000,454561000,None,None,None,0.657,,1219770000,729670000,8930000000,21223000000,None,3091000000,None,,,,,1.952,18.42,17.13,,,,,,,,0.501,,2116000000,2025-10-28,annual,2.98,USD,post-market,None,18040000000,0.173,0.521,0.115,20.61,722947000,20981000000,106000000,3842000000,344.52,338.23,0.3367,90499000000,33532000000,23098000000,51766000000,56967000000,28668000000,2948126000,38733000000,34.84,None,374.1,297.38
2025-12-28,V,10.19,40000000000.0,34.84,None,0.822,19.38,,None,15689000000,15689000000,,,,,,,,,21869000000,2136000000,None,998686000,998686000,340000000,None,2250000000,3952000000,None,None,155000000,,2.44,0.0069,,,,-0.014,0.01,811355000,966355000,2.97,2022-09-30,27.7,17787000000,39105999000.0,1949440000,721816000,251338000,25065000000,25065000000,None,89539000,None,6459000000,None,None,20200000000,None,2136000000,454561000,None,None,None,0.657,,1219770000,729670000,7731000000,17898000000,None,3535000000,None,,,,,1.952,18.42,17.13,,,,,,,,0.501,,3223000000,2025-10-28,annual,2.98,USD,post-market,None,16116000000,0.173,0.521,0.115,20.61,722947000,22450000000,2250000000,2833000000,344.52,338.23,0.3367,85501000000,30205000000,20853000000,49920000000,55296000000,29067000000,2948126000,35581000000,34.84,None,374.1,297.38
2025-12-28,V,10.19,40000000000.0,34.84,None,0.822,19.38,,None,16487000000,16487000000,,,,,,,,,21935000000,2188000000,None,998686000,998686000,266000000,None,999000000,3726000000,None,None,155000000,,2.44,0.0069,,,,-0.014,0.01,811355000,966355000,2.97,2021-09-30,27.7,15958000000,39105999000.0,1949440000,721816000,251338000,27664000000,27664000000,None,89539000,None,4010000000,None,None,19978000000,None,1705000000,454561000,None,None,None,0.657,,1219770000,729670000,5369000000,14149000000,None,3462000000,None,,,,,1.952,18.42,17.13,,,,,,,,0.501,,2715000000,2025-10-28,annual,2.98,USD,post-market,None,15351000000,0.173,0.521,0.115,20.61,722947000,20977000000,999000000,2025000000,344.52,338.23,0.3367,82896000000,27607000000,15739000000,45307000000,55289000000,29568000000,2948126000,37589000000,34.84,None,374.1,297.38
2025-12-28,V,10.19,40000000000.0,34.84,None,0.822,19.38,,None,16289000000,16289000000,,,,,,,,,194000,2223000000,None,998686000,998686000,174000000,None,2999000000,2882000000,None,None,155000000,,2.44,0.0069,,,,-0.014,0.01,811355000,966355000,2.97,2020-09-30,27.7,15910000000,39105999000.0,1949440000,721816000,251338000,27808000000,27808000000,None,89539000,None,3508000000,None,None,21071000000,None,231000000,454561000,None,None,None,0.657,,1219770000,729670000,4722000000,11095000000,None,3891000000,None,,,,,1.952,18.42,17.13,,,,,,,,0.501,,2737000000,2025-10-28,annual,2.98,USD,post-market,None,14088000000,0.173,0.521,0.115,20.61,722947000,24640000000,3107000000,3752000000,344.52,338.23,0.3367,80919000000,27645000000,14510000000,44709000000,53274000000,30199000000,2948126000,36210000000,34.84,None,374.1,297.38
2025-12-28,V,10.19,40000000000.0,34.84,None,0.822,19.38,,None,7838000000,7838000000,,,,,,,,,198000,2272000000,None,998686000,998686000,156000000,None,None,4590000000,None,None,155000000,,2.44,0.0069,,,,-0.014,0.01,811355000,966355000,2.97,2019-09-30,27.7,15656000000,39105999000.0,1949440000,721816000,251338000,26780000000,26780000000,None,89539000,None,3565000000,None,None,16729000000,None,2157000000,454561000,None,None,None,0.657,,1219770000,729670000,741000000,13259000000,None,2939000000,None,,,,,1.952,18.42,17.13,,,,,,,,0.501,,2695000000,2025-10-28,annual,2.98,USD,post-market,None,13502000000,0.173,0.521,0.115,20.61,722947000,20719000000,3990000000,4236000000,344.52,338.23,0.3367,72574000000,20970000000,13415000000,37890000000,51604000000,24475000000,2948126000,34684000000,34.84,None,374.1,297.38
2025-12-28,V,10.19,40000000000.0,34.84,None,0.822,19.38,,None,8162000000,8162000000,,,,,,,,,0,2329000000,None,998686000,998686000,183000000,None,None,2790000000,None,None,155000000,,2.44,0.0069,,,,-0.014,0.01,811355000,966355000,2.97,2018-09-30,27.7,15194000000,39105999000.0,1949440000,721816000,251338000,27558000000,27558000000,None,89539000,None,3377000000,None,None,16630000000,None,4082000000,454561000,None,None,None,0.657,,1219770000,729670000,340000000,11122000000,None,2666000000,None,,,,,1.952,18.42,17.13,,,,,,,,0.501,,2472000000,2025-10-28,annual,2.98,USD,post-market,None,11318000000,0.173,0.521,0.115,20.61,722947000,18798000000,2168000000,3547000000,344.52,338.23,0.3367,69225000000,18216000000,11305000000,35219000000,51009000000,23914000000,2948126000,34006000000,34.84,0,374.1,297.38
2025-12-28,V,10.19,40000000000.0,34.84,None,0.822,19.38,,None,9874000000,9874000000,,,,,,,,,0,2395000000,None,998686000,998686000,179000000,None,1749000000,2554000000,None,None,155000000,,2.44,0.0069,,,,-0.014,0.01,811355000,966355000,2.97,2017-09-30,27.7,15110000000,39105999000.0,1949440000,721816000,251338000,27848000000,27848000000,None,89539000,None,2687000000,None,None,16618000000,None,1926000000,454561000,None,None,None,0.657,,1219770000,729670000,3031000000,7823000000,None,2625000000,None,,,,,1.952,18.42,17.13,,,,,,,,0.501,,2253000000,2025-10-28,annual,2.98,USD,post-market,None,9508000000,0.173,0.521,0.115,20.61,722947000,18367000000,1749000000,3564000000,344.52,338.23,0.3367,67977000000,19023000000,9994000000,35217000000,48954000000,25223000000,2948126000,32760000000,34.84,0,374.1,297.38
2025-12-28,V,10.19,40000000000.0,34.84,None,0.822,19.38,,None,5619000000,5619000000,,,,,,,,,0,2414000000,None,998686000,998686000,203000000,None,15882000000,2740000000,None,None,155000000,,2.44,0.0069,,,,-0.014,0.01,811355000,966355000,2.97,2016-09-30,27.7,15066000000,39105999000.0,1949440000,721816000,251338000,27234000000,27234000000,None,89539000,None,2351000000,None,None,15882000000,None,3931000000,454561000,None,None,None,0.657,,1219770000,729670000,284000000,7843000000,None,2387000000,None,,,,,1.952,18.42,17.13,,,,,,,,0.501,,2150000000,2025-10-28,annual,2.98,USD,post-market,None,10462000000,0.173,0.521,0.115,20.61,722947000,17966000000,2084000000,3319000000,344.52,338.23,0.3367,64035000000,14313000000,8046000000,31123000000,49722000000,23077000000,2948126000,32912000000,34.84,-170000000,374.1,297.38
2025-12-28,V,10.19,40000000000.0,34.84,None,0.822,19.38,,None,3518000000,3518000000,,,,,,,,,0,2457000000,None,998686000,998686000,127000000,None,780000000,1332000000,None,None,155000000,,2.44,0.0069,,,,-0.014,0.01,811355000,966355000,2.97,2015-09-30,27.7,11825000000,39105999000.0,1949440000,721816000,251338000,11361000000,11361000000,None,89539000,None,3242000000,None,None,0,None,3384000000,454561000,None,None,None,0.657,,1219770000,729670000,137000000,5091000000,None,897000000,None,,,,,1.952,18.42,17.13,,,,,,,,0.501,,1888000000,2025-10-28,annual,2.98,USD,post-market,None,11843000000,0.173,0.521,0.115,20.61,722947000,None,3094000000,2497000000,344.52,338.23,0.3367,39367000000,10021000000,5374000000,10394000000,29344000000,5020000000,2948126000,29842000000,34.84,0,374.1,297.38
2025-12-28,V,10.19,40000000000.0,34.84,None,0.822,19.38,,None,1971000000,1971000000,,,,,,,,,0,2524000000,None,998686000,998686000,147000000,None,1332000000,1699000000,None,None,155000000,,2.44,0.0069,,,,-0.014,0.01,811355000,966355000,2.97,2014-09-30,27.7,11753000000,39105999000.0,1949440000,721816000,251338000,11411000000,11411000000,None,89539000,None,3703000000,None,None,0,None,3015000000,454561000,None,None,None,0.657,,1219770000,729670000,3913000000,5704000000,None,1005000000,None,,,,,1.952,18.42,17.13,,,,,,,,0.501,,1892000000,2025-10-28,annual,2.98,USD,post-market,None,9131000000,0.173,0.521,0.115,20.61,722947000,None,3780000000,1979000000,344.52,338.23,0.3367,38569000000,9562000000,6006000000,11156000000,29007000000,5150000000,2948126000,27413000000,34.84,0,374.1,297.38
2025-12-28,V,10.19,40000000000.0,34.84,None,0.822,19.38,,None,2186000000,2186000000,,,,,,,,,0,2624000000,None,998686000,998686000,184000000,None,None,1702000000,None,None,155000000,,2.44,0.0069,,,,-0.014,0.01,811355000,966355000,2.97,2013-09-30,27.7,11681000000,39105999000.0,1949440000,721816000,251338000,11351000000,11351000000,None,89539000,None,1583000000,None,None,0,None,2760000000,454561000,None,None,None,0.657,,1219770000,729670000,1865000000,4027000000,None,602000000,None,,,,,1.952,18.42,17.13,,,,,,,,0.501,,1732000000,2025-10-28,annual,2.98,USD,post-market,None,7974000000,0.173,0.521,0.115,20.61,722947000,None,2306000000,2069000000,344.52,338.23,0.3367,35956000000,7822000000,4335000000,9086000000,28134000000,4751000000,2948126000,26870000000,34.84,0,374.1,297.38
2025-12-28,V,10.19,40000000000.0,34.84,None,0.822,19.38,,None,2074000000,2074000000,,,,,,,,,0,3856000000,None,998686000,998686000,152000000,None,None,1356000000,None,None,155000000,,2.44,0.0069,,,,-0.014,0.01,811355000,966355000,2.97,2012-09-30,27.7,11681000000,39105999000.0,1949440000,721816000,251338000,11420000000,11420000000,None,89539000,None,6581000000,None,None,0,None,3283000000,454561000,None,None,None,0.657,,1219770000,729670000,7613000000,7685000000,None,371000000,None,,,,,1.952,18.42,17.13,,,,,,,,0.501,,1634000000,2025-10-28,annual,2.98,USD,post-market,None,7809000000,0.173,0.521,0.115,20.61,722947000,None,6090000000,743000000,344.52,338.23,0.3367,40013000000,11786000000,7954000000,12383000000,28227000000,4429000000,2948126000,27630000000,34.84,0,374.1,297.38
2025-12-28,V,10.19,40000000000.0,34.84,None,0.822,19.38,,None,2127000000,2127000000,,,,,,,,,0,4088000000,None,998686000,998686000,169000000,None,None,1084000000,None,None,155000000,,2.44,0.0069,,,,-0.014,0.01,811355000,966355000,2.97,2011-09-30,27.7,11668000000,39105999000.0,1949440000,721816000,251338000,11436000000,11436000000,None,89539000,None,3611000000,None,None,0,None,711000000,454561000,None,None,None,0.657,,1219770000,729670000,4708000000,3156000000,None,667000000,None,,,,,1.952,18.42,17.13,,,,,,,,0.501,,1541000000,2025-10-28,annual,2.98,USD,post-market,None,6706000000,0.173,0.521,0.115,20.61,722947000,None,1760000000,1271000000,344.52,338.23,0.3367,34760000000,9190000000,3451000000,8323000000,25570000000,4872000000,2948126000,26437000000,34.84,-26437000000,374.1,297.38
2025-12-28,V,10.19,40000000000.0,34.84,None,0.822,19.38,,None,3867000000,3867000000,,,,,,,,,0,4384000000,None,998686000,998686000,137000000,None,None,1018000000,None,None,155000000,,2.44,0.0069,,,,-0.014,0.01,811355000,966355000,2.97,2010-09-30,27.7,11447000000,39105999000.0,1949440000,721816000,251338000,11478000000,11478000000,None,89539000,None,2731000000,None,None,32000000,None,24000000,454561000,None,None,None,0.657,,1219770000,729670000,242000000,3267000000,None,683000000,None,,,,,1.952,18.42,17.13,,,,,,,,0.501,,1357000000,2025-10-28,annual,2.98,USD,post-market,None,4368000000,0.173,0.521,0.115,20.61,722947000,44000000,12000000,184000000,344.52,338.23,0.3367,33408000000,8734000000,3498000000,8394000000,24674000000,4896000000,2948126000,25011000000,34.84,-25014000000,374.1,297.38
2025-12-28,V,10.19,40000000000.0,34.84,None,0.822,19.38,,None,4617000000,4617000000,,,,,,,,,0,3032000000,None,998686000,998686000,156000000,None,None,1184000000,None,None,155000000,,2.44,0.0069,,,,-0.014,0.01,811355000,966355000,2.97,2009-09-30,27.7,10208000000,39105999000.0,1949440000,721816000,251338000,10883000000,10883000000,None,89539000,None,2434000000,None,None,44000000,None,168000000,454561000,None,None,None,0.657,,1219770000,729670000,366000000,3908000000,None,795000000,None,,,,,1.952,18.42,17.13,,,,,,,,0.501,,1204000000,2025-10-28,annual,2.98,USD,post-market,None,2219000000,0.173,0.521,0.115,20.61,722947000,56000000,12000000,115000000,344.52,338.23,0.3367,32281000000,9241000000,4442000000,9088000000,23040000000,4646000000,2948126000,23189000000,34.84,-2000000,374.1,297.38
2025-12-28,V,10.19,40000000000.0,34.84,None,0.822,19.38,,None,4979000000,4979000000,,,,,,,,,1136000000,3076000000,None,998686000,998686000,159000000,None,None,1473000000,None,None,155000000,,2.44,0.0069,,,,-0.014,0.01,811355000,966355000,2.97,2008-09-30,27.7,10213000000,39105999000.0,1949440000,721816000,251338000,10883000000,10883000000,None,89539000,None,3432000000,None,None,55000000,None,None,454561000,None,None,None,0.657,,1219770000,729670000,4367000000,6796000000,None,None,None,,,,,1.952,18.42,17.13,,,,,,,,0.501,,1080000000,2025-10-28,annual,2.98,USD,post-market,None,186000000,0.173,0.521,0.115,20.61,722947000,106000000,51000000,355000000,344.52,338.23,0.3367,34981000000,11174000000,7165000000,13840000000,23807000000,6675000000,2948126000,22277000000,34.84,-35000000,374.1,297.38
2025-12-28,V,10.19,40000000000.0,34.84,None,0.822,19.38,,None,275379000,275379000,,,,,,,,,None,2848000000,None,998686000,998686000,98586000,None,None,255000000,None,None,155000000,,2.44,0.0069,,,,-0.014,0.01,811355000,966355000,2.97,2007-09-30,27.7,None,39105999000.0,1949440000,721816000,251338000,None,None,None,89539000,None,1880697000,None,None,None,None,None,454561000,None,None,None,0.657,,1219770000,729670000,999807000,2484863000,None,None,None,,,,,1.952,18.42,17.13,,,,,,,,0.501,,313092000,2025-10-28,annual,2.98,USD,post-market,None,-500999000,0.173,0.521,0.115,20.61,722947000,41280000,41280000,747080000,344.52,338.23,0.3367,4390117000,2506939000,3282089000,4852834000,1883178000,1570745000,2948126000,-501327000,34.84,None,374.1,297.38
2025-12-28,V,10.19,40000000000.0,34.84,None,0.822,19.38,,None,270124000,270124000,,,,,,,,,None,2848000000,None,998686000,998686000,119075000,None,None,258035000,None,None,155000000,,2.44,0.0069,,,,-0.014,0.01,811355000,966355000,2.97,2006-09-30,27.7,None,39105999000.0,1949440000,721816000,251338000,None,None,None,89539000,None,294570000,None,None,41280000,None,None,454561000,None,None,None,0.657,,1219770000,729670000,148057000,661552000,None,None,None,,,,,1.952,18.42,17.13,,,,,,,,0.501,,280899000,2025-10-28,annual,2.98,USD,post-market,None,583772000,0.173,0.521,0.115,20.61,722947000,73619000,32339000,660451000,344.52,338.23,0.3367,2963918000,1593931000,1392963000,2343264000,1369987000,950301000,2948126000,582814000,34.84,None,374.1,297.38
2025-12-28,V,10.19,40000000000.0,34.84,None,0.822,19.38,389000000,None,270124000,270124000,-6000000000,304000000,None,None,None,None,None,None,None,2848000000,None,998686000,998686000,119075000,None,None,258035000,None,None,155000000,316000000,2.44,0.0069,1146000000,1146000000,None,-0.014,0.01,811355000,966355000,2.97,2025-09-30,27.7,None,39105999000.0,1949440000,721816000,251338000,None,None,None,89539000,None,294570000,None,None,41280000,None,None,5090000000,None,None,None,0.657,6238000000,1219770000,729670000,148057000,661552000,None,None,None,None,None,None,None,1.952,18.42,17.13,None,None,None,None,None,-4927000000,None,0.501,None,280899000,2025-10-28,quarterly,2.98,USD,post-market,None,583772000,0.173,0.521,0.115,20.61,722947000,73619000,32339000,660451000,344.52,338.23,0.3367,2963918000,1593931000,1392963000,2343264000,1369987000,950301000,2948126000,582814000,34.84,None,374.1,297.38
2025-12-28,V,10.19,40000000000.0,34.84,None,0.822,19.38,421000000,None,270124000,270124000,-1828000000,-256000000,None,None,None,None,None,None,None,2848000000,None,998686000,998686000,119075000,None,None,258035000,None,None,155000000,317000000,2.44,0.0069,1154000000,1154000000,None,-0.014,0.01,811355000,966355000,2.97,2025-06-30,27.7,None,39105999000.0,1949440000,721816000,251338000,None,None,None,89539000,None,294570000,None,None,41280000,None,None,5272000000,None,None,None,0.657,6730000000,1219770000,729670000,148057000,661552000,None,None,None,None,None,None,None,1.952,18.42,17.13,None,None,None,None,None,-4782000000,None,0.501,None,280899000,2025-10-28,quarterly,2.98,USD,post-market,None,583772000,0.173,0.521,0.115,20.61,722947000,73619000,32339000,660451000,344.52,338.23,0.3367,2963918000,1593931000,1392963000,2343264000,1369987000,950301000,2948126000,582814000,34.84,None,374.1,297.38
2025-12-28,V,10.19,40000000000.0,34.84,None,0.822,19.38,327000000,None,270124000,270124000,-5660000000,-130000000,None,None,None,None,None,None,None,2848000000,None,998686000,998686000,119075000,None,None,258035000,None,None,155000000,305000000,2.44,0.0069,1164000000,1164000000,None,-0.014,0.01,811355000,966355000,2.97,2025-03-31,27.7,None,39105999000.0,1949440000,721816000,251338000,None,None,None,89539000,None,294570000,None,None,41280000,None,None,4577000000,None,None,None,0.657,4695000000,1219770000,729670000,148057000,661552000,None,None,None,None,None,None,None,1.952,18.42,17.13,None,None,None,None,None,-4596000000,None,0.501,None,280899000,2025-10-28,quarterly,2.98,USD,post-market,None,583772000,0.173,0.521,0.115,20.61,722947000,73619000,32339000,660451000,344.52,338.23,0.3367,2963918000,1593931000,1392963000,2343264000,1369987000,950301000,2948126000,582814000,34.84,None,374.1,297.38
2025-12-28,V,10.19,40000000000.0,34.84,None,0.822,19.38,345000000,None,270124000,270124000,-5475000000,790000000,None,None,None,None,None,None,None,2848000000,None,998686000,998686000,119075000,None,None,258035000,None,None,155000000,282000000,2.44,0.0069,1170000000,1170000000,None,-0.014,0.01,811355000,966355000,2.97,2024-12-31,27.7,None,39105999000.0,1949440000,721816000,251338000,None,None,None,89539000,None,294570000,None,None,41280000,None,None,5119000000,None,None,None,0.657,5396000000,1219770000,729670000,148057000,661552000,None,None,None,None,None,None,None,1.952,18.42,17.13,None,None,None,None,None,-4011000000,None,0.501,None,280899000,2025-10-28,quarterly,2.98,USD,post-market,None,583772000,0.173,0.521,0.115,20.61,722947000,73619000,32339000,660451000,344.52,338.23,0.3367,2963918000,1593931000,1392963000,2343264000,1369987000,950301000,2948126000,582814000,34.84,None,374.1,297.38
2025-12-28,V,10.19,40000000000.0,34.84,None,0.822,19.38,309000000,None,270124000,270124000,-7069000000,584000000,None,None,None,None,None,None,None,2848000000,None,998686000,998686000,119075000,None,None,258035000,None,None,155000000,274000000,2.44,0.0069,1041000000,1041000000,None,-0.014,0.01,811355000,966355000,2.97,2024-09-30,27.7,None,39105999000.0,1949440000,721816000,251338000,None,None,None,89539000,None,294570000,None,None,41280000,None,None,5318000000,None,None,None,0.657,6664000000,1219770000,729670000,148057000,661552000,None,None,None,None,None,None,None,1.952,18.42,17.13,None,None,None,None,None,-5848000000,None,0.501,None,280899000,2025-10-28,quarterly,2.98,USD,post-market,None,583772000,0.173,0.521,0.115,20.61,722947000,73619000,32339000,660451000,344.52,338.23,0.3367,2963918000,1593931000,1392963000,2343264000,1369987000,950301000,2948126000,582814000,34.84,None,374.1,297.38
2025-12-28,V,10.19,40000000000.0,34.84,None,0.822,19.38,400000000,None,270124000,270124000,-5311000000,555000000,None,None,None,None,None,None,None,2848000000,None,998686000,998686000,119075000,None,None,258035000,None,None,155000000,264000000,2.44,0.0069,1056000000,1056000000,None,-0.014,0.01,811355000,966355000,2.97,2024-06-30,27.7,None,39105999000.0,1949440000,721816000,251338000,None,None,None,89539000,None,294570000,None,None,41280000,None,None,4872000000,None,None,None,0.657,5134000000,1219770000,729670000,148057000,661552000,None,None,None,None,None,None,None,1.952,18.42,17.13,None,None,None,None,None,-4527000000,None,0.501,None,280899000,2025-10-28,quarterly,2.98,USD,post-market,None,583772000,0.173,0.521,0.115,20.61,722947000,73619000,32339000,660451000,344.52,338.23,0.3367,2963918000,1593931000,1392963000,2343264000,1369987000,950301000,2948126000,582814000,34.84,None,374.1,297.38
2025-12-28,V,10.19,40000000000.0,34.84,None,0.822,19.38,281000000,None,270124000,270124000,-3874000000,-1176000000,None,None,None,None,None,None,None,2848000000,None,998686000,998686000,119075000,None,None,258035000,None,None,155000000,249000000,2.44,0.0069,1060000000,1060000000,None,-0.014,0.01,811355000,966355000,2.97,2024-03-31,27.7,None,39105999000.0,1949440000,721816000,251338000,None,None,None,89539000,None,294570000,None,None,41280000,None,None,4663000000,None,None,None,0.657,4538000000,1219770000,729670000,148057000,661552000,None,None,None,None,None,None,None,1.952,18.42,17.13,None,None,None,None,None,-2758000000,None,0.501,None,280899000,2025-10-28,quarterly,2.98,USD,post-market,None,583772000,0.173,0.521,0.115,20.61,722947000,73619000,32339000,660451000,344.52,338.23,0.3367,2963918000,1593931000,1392963000,2343264000,1369987000,950301000,2948126000,582814000,34.84,None,374.1,297.38
2025-12-28,V,10.19,40000000000.0,34.84,None,0.822,19.38,267000000,None,270124000,270124000,-4379000000,-1889000000,None,None,-1308000000,None,None,None,None,2848000000,None,998686000,998686000,119075000,None,None,258035000,None,None,155000000,247000000,2.44,0.0069,1060000000,1060000000,None,-0.014,0.01,811355000,966355000,2.97,2023-12-31,27.7,None,39105999000.0,1949440000,721816000,251338000,None,None,None,89539000,None,294570000,None,None,41280000,None,None,4890000000,None,None,None,0.657,3614000000,1219770000,729670000,148057000,661552000,None,None,None,None,None,None,None,1.952,18.42,17.13,None,None,None,None,None,-3580000000,None,0.501,None,280899000,2025-10-28,quarterly,2.98,USD,post-market,None,583772000,0.173,0.521,0.115,20.61,722947000,73619000,32339000,660451000,344.52,338.23,0.3367,2963918000,1593931000,1392963000,2343264000,1369987000,950301000,2948126000,582814000,34.84,None,374.1,297.38
2025-12-28,V,10.19,40000000000.0,34.84,None,0.822,19.38,305000000,None,270124000,270124000,-4580000000,-1188000000,None,None,1480000000,None,None,None,None,2848000000,None,998686000,998686000,119075000,None,None,258035000,None,None,155000000,247000000,2.44,0.0069,928000000,928000000,None,-0.014,0.01,811355000,966355000,2.97,2023-09-30,27.7,None,39105999000.0,1949440000,721816000,251338000,None,None,None,89539000,None,294570000,None,None,41280000,None,None,4681000000,None,None,None,0.657,6927000000,1219770000,729670000,148057000,661552000,None,None,None,None,None,None,None,1.952,18.42,17.13,None,None,None,None,None,-3751000000,None,0.501,None,280899000,2025-10-28,quarterly,2.98,USD,post-market,None,583772000,0.173,0.521,0.115,20.61,722947000,73619000,32339000,660451000,344.52,338.23,0.3367,2963918000,1593931000,1392963000,2343264000,1369987000,950301000,2948126000,582814000,34.84,None,374.1,297.38
2025-12-28,V,10.19,40000000000.0,34.84,None,0.822,19.38,295000000,None,270124000,270124000,-3919000000,17000000,1895000000,None,1054000000,None,None,-681000000,None,2848000000,None,998686000,998686000,119075000,None,None,258035000,None,None,155000000,235000000,2.44,0.0069,937000000,937000000,None,-0.014,0.01,811355000,966355000,2.97,2023-06-30,27.7,None,39105999000.0,1949440000,721816000,251338000,None,None,None,89539000,None,294570000,None,None,41280000,None,None,4156000000,None,None,None,0.657,5797000000,1219770000,729670000,148057000,661552000,None,None,None,None,None,None,None,1.952,18.42,17.13,None,None,None,None,None,-3041000000,None,0.501,None,280899000,2025-10-28,quarterly,2.98,USD,post-market,None,583772000,0.173,0.521,0.115,20.61,722947000,73619000,32339000,660451000,344.52,338.23,0.3367,2963918000,1593931000,1392963000,2343264000,1369987000,950301000,2948126000,582814000,34.84,None,374.1,297.38
2025-12-28,V,10.19,40000000000.0,34.84,None,0.822,19.38,210000000,None,270124000,270124000,-2926000000,-835000000,609000000,None,None,None,None,194000000,None,2848000000,None,998686000,998686000,119075000,None,None,258035000,None,None,155000000,234000000,2.44,0.0069,941000000,941000000,None,-0.014,0.01,811355000,966355000,2.97,2023-03-31,27.7,None,39105999000.0,1949440000,721816000,251338000,None,None,None,89539000,None,294570000,None,None,41280000,None,None,4257000000,None,None,None,0.657,3860000000,1219770000,729670000,148057000,661552000,None,None,None,None,None,None,None,1.952,18.42,17.13,None,None,None,None,None,-2194000000,None,0.501,None,280899000,2025-10-28,quarterly,2.98,USD,post-market,None,583772000,0.173,0.521,0.115,20.61,722947000,73619000,32339000,660451000,344.52,338.23,0.3367,2963918000,1593931000,1392963000,2343264000,1369987000,950301000,2948126000,582814000,34.84,None,374.1,297.38
2025-12-28,V,10.19,40000000000.0,34.84,None,0.822,19.38,249000000,None,270124000,270124000,-6347000000,-510000000,-2686000000,None,None,None,None,-114000000,None,2848000000,None,998686000,998686000,119075000,None,None,258035000,None,None,155000000,227000000,2.44,0.0069,945000000,945000000,None,-0.014,0.01,811355000,966355000,2.97,2022-12-31,27.7,None,39105999000.0,1949440000,721816000,251338000,None,None,None,89539000,None,294570000,None,None,41280000,None,None,4179000000,None,None,None,0.657,4171000000,1219770000,729670000,148057000,661552000,None,None,None,None,None,None,None,1.952,18.42,17.13,None,None,None,None,None,-3115000000,None,0.501,None,280899000,2025-10-28,quarterly,2.98,USD,post-market,None,583772000,0.173,0.521,0.115,20.61,722947000,73619000,32339000,660451000,344.52,338.23,0.3367,2963918000,1593931000,1392963000,2343264000,1369987000,950301000,2948126000,582814000,34.84,None,374.1,297.38
2025-12-28,V,10.19,40000000000.0,34.84,None,0.822,19.38,295000000,None,270124000,270124000,-4040000000,107000000,1943000000,None,None,None,None,-166000000,None,2848000000,None,998686000,998686000,119075000,None,None,258035000,None,None,155000000,226000000,2.44,0.0069,794000000,794000000,None,-0.014,0.01,811355000,966355000,2.97,2022-09-30,27.7,None,39105999000.0,1949440000,721816000,251338000,None,None,None,89539000,None,294570000,None,None,41280000,None,None,3940000000,None,None,None,0.657,5876000000,1219770000,729670000,148057000,661552000,None,None,None,None,None,None,None,1.952,18.42,17.13,None,None,None,None,None,-2103000000,None,0.501,None,280899000,2025-10-28,quarterly,2.98,USD,post-market,None,583772000,0.173,0.521,0.115,20.61,722947000,73619000,32339000,660451000,344.52,338.23,0.3367,2963918000,1593931000,1392963000,2343264000,1369987000,950301000,2948126000,582814000,34.84,None,374.1,297.38
2025-12-28,V,10.19,40000000000.0,34.84,None,0.822,19.38,235000000,None,270124000,270124000,-289000000,-2063000000,2900000000,None,None,None,None,-158000000,None,2848000000,None,998686000,998686000,119075000,None,None,258035000,None,None,155000000,230000000,2.44,0.0069,798000000,798000000,None,-0.014,0.01,811355000,966355000,2.97,2022-06-30,27.7,None,39105999000.0,1949440000,721816000,251338000,None,None,None,89539000,None,294570000,None,None,41280000,None,None,3411000000,None,None,None,0.657,5252000000,1219770000,729670000,148057000,661552000,None,None,None,None,None,None,None,1.952,18.42,17.13,None,None,None,None,None,-2433000000,None,0.501,None,280899000,2025-10-28,quarterly,2.98,USD,post-market,None,583772000,0.173,0.521,0.115,20.61,722947000,73619000,32339000,660451000,344.52,338.23,0.3367,2963918000,1593931000,1392963000,2343264000,1369987000,950301000,2948126000,582814000,34.84,None,374.1,297.38
2025-12-28,V,10.19,40000000000.0,34.84,None,0.822,19.38,267000000,None,270124000,270124000,-3400000000,-1785000000,-1696000000,None,None,None,None,119000000,None,2848000000,None,998686000,998686000,119075000,None,None,258035000,None,None,155000000,207000000,2.44,0.0069,802000000,802000000,None,-0.014,0.01,811355000,966355000,2.97,2022-03-31,27.7,None,39105999000.0,1949440000,721816000,251338000,None,None,None,89539000,None,294570000,None,None,41280000,None,None,3647000000,None,None,None,0.657,3489000000,1219770000,729670000,148057000,661552000,None,None,None,None,None,None,None,1.952,18.42,17.13,None,None,None,None,None,-2949000000,None,0.501,None,280899000,2025-10-28,quarterly,2.98,USD,post-market,None,583772000,0.173,0.521,0.115,20.61,722947000,73619000,32339000,660451000,344.52,338.23,0.3367,2963918000,1593931000,1392963000,2343264000,1369987000,950301000,2948126000,582814000,34.84,None,374.1,297.38
2025-12-28,V,10.19,40000000000.0,34.84,None,0.822,19.38,173000000,None,270124000,270124000,-4967000000,-547000000,-1282000000,None,None,None,None,-289000000,None,2848000000,None,998686000,998686000,119075000,None,None,258035000,None,None,155000000,198000000,2.44,0.0069,809000000,809000000,None,-0.014,0.01,811355000,966355000,2.97,2021-12-31,27.7,None,39105999000.0,1949440000,721816000,251338000,None,None,None,89539000,None,294570000,None,None,41280000,None,None,3959000000,None,None,None,0.657,4232000000,1219770000,729670000,148057000,661552000,None,None,None,None,None,None,None,1.952,18.42,17.13,None,None,None,None,None,-4104000000,None,0.501,None,280899000,2025-10-28,quarterly,2.98,USD,post-market,None,583772000,0.173,0.521,0.115,20.61,722947000,73619000,32339000,660451000,344.52,338.23,0.3367,2963918000,1593931000,1392963000,2343264000,1369987000,950301000,2948126000,582814000,34.84,None,374.1,297.38
2025-12-28,V,10.19,40000000000.0,34.84,None,0.822,19.38,208000000,None,270124000,270124000,-3619000000,-1698000000,-1383000000,-37000000,379000000,None,None,-240000000,None,2848000000,None,998686000,998686000,119075000,None,None,258035000,None,None,155000000,202000000,2.44,0.0069,696000000,696000000,None,-0.014,0.01,811355000,966355000,2.97,2021-09-30,27.7,None,39105999000.0,1949440000,721816000,251338000,None,None,None,89539000,None,294570000,None,None,41280000,None,None,3584000000,None,None,None,0.657,3971000000,1219770000,729670000,148057000,661552000,None,None,None,None,None,None,None,1.952,18.42,17.13,None,None,None,None,None,-2967000000,None,0.501,None,280899000,2025-10-28,quarterly,2.98,USD,post-market,None,583772000,0.173,0.521,0.115,20.61,722947000,73619000,32339000,660451000,344.52,338.23,0.3367,2963918000,1593931000,1392963000,2343264000,1369987000,950301000,2948126000,582814000,34.84,None,374.1,297.38
2025-12-28,V,10.19,40000000000.0,34.84,None,0.822,19.38,179000000,None,270124000,270124000,-2846000000,72000000,1640000000,None,785000000,None,None,-279000000,None,2848000000,None,998686000,998686000,119075000,None,None,258035000,None,None,155000000,204000000,2.44,0.0069,698000000,698000000,None,-0.014,0.01,811355000,966355000,2.97,2021-06-30,27.7,None,39105999000.0,1949440000,721816000,251338000,None,None,None,89539000,None,294570000,None,None,41280000,None,None,2575000000,None,None,None,0.657,4414000000,1219770000,729670000,148057000,661552000,None,None,None,None,None,None,None,1.952,18.42,17.13,None,None,None,None,None,-2200000000,None,0.501,None,280899000,2025-10-28,quarterly,2.98,USD,post-market,None,583772000,0.173,0.521,0.115,20.61,722947000,73619000,32339000,660451000,344.52,338.23,0.3367,2963918000,1593931000,1392963000,2343264000,1369987000,950301000,2948126000,582814000,34.84,None,374.1,297.38
2025-12-28,V,10.19,40000000000.0,34.84,None,0.822,19.38,158000000,None,270124000,270124000,-2373000000,835000000,1791000000,None,77000000,None,None,60000000,None,2848000000,None,998686000,998686000,119075000,None,None,258035000,None,None,155000000,201000000,2.44,0.0069,701000000,701000000,None,-0.014,0.01,811355000,966355000,2.97,2021-03-31,27.7,None,39105999000.0,1949440000,721816000,251338000,None,None,None,89539000,None,294570000,None,None,41280000,None,None,3026000000,None,None,None,0.657,3329000000,1219770000,729670000,148057000,661552000,None,None,None,None,None,None,None,1.952,18.42,17.13,None,None,None,None,None,-1713000000,None,0.501,None,280899000,2025-10-28,quarterly,2.98,USD,post-market,None,583772000,0.173,0.521,0.115,20.61,722947000,73619000,32339000,660451000,344.52,338.23,0.3367,2963918000,1593931000,1392963000,2343264000,1369987000,950301000,2948126000,582814000,34.84,None,374.1,297.38
2025-12-28,V,10.19,40000000000.0,34.84,None,0.822,19.38,160000000,None,270124000,270124000,-5572000000,639000000,-1420000000,None,-178000000,None,None,-352000000,None,2848000000,None,998686000,998686000,119075000,None,None,258035000,None,None,155000000,197000000,2.44,0.0069,703000000,703000000,None,-0.014,0.01,811355000,966355000,2.97,2020-12-31,27.7,None,39105999000.0,1949440000,721816000,251338000,None,None,None,89539000,None,294570000,None,None,41280000,None,None,3126000000,None,None,None,0.657,3513000000,1219770000,729670000,148057000,661552000,None,None,None,None,None,None,None,1.952,18.42,17.13,None,None,None,None,None,-1796000000,None,0.501,None,280899000,2025-10-28,quarterly,2.98,USD,post-market,None,583772000,0.173,0.521,0.115,20.61,722947000,73619000,32339000,660451000,344.52,338.23,0.3367,2963918000,1593931000,1392963000,2343264000,1369987000,950301000,2948126000,582814000,34.84,None,374.1,297.38
2025-12-28,V,10.19,40000000000.0,34.84,None,0.822,19.38,168000000,None,270124000,270124000,755000000,-881000000,2410000000,440000000,-546000000,None,None,741000000,None,2848000000,None,998686000,998686000,119075000,None,None,258035000,None,None,155000000,196000000,2.44,0.0069,662000000,662000000,None,-0.014,0.01,811355000,966355000,2.97,2020-09-30,27.7,None,39105999000.0,1949440000,721816000,251338000,None,None,None,89539000,None,294570000,None,None,41280000,None,None,2137000000,None,None,None,0.657,2096000000,1219770000,729670000,148057000,661552000,None,None,None,None,None,None,None,1.952,18.42,17.13,None,None,None,None,None,-1542000000,None,0.501,None,280899000,2025-10-28,quarterly,2.98,USD,post-market,None,583772000,0.173,0.521,0.115,20.61,722947000,73619000,32339000,660451000,344.52,338.23,0.3367,2963918000,1593931000,1392963000,2343264000,1369987000,950301000,2948126000,582814000,34.84,None,374.1,297.38
2025-12-28,V,10.19,40000000000.0,34.84,None,0.822,19.38,161000000,None,270124000,270124000,1164000000,-133000000,4033000000,None,840000000,None,None,-606000000,None,2848000000,None,998686000,998686000,119075000,None,None,258035000,None,None,155000000,197000000,2.44,0.0069,663000000,663000000,None,-0.014,0.01,811355000,966355000,2.97,2020-06-30,27.7,None,39105999000.0,1949440000,721816000,251338000,None,None,None,89539000,None,294570000,None,None,41280000,None,None,2373000000,None,None,None,0.657,3002000000,1219770000,729670000,148057000,661552000,None,None,None,None,None,None,None,1.952,18.42,17.13,None,None,None,None,None,-1069000000,None,0.501,None,280899000,2025-10-28,quarterly,2.98,USD,post-market,None,583772000,0.173,0.521,0.115,20.61,722947000,73619000,32339000,660451000,344.52,338.23,0.3367,2963918000,1593931000,1392963000,2343264000,1369987000,950301000,2948126000,582814000,34.84,None,374.1,297.38
2025-12-28,V,10.19,40000000000.0,34.84,None,0.822,19.38,216000000,None,270124000,270124000,-2754000000,1879000000,592000000,None,-1371000000,None,None,1970000000,None,2848000000,None,998686000,998686000,119075000,None,None,258035000,None,None,155000000,192000000,2.44,0.0069,668000000,668000000,None,-0.014,0.01,811355000,966355000,2.97,2020-03-31,27.7,None,39105999000.0,1949440000,721816000,251338000,None,None,None,89539000,None,294570000,None,None,41280000,None,None,3084000000,None,None,None,0.657,1467000000,1219770000,729670000,148057000,661552000,None,None,None,None,None,None,None,1.952,18.42,17.13,None,None,None,None,None,-3133000000,None,0.501,None,280899000,2025-10-28,quarterly,2.98,USD,post-market,None,583772000,0.173,0.521,0.115,20.61,722947000,73619000,32339000,660451000,344.52,338.23,0.3367,2963918000,1593931000,1392963000,2343264000,1369987000,950301000,2948126000,582814000,34.84,None,374.1,297.38
2025-12-28,V,10.19,40000000000.0,34.84,None,0.822,19.38,191000000,None,270124000,270124000,-3133000000,562000000,1304000000,None,720000000,None,None,-290000000,None,2848000000,None,998686000,998686000,119075000,None,None,258035000,None,None,155000000,182000000,2.44,0.0069,671000000,671000000,None,-0.014,0.01,811355000,966355000,2.97,2019-12-31,27.7,None,39105999000.0,1949440000,721816000,251338000,None,None,None,89539000,None,294570000,None,None,41280000,None,None,3272000000,None,None,None,0.657,3875000000,1219770000,729670000,148057000,661552000,None,None,None,None,None,None,None,1.952,18.42,17.13,None,None,None,None,None,-2370000000,None,0.501,None,280899000,2025-10-28,quarterly,2.98,USD,post-market,None,583772000,0.173,0.521,0.115,20.61,722947000,73619000,32339000,660451000,344.52,338.23,0.3367,2963918000,1593931000,1392963000,2343264000,1369987000,950301000,2948126000,582814000,34.84,None,374.1,297.38
2025-12-28,V,10.19,40000000000.0,34.84,None,0.822,19.38,249000000,None,270124000,270124000,-2660000000,-1004000000,163000000,-215000000,823000000,None,None,-1420000000,None,2848000000,None,998686000,998686000,119075000,None,None,258035000,None,None,155000000,172000000,2.44,0.0069,563000000,563000000,None,-0.014,0.01,811355000,966355000,2.97,2019-09-30,27.7,None,39105999000.0,1949440000,721816000,251338000,None,None,None,89539000,None,294570000,None,None,41280000,None,None,3025000000,None,None,None,0.657,4042000000,1219770000,729670000,148057000,661552000,None,None,None,None,None,None,None,1.952,18.42,17.13,None,None,None,None,None,-2127000000,None,0.501,None,280899000,2025-10-28,quarterly,2.98,USD,post-market,None,583772000,0.173,0.521,0.115,20.61,722947000,73619000,32339000,660451000,344.52,338.23,0.3367,2963918000,1593931000,1392963000,2343264000,1369987000,950301000,2948126000,582814000,34.84,None,374.1,297.38
2025-12-28,V,10.19,40000000000.0,34.84,None,0.822,19.38,194000000,None,270124000,270124000,-3915000000,809000000,387000000,109000000,316000000,None,None,-220000000,None,2848000000,None,998686000,998686000,119075000,None,None,258035000,None,None,155000000,165000000,2.44,0.0069,565000000,565000000,None,-0.014,0.01,811355000,966355000,2.97,2019-06-30,27.7,None,39105999000.0,1949440000,721816000,251338000,None,None,None,89539000,None,294570000,None,None,41280000,None,None,3101000000,None,None,None,0.657,3384000000,1219770000,729670000,148057000,661552000,None,None,None,None,None,None,None,1.952,18.42,17.13,None,None,None,None,None,-2149000000,None,0.501,None,280899000,2025-10-28,quarterly,2.98,USD,post-market,None,583772000,0.173,0.521,0.115,20.61,722947000,73619000,32339000,660451000,344.52,338.23,0.3367,2963918000,1593931000,1392963000,2343264000,1369987000,950301000,2948126000,582814000,34.84,None,374.1,297.38
2025-12-28,V,10.19,40000000000.0,34.84,None,0.822,19.38,156000000,None,270124000,270124000,-2468000000,-326000000,-833000000,-103000000,-807000000,None,None,1525000000,None,2848000000,None,998686000,998686000,119075000,None,None,258035000,None,None,155000000,160000000,2.44,0.0069,569000000,569000000,None,-0.014,0.01,811355000,966355000,2.97,2019-03-31,27.7,None,39105999000.0,1949440000,721816000,251338000,None,None,None,89539000,None,294570000,None,None,41280000,None,None,2977000000,None,None,None,0.657,2064000000,1219770000,729670000,148057000,661552000,None,None,None,None,None,None,None,1.952,18.42,17.13,None,None,None,None,None,-1938000000,None,0.501,None,280899000,2025-10-28,quarterly,2.98,USD,post-market,None,583772000,0.173,0.521,0.115,20.61,722947000,73619000,32339000,660451000,344.52,338.23,0.3367,2963918000,1593931000,1392963000,2343264000,1369987000,950301000,2948126000,582814000,34.84,None,374.1,297.38
2025-12-28,V,10.19,40000000000.0,34.84,None,0.822,19.38,157000000,None,270124000,270124000,-3018000000,-70000000,138000000,-68000000,152000000,None,None,-1751000000,None,2848000000,None,998686000,998686000,119075000,None,None,258035000,None,None,155000000,159000000,2.44,0.0069,572000000,572000000,None,-0.014,0.01,811355000,966355000,2.97,2018-12-31,27.7,None,39105999000.0,1949440000,721816000,251338000,None,None,None,89539000,None,294570000,None,None,41280000,None,None,2977000000,None,None,None,0.657,3294000000,1219770000,729670000,148057000,661552000,None,None,None,None,None,None,None,1.952,18.42,17.13,None,None,None,None,None,-2393000000,None,0.501,None,280899000,2025-10-28,quarterly,2.98,USD,post-market,None,583772000,0.173,0.521,0.115,20.61,722947000,73619000,32339000,660451000,344.52,338.23,0.3367,2963918000,1593931000,1392963000,2343264000,1369987000,950301000,2948126000,582814000,34.84,None,374.1,297.38
2025-12-28,V,10.19,40000000000.0,34.84,None,0.822,19.38,195000000,None,270124000,270124000,-2046000000,-1779000000,-343000000,-12000000,241000000,None,None,28000000,None,2848000000,None,998686000,998686000,119075000,None,None,258035000,None,None,155000000,163000000,2.44,0.0069,483000000,483000000,None,-0.014,0.01,811355000,966355000,2.97,2018-09-30,27.7,None,39105999000.0,1949440000,721816000,251338000,None,None,None,89539000,None,294570000,None,None,41280000,None,None,2845000000,None,None,None,0.657,3494000000,1219770000,729670000,148057000,661552000,None,None,None,None,None,None,None,1.952,18.42,17.13,None,None,None,None,None,-1588000000,None,0.501,None,280899000,2025-10-28,quarterly,2.98,USD,post-market,None,583772000,0.173,0.521,0.115,20.61,722947000,73619000,32339000,660451000,344.52,338.23,0.3367,2963918000,1593931000,1392963000,2343264000,1369987000,950301000,2948126000,582814000,34.84,None,374.1,297.38
2025-12-28,V,10.19,40000000000.0,34.84,None,0.822,19.38,169000000,None,270124000,270124000,-2811000000,-168000000,363000000,-295000000,1184000000,None,None,831000000,None,2848000000,None,998686000,998686000,119075000,None,None,258035000,None,None,155000000,152000000,2.44,0.0069,487000000,487000000,None,-0.014,0.01,811355000,966355000,2.97,2018-06-30,27.7,None,39105999000.0,1949440000,721816000,251338000,None,None,None,89539000,None,294570000,None,None,41280000,None,None,2329000000,None,None,None,0.657,3637000000,1219770000,729670000,148057000,661552000,None,None,None,None,None,None,None,1.952,18.42,17.13,None,None,None,None,None,-1754000000,None,0.501,None,280899000,2025-10-28,quarterly,2.98,USD,post-market,None,583772000,0.173,0.521,0.115,20.61,722947000,73619000,32339000,660451000,344.52,338.23,0.3367,2963918000,1593931000,1392963000,2343264000,1369987000,950301000,2948126000,582814000,34.84,None,374.1,297.38
2025-12-28,V,10.19,40000000000.0,34.84,None,0.822,19.38,213000000,None,270124000,270124000,-2512000000,-430000000,4000000,126000000,-162000000,None,None,-826000000,None,2848000000,None,998686000,998686000,119075000,None,None,258035000,None,None,155000000,153000000,2.44,0.0069,490000000,490000000,None,-0.014,0.01,811355000,966355000,2.97,2018-03-31,27.7,None,39105999000.0,1949440000,721816000,251338000,None,None,None,89539000,None,294570000,None,None,41280000,None,None,2605000000,None,None,None,0.657,2820000000,1219770000,729670000,148057000,661552000,None,None,None,None,None,None,None,1.952,18.42,17.13,None,None,None,None,None,-2072000000,None,0.501,None,280899000,2025-10-28,quarterly,2.98,USD,post-market,None,583772000,0.173,0.521,0.115,20.61,722947000,73619000,32339000,660451000,344.52,338.23,0.3367,2963918000,1593931000,1392963000,2343264000,1369987000,950301000,2948126000,582814000,34.84,None,374.1,297.38
2025-12-28,V,10.19,40000000000.0,34.84,None,0.822,19.38,141000000,None,270124000,270124000,-3871000000,-707000000,-1736000000,80000000,829000000,None,None,-326000000,None,2848000000,None,998686000,998686000,119075000,None,None,258035000,None,None,155000000,145000000,2.44,0.0069,458000000,458000000,None,-0.014,0.01,811355000,966355000,2.97,2017-12-31,27.7,None,39105999000.0,1949440000,721816000,251338000,None,None,None,89539000,None,294570000,None,None,41280000,None,None,2522000000,None,None,None,0.657,2762000000,1219770000,729670000,148057000,661552000,None,None,None,None,None,None,None,1.952,18.42,17.13,None,None,None,None,None,-1778000000,None,0.501,None,280899000,2025-10-28,quarterly,2.98,USD,post-market,None,583772000,0.173,0.521,0.115,20.61,722947000,73619000,32339000,660451000,344.52,338.23,0.3367,2963918000,1593931000,1392963000,2343264000,1369987000,950301000,2948126000,582814000,34.84,None,374.1,297.38
2025-12-28,V,10.19,40000000000.0,34.84,None,0.822,19.38,195000000,None,270124000,270124000,380000000,-852000000,2437000000,142000000,352000000,None,None,32000000,None,2848000000,None,998686000,998686000,119075000,None,None,258035000,None,None,155000000,147000000,2.44,0.0069,390000000,390000000,None,-0.014,0.01,811355000,966355000,2.97,2017-09-30,27.7,None,39105999000.0,1949440000,721816000,251338000,None,None,None,89539000,None,294570000,None,None,41280000,None,None,2140000000,None,None,None,0.657,2767000000,1219770000,729670000,148057000,661552000,None,None,None,None,None,None,None,1.952,18.42,17.13,None,None,None,None,None,-1721000000,None,0.501,None,280899000,2025-10-28,quarterly,2.98,USD,post-market,None,583772000,0.173,0.521,0.115,20.61,722947000,73619000,32339000,660451000,344.52,338.23,0.3367,2963918000,1593931000,1392963000,2343264000,1369987000,950301000,2948126000,582814000,34.84,None,374.1,297.38
2025-12-28,V,10.19,40000000000.0,34.84,None,0.822,19.38,195000000,None,270124000,270124000,-2061000000,-681000000,1010000000,215000000,1164000000,None,None,1994000000,None,2848000000,None,998686000,998686000,119075000,None,None,258035000,None,None,155000000,132000000,2.44,0.0069,394000000,394000000,None,-0.014,0.01,811355000,966355000,2.97,2017-06-30,27.7,None,39105999000.0,1949440000,721816000,251338000,None,None,None,89539000,None,294570000,None,None,41280000,None,None,2059000000,None,None,None,0.657,3537000000,1219770000,729670000,148057000,661552000,None,None,None,None,None,None,None,1.952,18.42,17.13,None,None,None,None,None,-1701000000,None,0.501,None,280899000,2025-10-28,quarterly,2.98,USD,post-market,None,583772000,0.173,0.521,0.115,20.61,722947000,73619000,32339000,660451000,344.52,338.23,0.3367,2963918000,1593931000,1392963000,2343264000,1369987000,950301000,2948126000,582814000,34.84,None,374.1,297.38
2025-12-28,V,10.19,40000000000.0,34.84,None,0.822,19.38,146000000,None,270124000,270124000,-2513000000,2685000000,603000000,35000000,-1914000000,None,None,-1953000000,None,2848000000,None,998686000,998686000,119075000,None,None,258035000,None,None,155000000,131000000,2.44,0.0069,396000000,396000000,None,-0.014,0.01,811355000,966355000,2.97,2017-03-31,27.7,None,39105999000.0,1949440000,721816000,251338000,None,None,None,89539000,None,294570000,None,None,41280000,None,None,430000000,None,None,None,0.657,396000000,1219770000,729670000,148057000,661552000,None,None,None,None,None,None,None,1.952,18.42,17.13,None,None,None,None,None,-1576000000,None,0.501,None,280899000,2025-10-28,quarterly,2.98,USD,post-market,None,583772000,0.173,0.521,0.115,20.61,722947000,73619000,32339000,660451000,344.52,338.23,0.3367,2963918000,1593931000,1392963000,2343264000,1369987000,950301000,2948126000,582814000,34.84,None,374.1,297.38
2025-12-28,V,10.19,40000000000.0,34.84,None,0.822,19.38,171000000,None,270124000,270124000,-1730000000,-417000000,205000000,-156000000,530000000,None,None,-33000000,None,2848000000,None,998686000,998686000,119075000,None,None,258035000,None,None,155000000,146000000,2.44,0.0069,399000000,399000000,None,-0.014,0.01,811355000,966355000,2.97,2016-12-31,27.7,None,39105999000.0,1949440000,721816000,251338000,None,None,None,89539000,None,294570000,None,None,41280000,None,None,2070000000,None,None,None,0.657,2508000000,1219770000,729670000,148057000,661552000,None,None,None,None,None,None,None,1.952,18.42,17.13,None,None,None,None,None,-1893000000,None,0.501,None,280899000,2025-10-28,quarterly,2.98,USD,post-market,None,583772000,0.173,0.521,0.115,20.61,722947000,73619000,32339000,660451000,344.52,338.23,0.3367,2963918000,1593931000,1392963000,2343264000,1369987000,950301000,2948126000,582814000,34.84,None,374.1,297.38
2025-12-28,V,10.19,40000000000.0,34.84,None,0.822,19.38,141000000,None,270124000,270124000,-1991000000,-757000000,-268000000,28000000,241000000,None,None,86000000,None,2848000000,None,998686000,998686000,119075000,None,None,258035000,None,None,155000000,141000000,2.44,0.0069,339000000,339000000,None,-0.014,0.01,811355000,966355000,2.97,2016-09-30,27.7,None,39105999000.0,1949440000,721816000,251338000,None,None,None,89539000,None,294570000,None,None,41280000,None,None,1931000000,None,None,None,0.657,2452000000,1219770000,729670000,148057000,661552000,None,None,None,None,None,None,None,1.952,18.42,17.13,None,None,None,None,None,-1687000000,None,0.501,None,280899000,2025-10-28,quarterly,2.98,USD,post-market,None,583772000,0.173,0.521,0.115,20.61,722947000,73619000,32339000,660451000,344.52,338.23,0.3367,2963918000,1593931000,1392963000,2343264000,1369987000,950301000,2948126000,582814000,34.84,None,374.1,297.38
2025-12-28,V,10.19,40000000000.0,34.84,None,0.822,19.38,132000000,None,270124000,270124000,-1984000000,-8313000000,-10056000000,-62000000,154000000,None,None,343000000,None,2848000000,None,998686000,998686000,119075000,None,None,258035000,None,None,155000000,120000000,2.44,0.0069,335000000,335000000,None,-0.014,0.01,811355000,966355000,2.97,2016-06-30,27.7,None,39105999000.0,1949440000,721816000,251338000,None,None,None,89539000,None,294570000,None,None,41280000,None,None,412000000,None,None,None,0.657,303000000,1219770000,729670000,148057000,661552000,None,None,None,None,None,None,None,1.952,18.42,17.13,None,None,None,None,None,-1705000000,None,0.501,None,280899000,2025-10-28,quarterly,2.98,USD,post-market,None,583772000,0.173,0.521,0.115,20.61,722947000,73619000,32339000,660451000,344.52,338.23,0.3367,2963918000,1593931000,1392963000,2343264000,1369987000,950301000,2948126000,582814000,34.84,None,374.1,297.38
2025-12-28,V,10.19,40000000000.0,34.84,None,0.822,19.38,124000000,None,270124000,270124000,-2082000000,4348000000,3106000000,None,-648000000,None,None,7000000,None,2848000000,None,998686000,998686000,119075000,None,None,258035000,None,None,155000000,121000000,2.44,0.0069,336000000,336000000,None,-0.014,0.01,811355000,966355000,2.97,2016-03-31,27.7,None,39105999000.0,1949440000,721816000,251338000,None,None,None,89539000,None,294570000,None,None,41280000,None,None,1707000000,None,None,None,0.657,840000000,1219770000,729670000,148057000,661552000,None,None,None,None,None,None,None,1.952,18.42,17.13,None,None,None,None,None,-1750000000,None,0.501,None,280899000,2025-10-28,quarterly,2.98,USD,post-market,None,583772000,0.173,0.521,0.115,20.61,722947000,73619000,32339000,660451000,344.52,338.23,0.3367,2963918000,1593931000,1392963000,2343264000,1369987000,950301000,2948126000,582814000,34.84,None,374.1,297.38
2025-12-28,V,10.19,40000000000.0,34.84,None,0.822,19.38,126000000,None,270124000,270124000,13534000000,-6194000000,9319000000,None,0,None,None,-110000000,None,2848000000,None,998686000,998686000,119075000,None,None,258035000,None,None,155000000,120000000,2.44,0.0069,340000000,340000000,None,-0.014,0.01,811355000,966355000,2.97,2015-12-31,27.7,None,39105999000.0,1949440000,721816000,251338000,None,None,None,89539000,None,294570000,None,None,41280000,None,None,1941000000,None,None,None,0.657,1979000000,1219770000,729670000,148057000,661552000,None,None,None,None,None,None,None,1.952,18.42,17.13,None,None,None,None,None,-2015000000,None,0.501,None,280899000,2025-10-28,quarterly,2.98,USD,post-market,None,583772000,0.173,0.521,0.115,20.61,722947000,73619000,32339000,660451000,344.52,338.23,0.3367,2963918000,1593931000,1392963000,2343264000,1369987000,950301000,2948126000,582814000,34.84,None,374.1,297.38
2025-12-28,V,10.19,40000000000.0,34.84,None,0.822,19.38,138000000,None,270124000,270124000,-204000000,-159000000,1371000000,None,33000000,None,None,341000000,None,2848000000,None,998686000,998686000,119075000,None,None,258035000,None,None,155000000,119000000,2.44,0.0069,292000000,292000000,None,-0.014,0.01,811355000,966355000,2.97,2015-09-30,27.7,None,39105999000.0,1949440000,721816000,251338000,None,None,None,89539000,None,294570000,None,None,41280000,None,None,1512000000,None,None,None,0.657,1734000000,1219770000,729670000,148057000,661552000,None,None,None,None,None,None,None,1.952,18.42,17.13,None,None,None,None,None,-3000000,None,0.501,None,280899000,2025-10-28,quarterly,2.98,USD,post-market,None,583772000,0.173,0.521,0.115,20.61,722947000,73619000,32339000,660451000,344.52,338.23,0.3367,2963918000,1593931000,1392963000,2343264000,1369987000,950301000,2948126000,582814000,34.84,None,374.1,297.38
2025-12-28,V,10.19,40000000000.0,34.84,None,0.822,19.38,74000000,None,270124000,270124000,-1284000000,-719000000,108000000,None,52000000,None,None,-15000000,None,2848000000,None,998686000,998686000,119075000,None,None,258035000,None,None,155000000,130000000,2.44,0.0069,294000000,294000000,None,-0.014,0.01,811355000,966355000,2.97,2015-06-30,27.7,None,39105999000.0,1949440000,721816000,251338000,None,None,None,89539000,None,294570000,None,None,41280000,None,None,1697000000,None,None,None,0.657,2111000000,1219770000,729670000,148057000,661552000,None,None,None,None,None,None,None,1.952,18.42,17.13,None,None,None,None,None,-1055000000,None,0.501,None,280899000,2025-10-28,quarterly,2.98,USD,post-market,None,583772000,0.173,0.521,0.115,20.61,722947000,73619000,32339000,660451000,344.52,338.23,0.3367,2963918000,1593931000,1392963000,2343264000,1369987000,950301000,2948126000,582814000,34.84,None,374.1,297.38
2025-12-28,V,10.19,40000000000.0,34.84,None,0.822,19.38,98000000,None,270124000,270124000,-1103000000,79000000,-46000000,None,-677000000,None,None,-175000000,None,2848000000,None,998686000,998686000,119075000,None,None,258035000,None,None,155000000,125000000,2.44,0.0069,294000000,294000000,None,-0.014,0.01,811355000,966355000,2.97,2015-03-31,27.7,None,39105999000.0,1949440000,721816000,251338000,None,None,None,89539000,None,294570000,None,None,41280000,None,None,1550000000,None,None,None,0.657,978000000,1219770000,729670000,148057000,661552000,None,None,None,None,None,None,None,1.952,18.42,17.13,None,None,None,None,None,-1052000000,None,0.501,None,280899000,2025-10-28,quarterly,2.98,USD,post-market,None,583772000,0.173,0.521,0.115,20.61,722947000,73619000,32339000,660451000,344.52,338.23,0.3367,2963918000,1593931000,1392963000,2343264000,1369987000,950301000,2948126000,582814000,34.84,None,374.1,297.38
2025-12-28,V,10.19,40000000000.0,34.84,None,0.822,19.38,104000000,None,270124000,270124000,-1012000000,-636000000,114000000,1000000,49000000,None,None,208000000,None,2848000000,None,998686000,998686000,119075000,None,None,258035000,None,None,155000000,120000000,2.44,0.0069,297000000,297000000,None,-0.014,0.01,811355000,966355000,2.97,2014-12-31,27.7,None,39105999000.0,1949440000,721816000,251338000,None,None,None,89539000,None,294570000,None,None,41280000,None,None,1569000000,None,None,None,0.657,1761000000,1219770000,729670000,148057000,661552000,None,None,None,None,None,None,None,1.952,18.42,17.13,None,None,None,None,None,-803000000,None,0.501,None,280899000,2025-10-28,quarterly,2.98,USD,post-market,None,583772000,0.173,0.521,0.115,20.61,722947000,73619000,32339000,660451000,344.52,338.23,0.3367,2963918000,1593931000,1392963000,2343264000,1369987000,950301000,2948126000,582814000,34.84,None,374.1,297.38
2025-12-28,V,10.19,40000000000.0,34.84,None,0.822,19.38,227000000,None,270124000,270124000,-1380000000,-499000000,-87000000,-1000000,136000000,None,None,-9000000,None,2848000000,None,998686000,998686000,119075000,None,None,258035000,None,None,155000000,112000000,2.44,0.0069,248000000,248000000,None,-0.014,0.01,811355000,966355000,2.97,2014-09-30,27.7,None,39105999000.0,1949440000,721816000,251338000,None,None,None,89539000,None,294570000,None,None,41280000,None,None,1073000000,None,None,None,0.657,1793000000,1219770000,729670000,148057000,661552000,None,None,None,None,None,None,None,1.952,18.42,17.13,None,None,None,None,None,-756000000,None,0.501,None,280899000,2025-10-28,quarterly,2.98,USD,post-market,None,583772000,0.173,0.521,0.115,20.61,722947000,73619000,32339000,660451000,344.52,338.23,0.3367,2963918000,1593931000,1392963000,2343264000,1369987000,950301000,2948126000,582814000,34.84,None,374.1,297.38
2025-12-28,V,10.19,40000000000.0,34.84,None,0.822,19.38,109000000,None,270124000,270124000,-1368000000,-336000000,238000000,None,319000000,None,None,-7000000,None,2848000000,None,998686000,998686000,119075000,None,None,258035000,None,None,155000000,109000000,2.44,0.0069,251000000,251000000,None,-0.014,0.01,811355000,966355000,2.97,2014-06-30,27.7,None,39105999000.0,1949440000,721816000,251338000,None,None,None,89539000,None,294570000,None,None,41280000,None,None,1360000000,None,None,None,0.657,1942000000,1219770000,729670000,148057000,661552000,None,None,None,None,None,None,None,1.952,18.42,17.13,None,None,None,None,None,-1152000000,None,0.501,None,280899000,2025-10-28,quarterly,2.98,USD,post-market,None,583772000,0.173,0.521,0.115,20.61,722947000,73619000,32339000,660451000,344.52,338.23,0.3367,2963918000,1593931000,1392963000,2343264000,1369987000,950301000,2948126000,582814000,34.84,None,374.1,297.38
2025-12-28,V,10.19,40000000000.0,34.84,None,0.822,19.38,97000000,None,270124000,270124000,-2400000000,170000000,-301000000,None,609000000,None,None,144000000,None,2848000000,None,998686000,998686000,119075000,None,None,258035000,None,None,155000000,107000000,2.44,0.0069,253000000,253000000,None,-0.014,0.01,811355000,966355000,2.97,2014-03-31,27.7,None,39105999000.0,1949440000,721816000,251338000,None,None,None,89539000,None,294570000,None,None,41280000,None,None,1598000000,None,None,None,0.657,1929000000,1219770000,729670000,148057000,661552000,None,None,None,None,None,None,None,1.952,18.42,17.13,None,None,None,None,None,-1119000000,None,0.501,None,280899000,2025-10-28,quarterly,2.98,USD,post-market,None,583772000,0.173,0.521,0.115,20.61,722947000,73619000,32339000,660451000,344.52,338.23,0.3367,2963918000,1593931000,1392963000,2343264000,1369987000,950301000,2948126000,582814000,34.84,None,374.1,297.38
2025-12-28,V,10.19,40000000000.0,34.84,None,0.822,19.38,120000000,None,270124000,270124000,-1330000000,-276000000,-65000000,None,188000000,None,None,-168000000,None,2848000000,None,998686000,998686000,119075000,None,None,258035000,None,None,155000000,107000000,2.44,0.0069,254000000,254000000,None,-0.014,0.01,811355000,966355000,2.97,2013-12-31,27.7,None,39105999000.0,1949440000,721816000,251338000,None,None,None,89539000,None,294570000,None,None,41280000,None,None,1407000000,None,None,None,0.657,1541000000,1219770000,729670000,148057000,661552000,None,None,None,None,None,None,None,1.952,18.42,17.13,None,None,None,None,None,-1091000000,None,0.501,None,280899000,2025-10-28,quarterly,2.98,USD,post-market,None,583772000,0.173,0.521,0.115,20.61,722947000,73619000,32339000,660451000,344.52,338.23,0.3367,2963918000,1593931000,1392963000,2343264000,1369987000,950301000,2948126000,582814000,34.84,None,374.1,297.38
2025-12-28,V,10.19,40000000000.0,34.84,None,0.822,19.38,138000000,None,270124000,270124000,-1502000000,190000000,733000000,None,644000000,None,None,-322000000,None,2848000000,None,998686000,998686000,119075000,None,None,258035000,None,None,155000000,106000000,2.44,0.0069,211000000,211000000,None,-0.014,0.01,811355000,966355000,2.97,2013-09-30,27.7,None,39105999000.0,1949440000,721816000,251338000,None,None,None,89539000,None,294570000,None,None,41280000,None,None,1192000000,None,None,None,0.657,2045000000,1219770000,729670000,148057000,661552000,None,None,None,None,None,None,None,1.952,18.42,17.13,None,None,None,None,None,-1311000000,None,0.501,None,280899000,2025-10-28,quarterly,2.98,USD,post-market,None,583772000,0.173,0.521,0.115,20.61,722947000,73619000,32339000,660451000,344.52,338.23,0.3367,2963918000,1593931000,1392963000,2343264000,1369987000,950301000,2948126000,582814000,34.84,None,374.1,297.38
2025-12-28,V,10.19,40000000000.0,34.84,None,0.822,19.38,122000000,None,270124000,270124000,-1176000000,-905000000,76000000,None,837000000,None,None,52000000,None,2848000000,None,998686000,998686000,119075000,None,None,258035000,None,None,155000000,101000000,2.44,0.0069,216000000,216000000,None,-0.014,0.01,811355000,966355000,2.97,2013-06-30,27.7,None,39105999000.0,1949440000,721816000,251338000,None,None,None,89539000,None,294570000,None,None,41280000,None,None,1225000000,None,None,None,0.657,2157000000,1219770000,729670000,148057000,661552000,None,None,None,None,None,None,None,1.952,18.42,17.13,None,None,None,None,None,-981000000,None,0.501,None,280899000,2025-10-28,quarterly,2.98,USD,post-market,None,583772000,0.173,0.521,0.115,20.61,722947000,73619000,32339000,660451000,344.52,338.23,0.3367,2963918000,1593931000,1392963000,2343264000,1369987000,950301000,2948126000,582814000,34.84,None,374.1,297.38
2025-12-28,V,10.19,40000000000.0,34.84,None,0.822,19.38,111000000,None,270124000,270124000,-2017000000,416000000,43000000,None,356000000,None,None,370000000,None,2848000000,None,998686000,998686000,119075000,None,None,258035000,None,None,155000000,98000000,2.44,0.0069,217000000,217000000,None,-0.014,0.01,811355000,966355000,2.97,2013-03-31,27.7,None,39105999000.0,1949440000,721816000,251338000,None,None,None,89539000,None,294570000,None,None,41280000,None,None,1270000000,None,None,None,0.657,1644000000,1219770000,729670000,148057000,661552000,None,None,None,None,None,None,None,1.952,18.42,17.13,None,None,None,None,None,-1820000000,None,0.501,None,280899000,2025-10-28,quarterly,2.98,USD,post-market,None,583772000,0.173,0.521,0.115,20.61,722947000,73619000,32339000,660451000,344.52,338.23,0.3367,2963918000,1593931000,1392963000,2343264000,1369987000,950301000,2948126000,582814000,34.84,None,374.1,297.38
2025-12-28,V,10.19,40000000000.0,34.84,None,0.822,19.38,100000000,None,270124000,270124000,2949000000,-865000000,-740000000,None,-5864000000,None,None,-483000000,None,2848000000,None,998686000,998686000,119075000,None,None,258035000,None,None,155000000,92000000,2.44,0.0069,220000000,220000000,None,-0.014,0.01,811355000,966355000,2.97,2012-12-31,27.7,None,39105999000.0,1949440000,721816000,251338000,None,None,None,89539000,None,294570000,None,None,41280000,None,None,1293000000,None,None,None,0.657,-2824000000,1219770000,729670000,148057000,661552000,None,None,None,None,None,None,None,1.952,18.42,17.13,None,None,None,None,None,-1253000000,None,0.501,None,280899000,2025-10-28,quarterly,2.98,USD,post-market,None,583772000,0.173,0.521,0.115,20.61,722947000,73619000,32339000,660451000,344.52,338.23,0.3367,2963918000,1593931000,1392963000,2343264000,1369987000,950301000,2948126000,582814000,34.84,None,374.1,297.38
2025-12-28,V,10.19,40000000000.0,34.84,None,0.822,19.38,106000000,None,270124000,270124000,-393000000,-471000000,516000000,11000000,-385000000,None,None,59000000,None,2848000000,None,998686000,998686000,119075000,None,None,258035000,None,None,155000000,89000000,2.44,0.0069,147000000,147000000,None,-0.014,0.01,811355000,966355000,2.97,2012-09-30,27.7,None,39105999000.0,1949440000,721816000,251338000,None,None,None,89539000,None,294570000,None,None,41280000,None,None,1662000000,None,None,None,0.657,1369000000,1219770000,729670000,148057000,661552000,None,None,None,None,None,None,None,1.952,18.42,17.13,None,None,None,None,None,-174000000,None,0.501,None,280899000,2025-10-28,quarterly,2.98,USD,post-market,None,583772000,0.173,0.521,0.115,20.61,722947000,73619000,32339000,660451000,344.52,338.23,0.3367,2963918000,1593931000,1392963000,2343264000,1369987000,950301000,2948126000,582814000,34.84,None,374.1,297.38
2025-12-28,V,10.19,40000000000.0,34.84,None,0.822,19.38,108000000,None,270124000,270124000,-560000000,-1173000000,-484000000,-8000000,229000000,None,None,-71000000,None,2848000000,None,998686000,998686000,119075000,None,None,258035000,None,None,155000000,84000000,2.44,0.0069,148000000,148000000,None,-0.014,0.01,811355000,966355000,2.97,2012-06-30,27.7,None,39105999000.0,1949440000,721816000,251338000,None,None,None,89539000,None,294570000,None,None,41280000,None,None,-1839000000,None,None,None,0.657,1257000000,1219770000,729670000,148057000,661552000,None,None,None,None,None,None,None,1.952,18.42,17.13,None,None,None,None,None,-461000000,None,0.501,None,280899000,2025-10-28,quarterly,2.98,USD,post-market,None,583772000,0.173,0.521,0.115,20.61,722947000,73619000,32339000,660451000,344.52,338.23,0.3367,2963918000,1593931000,1392963000,2343264000,1369987000,950301000,2948126000,582814000,34.84,None,374.1,297.38
2025-12-28,V,10.19,40000000000.0,34.84,None,0.822,19.38,61000000,None,270124000,270124000,-37000000,-964000000,100000000,4000000,-149000000,None,None,-25000000,None,2848000000,None,998686000,998686000,119075000,None,None,258035000,None,None,155000000,80000000,2.44,0.0069,148000000,148000000,None,-0.014,0.01,811355000,966355000,2.97,2012-03-31,27.7,None,39105999000.0,1949440000,721816000,251338000,None,None,None,89539000,None,294570000,None,None,41280000,None,None,1292000000,None,None,None,0.657,1097000000,1219770000,729670000,148057000,661552000,None,None,None,None,None,None,None,1.952,18.42,17.13,None,None,None,None,None,33000000,None,0.501,None,280899000,2025-10-28,quarterly,2.98,USD,post-market,None,583772000,0.173,0.521,0.115,20.61,722947000,73619000,32339000,660451000,344.52,338.23,0.3367,2963918000,1593931000,1392963000,2343264000,1369987000,950301000,2948126000,582814000,34.84,None,374.1,297.38
2025-12-28,V,10.19,40000000000.0,34.84,None,0.822,19.38,101000000,None,270124000,270124000,-1665000000,194000000,-185000000,None,175000000,None,None,-166000000,None,2848000000,None,998686000,998686000,119075000,None,None,258035000,None,None,155000000,80000000,2.44,0.0069,152000000,152000000,None,-0.014,0.01,811355000,966355000,2.97,2011-12-31,27.7,None,39105999000.0,1949440000,721816000,251338000,None,None,None,89539000,None,294570000,None,None,41280000,None,None,1029000000,None,None,None,0.657,1286000000,1219770000,729670000,148057000,661552000,None,None,None,None,None,None,None,1.952,18.42,17.13,None,None,None,None,None,-75000000,None,0.501,None,280899000,2025-10-28,quarterly,2.98,USD,post-market,None,583772000,0.173,0.521,0.115,20.61,722947000,73619000,32339000,660451000,344.52,338.23,0.3367,2963918000,1593931000,1392963000,2343264000,1369987000,950301000,2948126000,582814000,34.84,None,374.1,297.38
2025-12-28,V,10.19,40000000000.0,34.84,None,0.822,19.38,117000000,None,270124000,270124000,-450000000,-1874000000,-1473000000,-17000000,-44000000,None,None,-16000000,None,2848000000,None,998686000,998686000,119075000,None,None,258035000,None,None,155000000,77000000,2.44,0.0069,103000000,103000000,None,-0.014,0.01,811355000,966355000,2.97,2011-09-30,27.7,None,39105999000.0,1949440000,721816000,251338000,None,None,None,89539000,None,294570000,None,None,41280000,None,None,880000000,None,None,None,0.657,868000000,1219770000,729670000,148057000,661552000,None,None,None,None,None,None,None,1.952,18.42,17.13,None,None,None,None,None,-424000000,None,0.501,None,280899000,2025-10-28,quarterly,2.98,USD,post-market,None,583772000,0.173,0.521,0.115,20.61,722947000,73619000,32339000,660451000,344.52,338.23,0.3367,2963918000,1593931000,1392963000,2343264000,1369987000,950301000,2948126000,582814000,34.84,None,374.1,297.38
2025-12-28,V,10.19,40000000000.0,34.84,None,0.822,19.38,89000000,None,270124000,270124000,-1075000000,-229000000,88000000,-3000000,418000000,None,None,-16000000,None,2848000000,None,998686000,998686000,119075000,None,None,258035000,None,None,155000000,74000000,2.44,0.0069,105000000,105000000,None,-0.014,0.01,811355000,966355000,2.97,2011-06-30,27.7,None,39105999000.0,1949440000,721816000,251338000,None,None,None,89539000,None,294570000,None,None,41280000,None,None,1005000000,None,None,None,0.657,1395000000,1219770000,729670000,148057000,661552000,None,None,None,None,None,None,None,1.952,18.42,17.13,None,None,None,None,None,-1064000000,None,0.501,None,280899000,2025-10-28,quarterly,2.98,USD,post-market,None,583772000,0.173,0.521,0.115,20.61,722947000,73619000,32339000,660451000,344.52,338.23,0.3367,2963918000,1593931000,1392963000,2343264000,1369987000,950301000,2948126000,582814000,34.84,None,374.1,297.38
2025-12-28,V,10.19,40000000000.0,34.84,None,0.822,19.38,72000000,None,270124000,270124000,-658000000,-123000000,-172000000,6000000,-439000000,None,None,104000000,None,2848000000,None,998686000,998686000,119075000,None,None,258035000,None,None,155000000,70000000,2.44,0.0069,107000000,107000000,None,-0.014,0.01,811355000,966355000,2.97,2011-03-31,27.7,None,39105999000.0,1949440000,721816000,251338000,None,None,None,89539000,None,294570000,None,None,41280000,None,None,881000000,None,None,None,0.657,603000000,1219770000,729670000,148057000,661552000,None,None,None,None,None,None,None,1.952,18.42,17.13,None,None,None,None,None,-230000000,None,0.501,None,280899000,2025-10-28,quarterly,2.98,USD,post-market,None,583772000,0.173,0.521,0.115,20.61,722947000,73619000,32339000,660451000,344.52,338.23,0.3367,2963918000,1593931000,1392963000,2343264000,1369987000,950301000,2948126000,582814000,34.84,None,374.1,297.38
2025-12-28,V,10.19,40000000000.0,34.84,None,0.822,19.38,75000000,None,270124000,270124000,-1121000000,-73000000,-183000000,5000000,-62000000,None,None,-155000000,None,2848000000,None,998686000,998686000,119075000,None,None,258035000,None,None,155000000,67000000,2.44,0.0069,108000000,108000000,None,-0.014,0.01,811355000,966355000,2.97,2010-12-31,27.7,None,39105999000.0,1949440000,721816000,251338000,None,None,None,89539000,None,294570000,None,None,41280000,None,None,884000000,None,None,None,0.657,1006000000,1219770000,729670000,148057000,661552000,None,None,None,None,None,None,None,1.952,18.42,17.13,None,None,None,None,None,-306000000,None,0.501,None,280899000,2025-10-28,quarterly,2.98,USD,post-market,None,583772000,0.173,0.521,0.115,20.61,722947000,73619000,32339000,660451000,344.52,338.23,0.3367,2963918000,1593931000,1392963000,2343264000,1369987000,950301000,2948126000,582814000,34.84,None,374.1,297.38
2025-12-28,V,10.19,40000000000.0,34.84,None,0.822,19.38,97000000,None,270124000,270124000,-340000000,-1894000000,-1338000000,3000000,-48000000,None,None,64000000,None,2848000000,None,998686000,998686000,119075000,None,None,258035000,None,None,155000000,78000000,2.44,0.0069,90000000,90000000,None,-0.014,0.01,811355000,966355000,2.97,2010-09-30,27.7,None,39105999000.0,1949440000,721816000,251338000,None,None,None,89539000,None,294570000,None,None,41280000,None,None,774000000,None,None,None,0.657,893000000,1219770000,729670000,148057000,661552000,None,None,None,None,None,None,None,1.952,18.42,17.13,None,None,None,None,None,-336000000,None,0.501,None,280899000,2025-10-28,quarterly,2.98,USD,post-market,None,583772000,0.173,0.521,0.115,20.61,722947000,73619000,32339000,660451000,344.52,338.23,0.3367,2963918000,1593931000,1392963000,2343264000,1369987000,950301000,2948126000,582814000,34.84,None,374.1,297.38
2025-12-28,V,10.19,40000000000.0,34.84,None,0.822,19.38,65000000,None,270124000,270124000,-507000000,-62000000,645000000,-4000000,274000000,None,None,251000000,None,2848000000,None,998686000,998686000,119075000,None,None,258035000,None,None,155000000,63000000,2.44,0.0069,93000000,93000000,None,-0.014,0.01,811355000,966355000,2.97,2010-06-30,27.7,None,39105999000.0,1949440000,721816000,251338000,None,None,None,89539000,None,294570000,None,None,41280000,None,None,716000000,None,None,None,0.657,1218000000,1219770000,729670000,148057000,661552000,None,None,None,None,None,None,None,1.952,18.42,17.13,None,None,None,None,None,15000000,None,0.501,None,280899000,2025-10-28,quarterly,2.98,USD,post-market,None,583772000,0.173,0.521,0.115,20.61,722947000,73619000,32339000,660451000,344.52,338.23,0.3367,2963918000,1593931000,1392963000,2343264000,1369987000,950301000,2948126000,582814000,34.84,None,374.1,297.38
2025-12-28,V,10.19,40000000000.0,34.84,None,0.822,19.38,42000000,None,270124000,270124000,-243000000,30000000,400000000,4000000,-333000000,None,None,104000000,None,2848000000,None,998686000,998686000,119075000,None,None,258035000,None,None,155000000,62000000,2.44,0.0069,92000000,92000000,None,-0.014,0.01,811355000,966355000,2.97,2010-03-31,27.7,None,39105999000.0,1949440000,721816000,251338000,None,None,None,89539000,None,294570000,None,None,41280000,None,None,713000000,None,None,None,0.657,609000000,1219770000,729670000,148057000,661552000,None,None,None,None,None,None,None,1.952,18.42,17.13,None,None,None,None,None,-232000000,None,0.501,None,280899000,2025-10-28,quarterly,2.98,USD,post-market,None,583772000,0.173,0.521,0.115,20.61,722947000,73619000,32339000,660451000,344.52,338.23,0.3367,2963918000,1593931000,1392963000,2343264000,1369987000,950301000,2948126000,582814000,34.84,None,374.1,297.38
2025-12-28,V,10.19,40000000000.0,34.84,None,0.822,19.38,37000000,None,270124000,270124000,-452000000,22000000,-457000000,2000000,-773000000,None,None,-223000000,None,2848000000,None,998686000,998686000,119075000,None,None,258035000,None,None,155000000,62000000,2.44,0.0069,93000000,93000000,None,-0.014,0.01,811355000,966355000,2.97,2009-12-31,27.7,None,39105999000.0,1949440000,721816000,251338000,None,None,None,89539000,None,294570000,None,None,41280000,None,None,763000000,None,None,None,0.657,-29000000,1219770000,729670000,148057000,661552000,None,None,None,None,None,None,None,1.952,18.42,17.13,None,None,None,None,None,-432000000,None,0.501,None,280899000,2025-10-28,quarterly,2.98,USD,post-market,None,583772000,0.173,0.521,0.115,20.61,722947000,73619000,32339000,660451000,344.52,338.23,0.3367,2963918000,1593931000,1392963000,2343264000,1369987000,950301000,2948126000,582814000,34.84,None,374.1,297.38
2025-12-28,V,10.19,40000000000.0,34.84,None,0.822,19.38,101000000,None,270124000,270124000,-260000000,875000000,None,None,-711000000,None,None,None,None,2848000000,None,998686000,998686000,119075000,None,None,258035000,None,None,155000000,61000000,2.44,0.0069,78000000,78000000,None,-0.014,0.01,811355000,966355000,2.97,2009-09-30,27.7,None,39105999000.0,1949440000,721816000,251338000,None,None,None,89539000,None,294570000,None,None,41280000,None,None,514000000,None,None,None,0.657,-209000000,1219770000,729670000,148057000,661552000,None,None,None,None,None,None,None,1.952,18.42,17.13,None,None,None,None,None,2646000000,None,0.501,None,280899000,2025-10-28,quarterly,2.98,USD,post-market,None,583772000,0.173,0.521,0.115,20.61,722947000,73619000,32339000,660451000,344.52,338.23,0.3367,2963918000,1593931000,1392963000,2343264000,1369987000,950301000,2948126000,582814000,34.84,None,374.1,297.38
2025-12-28,V,10.19,40000000000.0,34.84,None,0.822,19.38,69000000,None,270124000,270124000,477000000,-1000000,None,None,-7000000,None,None,None,None,2848000000,None,998686000,998686000,119075000,None,None,258035000,None,None,155000000,57000000,2.44,0.0069,79000000,79000000,None,-0.014,0.01,811355000,966355000,2.97,2009-06-30,27.7,None,39105999000.0,1949440000,721816000,251338000,None,None,None,89539000,None,294570000,None,None,41280000,None,None,729000000,None,None,None,0.657,349000000,1219770000,729670000,148057000,661552000,None,None,None,None,None,None,None,1.952,18.42,17.13,None,None,None,None,None,0,None,0.501,None,280899000,2025-10-28,quarterly,2.98,USD,post-market,None,583772000,0.173,0.521,0.115,20.61,722947000,73619000,32339000,660451000,344.52,338.23,0.3367,2963918000,1593931000,1392963000,2343264000,1369987000,950301000,2948126000,582814000,34.84,None,374.1,297.38
2025-12-28,V,10.19,40000000000.0,34.84,None,0.822,19.38,68000000,None,270124000,270124000,464000000,55000000,None,None,-602000000,None,None,None,None,2848000000,None,998686000,998686000,119075000,None,None,258035000,None,None,155000000,56000000,2.44,0.0069,80000000,80000000,None,-0.014,0.01,811355000,966355000,2.97,2009-03-31,27.7,None,39105999000.0,1949440000,721816000,251338000,None,None,None,89539000,None,294570000,None,None,41280000,None,None,536000000,None,None,None,0.657,233000000,1219770000,729670000,148057000,661552000,None,None,None,None,None,None,None,1.952,18.42,17.13,None,None,None,None,None,None,None,0.501,None,280899000,2025-10-28,quarterly,2.98,USD,post-market,None,583772000,0.173,0.521,0.115,20.61,722947000,73619000,32339000,660451000,344.52,338.23,0.3367,2963918000,1593931000,1392963000,2343264000,1369987000,950301000,2948126000,582814000,34.84,None,374.1,297.38
2025-12-28,V,10.19,40000000000.0,34.84,None,0.822,19.38,68000000,None,270124000,270124000,-3432000000,901000000,None,None,-592000000,None,None,None,None,2848000000,None,998686000,998686000,119075000,None,None,258035000,None,None,155000000,52000000,2.44,0.0069,81000000,81000000,None,-0.014,0.01,811355000,966355000,2.97,2008-12-31,27.7,None,39105999000.0,1949440000,721816000,251338000,None,None,None,89539000,None,294570000,None,None,41280000,None,None,574000000,None,None,None,0.657,185000000,1219770000,729670000,148057000,661552000,None,None,None,None,None,None,None,1.952,18.42,17.13,None,None,None,None,None,-2646000000,None,0.501,None,280899000,2025-10-28,quarterly,2.98,USD,post-market,None,583772000,0.173,0.521,0.115,20.61,722947000,73619000,32339000,660451000,344.52,338.23,0.3367,2963918000,1593931000,1392963000,2343264000,1369987000,950301000,2948126000,582814000,34.84,None,374.1,297.38
2025-12-28,V,10.19,40000000000.0,34.84,None,0.822,19.38,92000000,None,270124000,270124000,-27000000,-1025000000,None,None,-282000000,None,None,None,None,2848000000,None,998686000,998686000,119075000,None,None,258035000,None,None,155000000,-803000000,2.44,0.0069,22000000,22000000,None,-0.014,0.01,811355000,966355000,2.97,2008-09-30,27.7,None,39105999000.0,1949440000,721816000,251338000,None,None,None,89539000,None,294570000,None,None,41280000,None,None,-356000000,None,None,None,0.657,274000000,1219770000,729670000,148057000,661552000,None,None,None,None,None,None,None,1.952,18.42,17.13,None,None,None,None,None,None,None,0.501,None,280899000,2025-10-28,quarterly,2.98,USD,post-market,None,583772000,0.173,0.521,0.115,20.61,722947000,73619000,32339000,660451000,344.52,338.23,0.3367,2963918000,1593931000,1392963000,2343264000,1369987000,950301000,2948126000,582814000,34.84,None,374.1,297.38
2025-12-28,V,10.19,40000000000.0,34.84,None,0.822,19.38,86000000,None,270124000,270124000,182000000,30000000,None,None,None,None,None,None,None,2848000000,None,998686000,998686000,119075000,None,None,258035000,None,None,155000000,331000000,2.44,0.0069,None,None,None,-0.014,0.01,811355000,966355000,2.97,2008-06-30,27.7,None,39105999000.0,1949440000,721816000,251338000,None,None,None,89539000,None,294570000,None,None,41280000,None,None,422000000,None,None,None,0.657,509000000,1219770000,729670000,148057000,661552000,None,None,None,None,None,None,None,1.952,18.42,17.13,None,None,None,None,None,None,None,0.501,None,280899000,2025-10-28,quarterly,2.98,USD,post-market,None,583772000,0.173,0.521,0.115,20.61,722947000,73619000,32339000,660451000,344.52,338.23,0.3367,2963918000,1593931000,1392963000,2343264000,1369987000,950301000,2948126000,582814000,34.84,None,374.1,297.38
2025-12-28,V,10.19,40000000000.0,34.84,None,0.822,19.38,166000000,None,270124000,270124000,3479000000,298000000,None,None,None,None,None,None,None,2848000000,None,998686000,998686000,119075000,None,None,258035000,None,None,155000000,396000000,2.44,0.0069,None,None,None,-0.014,0.01,811355000,966355000,2.97,2008-03-31,27.7,None,39105999000.0,1949440000,721816000,251338000,None,None,None,89539000,None,294570000,None,None,41280000,None,None,314000000,None,None,None,0.657,-550000000,1219770000,729670000,148057000,661552000,None,None,None,None,None,None,None,1.952,18.42,17.13,None,None,None,None,None,None,None,0.501,None,280899000,2025-10-28,quarterly,2.98,USD,post-market,None,583772000,0.173,0.521,0.115,20.61,722947000,73619000,32339000,660451000,344.52,338.23,0.3367,2963918000,1593931000,1392963000,2343264000,1369987000,950301000,2948126000,582814000,34.84,None,374.1,297.38
2025-12-28,V,10.19,40000000000.0,34.84,None,0.822,19.38,71000000,None,270124000,270124000,-10000000,1251000000,None,None,-440000000,None,None,None,None,2848000000,None,998686000,998686000,119075000,None,None,258035000,None,None,155000000,313000000,2.44,0.0069,None,None,None,-0.014,0.01,811355000,966355000,2.97,2007-12-31,27.7,None,39105999000.0,1949440000,721816000,251338000,None,None,None,89539000,None,294570000,None,None,41280000,None,None,424000000,None,None,None,0.657,182000000,1219770000,729670000,148057000,661552000,None,None,None,None,None,None,None,1.952,18.42,17.13,None,None,None,None,None,None,None,0.501,None,280899000,2025-10-28,quarterly,2.98,USD,post-market,None,583772000,0.173,0.521,0.115,20.61,722947000,73619000,32339000,660451000,344.52,338.23,0.3367,2963918000,1593931000,1392963000,2343264000,1369987000,950301000,2948126000,582814000,34.84,None,374.1,297.38
2025-12-28,V,10.19,40000000000.0,34.84,None,0.822,19.38,16000000,None,270124000,270124000,-9102000,-267527000,None,None,-385174000,None,None,None,None,2848000000,None,998686000,998686000,119075000,None,None,258035000,None,None,155000000,270664000,2.44,0.0069,None,None,None,-0.014,0.01,811355000,966355000,2.97,2007-09-30,27.7,None,39105999000.0,1949440000,721816000,251338000,None,None,None,89539000,None,294570000,None,None,41280000,None,None,-1684575000,None,None,None,0.657,-37725000,1219770000,729670000,148057000,661552000,None,None,None,None,None,None,None,1.952,18.42,17.13,None,None,None,None,None,None,None,0.501,None,280899000,2025-10-28,quarterly,2.98,USD,post-market,None,583772000,0.173,0.521,0.115,20.61,722947000,73619000,32339000,660451000,344.52,338.23,0.3367,2963918000,1593931000,1392963000,2343264000,1369987000,950301000,2948126000,582814000,34.84,None,374.1,297.38
2025-12-28,V,10.19,40000000000.0,34.84,None,0.822,19.38,0,None,270124000,270124000,-8000000,55000000,None,None,None,None,None,None,None,2848000000,None,998686000,998686000,119075000,None,None,258035000,None,None,155000000,66067000,2.44,0.0069,None,None,None,-0.014,0.01,811355000,966355000,2.97,2007-06-30,27.7,None,39105999000.0,1949440000,721816000,251338000,None,None,None,89539000,None,294570000,None,None,41280000,None,None,223000000,None,None,None,0.657,157297000,1219770000,729670000,148057000,661552000,None,None,None,None,None,None,None,1.952,18.42,17.13,None,None,None,None,None,None,None,0.501,None,280899000,2025-10-28,quarterly,2.98,USD,post-market,None,583772000,0.173,0.521,0.115,20.61,722947000,73619000,32339000,660451000,344.52,338.23,0.3367,2963918000,1593931000,1392963000,2343264000,1369987000,950301000,2948126000,582814000,34.84,None,374.1,297.38
2025-12-28,V,10.19,40000000000.0,34.84,None,0.822,19.38,0,None,270124000,270124000,-10000000,-179000000,None,None,None,None,None,None,None,2848000000,None,998686000,998686000,119075000,None,None,258035000,None,None,155000000,159962000,2.44,0.0069,None,None,None,-0.014,0.01,811355000,966355000,2.97,2007-03-31,27.7,None,39105999000.0,1949440000,721816000,251338000,None,None,None,89539000,None,294570000,None,None,41280000,None,None,180000000,None,None,None,0.657,208575000,1219770000,729670000,148057000,661552000,None,None,None,None,None,None,None,1.952,18.42,17.13,None,None,None,None,None,None,None,0.501,None,280899000,2025-10-28,quarterly,2.98,USD,post-market,None,583772000,0.173,0.521,0.115,20.61,722947000,73619000,32339000,660451000,344.52,338.23,0.3367,2963918000,1593931000,1392963000,2343264000,1369987000,950301000,2948126000,582814000,34.84,None,374.1,297.38
2025-12-28,V,10.19,40000000000.0,34.84,None,0.822,19.38,16000000,None,270124000,270124000,-9000000,-72000000,None,None,None,None,None,None,None,2848000000,None,998686000,998686000,119075000,None,None,258035000,None,None,155000000,129000000,2.44,0.0069,None,None,None,-0.014,0.01,811355000,966355000,2.97,2006-12-31,27.7,None,39105999000.0,1949440000,721816000,251338000,None,None,None,89539000,None,294570000,None,None,41280000,None,None,205000000,None,None,None,0.657,177000000,1219770000,729670000,148057000,661552000,None,None,None,None,None,None,None,1.952,18.42,17.13,None,None,None,None,None,None,None,0.501,None,280899000,2025-10-28,quarterly,2.98,USD,post-market,None,583772000,0.173,0.521,0.115,20.61,722947000,73619000,32339000,660451000,344.52,338.23,0.3367,2963918000,1593931000,1392963000,2343264000,1369987000,950301000,2948126000,582814000,34.84,None,374.1,297.38
2025-12-28,V,10.19,40000000000.0,34.84,None,0.822,19.38,87265000,None,270124000,270124000,-9161000,127216000,None,None,None,None,None,None,None,2848000000,None,998686000,998686000,119075000,None,None,258035000,None,None,155000000,304472000,2.44,0.0069,None,None,None,-0.014,0.01,811355000,966355000,2.97,2006-09-30,27.7,None,39105999000.0,1949440000,721816000,251338000,None,None,None,89539000,None,294570000,None,None,41280000,None,None,110857000,None,None,None,0.657,-83559000,1219770000,729670000,148057000,661552000,None,None,None,None,None,None,None,1.952,18.42,17.13,None,None,None,None,None,None,None,0.501,None,280899000,2025-10-28,quarterly,2.98,USD,post-market,None,583772000,0.173,0.521,0.115,20.61,722947000,73619000,32339000,660451000,344.52,338.23,0.3367,2963918000,1593931000,1392963000,2343264000,1369987000,950301000,2948126000,582814000,34.84,None,374.1,297.38
2025-12-28,V,10.19,40000000000.0,34.84,None,0.822,19.38,0,None,270124000,270124000,-9150000,-129601000,None,None,None,None,None,None,None,2848000000,None,998686000,998686000,119075000,None,None,258035000,None,None,155000000,87922000,2.44,0.0069,None,None,None,-0.014,0.01,811355000,966355000,2.97,2006-06-30,27.7,None,39105999000.0,1949440000,721816000,251338000,None,None,None,89539000,None,294570000,None,None,41280000,None,None,144053000,None,None,None,0.657,197016000,1219770000,729670000,148057000,661552000,None,None,None,None,None,None,None,1.952,18.42,17.13,None,None,None,None,None,None,None,0.501,None,280899000,2025-10-28,quarterly,2.98,USD,post-market,None,583772000,0.173,0.521,0.115,20.61,722947000,73619000,32339000,660451000,344.52,338.23,0.3367,2963918000,1593931000,1392963000,2343264000,1369987000,950301000,2948126000,582814000,34.84,None,374.1,297.38
2025-12-28,V,10.19,40000000000.0,34.84,None,0.822,19.38,1482000000,None,270124000,270124000,-18963000000,708000000,None,None,None,None,None,None,None,2848000000,None,998686000,998686000,119075000,None,None,258035000,None,None,155000000,1220000000,2.44,0.0069,4634000000,4634000000,None,-0.014,0.01,811355000,966355000,2.97,2025-09-30,27.7,None,39105999000.0,1949440000,721816000,251338000,None,None,None,89539000,None,294570000,None,None,41280000,None,None,20058000000,None,None,None,0.657,23059000000,1219770000,729670000,148057000,661552000,None,None,None,None,None,None,None,1.952,18.42,17.13,None,None,None,None,None,-13389000000,None,0.501,None,280899000,2025-10-28,annual,2.98,USD,post-market,None,583772000,0.173,0.521,0.115,20.61,722947000,73619000,32339000,660451000,344.52,338.23,0.3367,2963918000,1593931000,1392963000,2343264000,1369987000,950301000,2948126000,582814000,34.84,None,374.1,297.38
2025-12-28,V,10.19,40000000000.0,34.84,None,0.822,19.38,1257000000,None,270124000,270124000,-20633000000,-1926000000,None,None,None,None,None,None,None,2848000000,None,998686000,998686000,119075000,None,None,258035000,None,None,155000000,1034000000,2.44,0.0069,4217000000,4217000000,None,-0.014,0.01,811355000,966355000,2.97,2024-09-30,27.7,None,39105999000.0,1949440000,721816000,251338000,None,None,None,89539000,None,294570000,None,None,41280000,None,None,19743000000,None,None,None,0.657,19950000000,1219770000,729670000,148057000,661552000,None,None,None,None,None,None,None,1.952,18.42,17.13,None,None,None,None,None,-16713000000,None,0.501,None,280899000,2025-10-28,annual,2.98,USD,post-market,None,583772000,0.173,0.521,0.115,20.61,722947000,73619000,32339000,660451000,344.52,338.23,0.3367,2963918000,1593931000,1392963000,2343264000,1369987000,950301000,2948126000,582814000,34.84,None,374.1,297.38
2025-12-28,V,10.19,40000000000.0,34.84,None,0.822,19.38,1059000000,None,270124000,270124000,-17772000000,-2006000000,None,None,1208000000,None,None,None,None,2848000000,None,998686000,998686000,119075000,None,None,258035000,None,None,155000000,943000000,2.44,0.0069,3751000000,3751000000,None,-0.014,0.01,811355000,966355000,2.97,2023-09-30,27.7,None,39105999000.0,1949440000,721816000,251338000,None,None,None,89539000,None,294570000,None,None,41280000,None,None,17273000000,None,None,None,0.657,20755000000,1219770000,729670000,148057000,661552000,None,None,None,None,None,None,None,1.952,18.42,17.13,None,None,None,None,None,-12101000000,None,0.501,None,280899000,2025-10-28,annual,2.98,USD,post-market,None,583772000,0.173,0.521,0.115,20.61,722947000,73619000,32339000,660451000,344.52,338.23,0.3367,2963918000,1593931000,1392963000,2343264000,1369987000,950301000,2948126000,582814000,34.84,None,374.1,297.38
2025-12-28,V,10.19,40000000000.0,34.84,None,0.822,19.38,970000000,None,270124000,270124000,-12696000000,-4288000000,1865000000,None,None,None,None,-494000000,None,2848000000,None,998686000,998686000,119075000,None,None,258035000,None,None,155000000,861000000,2.44,0.0069,3203000000,3203000000,None,-0.014,0.01,811355000,966355000,2.97,2022-09-30,27.7,None,39105999000.0,1949440000,721816000,251338000,None,None,None,89539000,None,294570000,None,None,41280000,None,None,14957000000,None,None,None,0.657,18849000000,1219770000,729670000,148057000,661552000,None,None,None,None,None,None,None,1.952,18.42,17.13,None,None,None,None,None,-11589000000,None,0.501,None,280899000,2025-10-28,annual,2.98,USD,post-market,None,583772000,0.173,0.521,0.115,20.61,722947000,73619000,32339000,660451000,344.52,338.23,0.3367,2963918000,1593931000,1392963000,2343264000,1369987000,950301000,2948126000,582814000,34.84,None,374.1,297.38
2025-12-28,V,10.19,40000000000.0,34.84,None,0.822,19.38,705000000,None,270124000,270124000,-14410000000,-152000000,628000000,-37000000,1063000000,None,None,-811000000,None,2848000000,None,998686000,998686000,119075000,None,None,258035000,None,None,155000000,804000000,2.44,0.0069,2798000000,2798000000,None,-0.014,0.01,811355000,966355000,2.97,2021-09-30,27.7,None,39105999000.0,1949440000,721816000,251338000,None,None,None,89539000,None,294570000,None,None,41280000,None,None,12311000000,None,None,None,0.657,15227000000,1219770000,729670000,148057000,661552000,None,None,None,None,None,None,None,1.952,18.42,17.13,None,None,None,None,None,-8676000000,None,0.501,None,280899000,2025-10-28,annual,2.98,USD,post-market,None,583772000,0.173,0.521,0.115,20.61,722947000,73619000,32339000,660451000,344.52,338.23,0.3367,2963918000,1593931000,1392963000,2343264000,1369987000,950301000,2948126000,582814000,34.84,None,374.1,297.38
2025-12-28,V,10.19,40000000000.0,34.84,None,0.822,19.38,736000000,None,270124000,270124000,-3968000000,1427000000,8339000000,440000000,-295000000,None,None,1815000000,None,2848000000,None,998686000,998686000,119075000,None,None,258035000,None,None,155000000,767000000,2.44,0.0069,2664000000,2664000000,None,-0.014,0.01,811355000,966355000,2.97,2020-09-30,27.7,None,39105999000.0,1949440000,721816000,251338000,None,None,None,89539000,None,294570000,None,None,41280000,None,None,10866000000,None,None,None,0.657,10440000000,1219770000,729670000,148057000,661552000,None,None,None,None,None,None,None,1.952,18.42,17.13,None,None,None,None,None,-8114000000,None,0.501,None,280899000,2025-10-28,annual,2.98,USD,post-market,None,583772000,0.173,0.521,0.115,20.61,722947000,73619000,32339000,660451000,344.52,338.23,0.3367,2963918000,1593931000,1392963000,2343264000,1369987000,950301000,2948126000,582814000,34.84,None,374.1,297.38
2025-12-28,V,10.19,40000000000.0,34.84,None,0.822,19.38,756000000,None,270124000,270124000,-12061000000,-591000000,-145000000,-277000000,484000000,None,None,-1866000000,None,2848000000,None,998686000,998686000,119075000,None,None,258035000,None,None,155000000,656000000,2.44,0.0069,2269000000,2269000000,None,-0.014,0.01,811355000,966355000,2.97,2019-09-30,27.7,None,39105999000.0,1949440000,721816000,251338000,None,None,None,89539000,None,294570000,None,None,41280000,None,None,12080000000,None,None,None,0.657,12784000000,1219770000,729670000,148057000,661552000,None,None,None,None,None,None,None,1.952,18.42,17.13,None,None,None,None,None,-8607000000,None,0.501,None,280899000,2025-10-28,annual,2.98,USD,post-market,None,583772000,0.173,0.521,0.115,20.61,722947000,73619000,32339000,660451000,344.52,338.23,0.3367,2963918000,1593931000,1392963000,2343264000,1369987000,950301000,2948126000,582814000,34.84,None,374.1,297.38
2025-12-28,V,10.19,40000000000.0,34.84,None,0.822,19.38,718000000,None,270124000,270124000,-11240000000,-3084000000,-1712000000,-101000000,2092000000,None,None,-293000000,None,2848000000,None,998686000,998686000,119075000,None,None,258035000,None,None,155000000,613000000,2.44,0.0069,1918000000,1918000000,None,-0.014,0.01,811355000,966355000,2.97,2018-09-30,27.7,None,39105999000.0,1949440000,721816000,251338000,None,None,None,89539000,None,294570000,None,None,41280000,None,None,10301000000,None,None,None,0.657,12713000000,1219770000,729670000,148057000,661552000,None,None,None,None,None,None,None,1.952,18.42,17.13,None,None,None,None,None,-7192000000,None,0.501,None,280899000,2025-10-28,annual,2.98,USD,post-market,None,583772000,0.173,0.521,0.115,20.61,722947000,73619000,32339000,660451000,344.52,338.23,0.3367,2963918000,1593931000,1392963000,2343264000,1369987000,950301000,2948126000,582814000,34.84,None,374.1,297.38
2025-12-28,V,10.19,40000000000.0,34.84,None,0.822,19.38,707000000,None,270124000,270124000,-5924000000,735000000,4255000000,236000000,132000000,None,None,40000000,None,2848000000,None,998686000,998686000,119075000,None,None,258035000,None,None,155000000,556000000,2.44,0.0069,1579000000,1579000000,None,-0.014,0.01,811355000,966355000,2.97,2017-09-30,27.7,None,39105999000.0,1949440000,721816000,251338000,None,None,None,89539000,None,294570000,None,None,41280000,None,None,6699000000,None,None,None,0.657,9208000000,1219770000,729670000,148057000,661552000,None,None,None,None,None,None,None,1.952,18.42,17.13,None,None,None,None,None,-6891000000,None,0.501,None,280899000,2025-10-28,annual,2.98,USD,post-market,None,583772000,0.173,0.521,0.115,20.61,722947000,73619000,32339000,660451000,344.52,338.23,0.3367,2963918000,1593931000,1392963000,2343264000,1369987000,950301000,2948126000,582814000,34.84,None,374.1,297.38
2025-12-28,V,10.19,40000000000.0,34.84,None,0.822,19.38,523000000,None,270124000,270124000,7477000000,-10916000000,2101000000,-34000000,4000000,None,None,326000000,None,2848000000,None,998686000,998686000,119075000,None,None,258035000,None,None,155000000,502000000,2.44,0.0069,1350000000,1350000000,None,-0.014,0.01,811355000,966355000,2.97,2016-09-30,27.7,None,39105999000.0,1949440000,721816000,251338000,None,None,None,89539000,None,294570000,None,None,41280000,None,None,5991000000,None,None,None,0.657,5574000000,1219770000,729670000,148057000,661552000,None,None,None,None,None,None,None,1.952,18.42,17.13,None,None,None,None,None,-7157000000,None,0.501,None,280899000,2025-10-28,annual,2.98,USD,post-market,None,583772000,0.173,0.521,0.115,20.61,722947000,73619000,32339000,660451000,344.52,338.23,0.3367,2963918000,1593931000,1392963000,2343264000,1369987000,950301000,2948126000,582814000,34.84,None,374.1,297.38
2025-12-28,V,10.19,40000000000.0,34.84,None,0.822,19.38,414000000,None,270124000,270124000,-3603000000,-1435000000,1547000000,1000000,-543000000,None,None,359000000,None,2848000000,None,998686000,998686000,119075000,None,None,258035000,None,None,155000000,494000000,2.44,0.0069,1177000000,1177000000,None,-0.014,0.01,811355000,966355000,2.97,2015-09-30,27.7,None,39105999000.0,1949440000,721816000,251338000,None,None,None,89539000,None,294570000,None,None,41280000,None,None,6328000000,None,None,None,0.657,6584000000,1219770000,729670000,148057000,661552000,None,None,None,None,None,None,None,1.952,18.42,17.13,None,None,None,None,None,-2910000000,None,0.501,None,280899000,2025-10-28,annual,2.98,USD,post-market,None,583772000,0.173,0.521,0.115,20.61,722947000,73619000,32339000,660451000,344.52,338.23,0.3367,2963918000,1593931000,1392963000,2343264000,1369987000,950301000,2948126000,582814000,34.84,None,374.1,297.38
2025-12-28,V,10.19,40000000000.0,34.84,None,0.822,19.38,553000000,None,270124000,270124000,-6478000000,-941000000,-215000000,-1000000,1252000000,None,None,-40000000,None,2848000000,None,998686000,998686000,119075000,None,None,258035000,None,None,155000000,435000000,2.44,0.0069,1006000000,1006000000,None,-0.014,0.01,811355000,966355000,2.97,2014-09-30,27.7,None,39105999000.0,1949440000,721816000,251338000,None,None,None,89539000,None,294570000,None,None,41280000,None,None,5438000000,None,None,None,0.657,7205000000,1219770000,729670000,148057000,661552000,None,None,None,None,None,None,None,1.952,18.42,17.13,None,None,None,None,None,-4118000000,None,0.501,None,280899000,2025-10-28,annual,2.98,USD,post-market,None,583772000,0.173,0.521,0.115,20.61,722947000,73619000,32339000,660451000,344.52,338.23,0.3367,2963918000,1593931000,1392963000,2343264000,1369987000,950301000,2948126000,582814000,34.84,None,374.1,297.38
2025-12-28,V,10.19,40000000000.0,34.84,None,0.822,19.38,471000000,None,270124000,270124000,-1746000000,-1164000000,112000000,None,-4027000000,None,None,-383000000,None,2848000000,None,998686000,998686000,119075000,None,None,258035000,None,None,155000000,397000000,2.44,0.0069,864000000,864000000,None,-0.014,0.01,811355000,966355000,2.97,2013-09-30,27.7,None,39105999000.0,1949440000,721816000,251338000,None,None,None,89539000,None,294570000,None,None,41280000,None,None,4980000000,None,None,None,0.657,3022000000,1219770000,729670000,148057000,661552000,None,None,None,None,None,None,None,1.952,18.42,17.13,None,None,None,None,None,-5365000000,None,0.501,None,280899000,2025-10-28,annual,2.98,USD,post-market,None,583772000,0.173,0.521,0.115,20.61,722947000,73619000,32339000,660451000,344.52,338.23,0.3367,2963918000,1593931000,1392963000,2343264000,1369987000,950301000,2948126000,582814000,34.84,None,374.1,297.38
2025-12-28,V,10.19,40000000000.0,34.84,None,0.822,19.38,376000000,None,270124000,270124000,-2655000000,-2414000000,-53000000,7000000,-165000000,None,None,-203000000,None,2848000000,None,998686000,998686000,119075000,None,None,258035000,None,None,155000000,333000000,2.44,0.0069,595000000,595000000,None,-0.014,0.01,811355000,966355000,2.97,2012-09-30,27.7,None,39105999000.0,1949440000,721816000,251338000,None,None,None,89539000,None,294570000,None,None,41280000,None,None,2144000000,None,None,None,0.657,5009000000,1219770000,729670000,148057000,661552000,None,None,None,None,None,None,None,1.952,18.42,17.13,None,None,None,None,None,-710000000,None,0.501,None,280899000,2025-10-28,annual,2.98,USD,post-market,None,583772000,0.173,0.521,0.115,20.61,722947000,73619000,32339000,660451000,344.52,338.23,0.3367,2963918000,1593931000,1392963000,2343264000,1369987000,950301000,2948126000,582814000,34.84,None,374.1,297.38
2025-12-28,V,10.19,40000000000.0,34.84,None,0.822,19.38,353000000,None,270124000,270124000,-3304000000,-2299000000,-1740000000,-9000000,-127000000,None,None,-83000000,None,2848000000,None,998686000,998686000,119075000,None,None,258035000,None,None,155000000,288000000,2.44,0.0069,423000000,423000000,None,-0.014,0.01,811355000,966355000,2.97,2011-09-30,27.7,None,39105999000.0,1949440000,721816000,251338000,None,None,None,89539000,None,294570000,None,None,41280000,None,None,3650000000,None,None,None,0.657,3872000000,1219770000,729670000,148057000,661552000,None,None,None,None,None,None,None,1.952,18.42,17.13,None,None,None,None,None,-2024000000,None,0.501,None,280899000,2025-10-28,annual,2.98,USD,post-market,None,583772000,0.173,0.521,0.115,20.61,722947000,73619000,32339000,660451000,344.52,338.23,0.3367,2963918000,1593931000,1392963000,2343264000,1369987000,950301000,2948126000,582814000,34.84,None,374.1,297.38
2025-12-28,V,10.19,40000000000.0,34.84,None,0.822,19.38,241000000,None,270124000,270124000,-1542000000,-1904000000,-750000000,5000000,-921000000,None,None,196000000,None,2848000000,None,998686000,998686000,119075000,None,None,258035000,None,None,155000000,265000000,2.44,0.0069,368000000,368000000,None,-0.014,0.01,811355000,966355000,2.97,2010-09-30,27.7,None,39105999000.0,1949440000,721816000,251338000,None,None,None,89539000,None,294570000,None,None,41280000,None,None,2966000000,None,None,None,0.657,2691000000,1219770000,729670000,148057000,661552000,None,None,None,None,None,None,None,1.952,18.42,17.13,None,None,None,None,None,-1000000000,None,0.501,None,280899000,2025-10-28,annual,2.98,USD,post-market,None,583772000,0.173,0.521,0.115,20.61,722947000,73619000,32339000,660451000,344.52,338.23,0.3367,2963918000,1593931000,1392963000,2343264000,1369987000,950301000,2948126000,582814000,34.84,None,374.1,297.38
2025-12-28,V,10.19,40000000000.0,34.84,None,0.822,19.38,306000000,None,270124000,270124000,-2751000000,1830000000,-362000000,1000000,-2021000000,None,None,424000000,None,2848000000,None,998686000,998686000,119075000,None,None,258035000,None,None,155000000,226000000,2.44,0.0069,318000000,318000000,None,-0.014,0.01,811355000,966355000,2.97,2009-09-30,27.7,None,39105999000.0,1949440000,721816000,251338000,None,None,None,89539000,None,294570000,None,None,41280000,None,None,2353000000,None,None,None,0.657,558000000,1219770000,729670000,148057000,661552000,None,None,None,None,None,None,None,1.952,18.42,17.13,None,None,None,None,None,-2646000000,None,0.501,None,280899000,2025-10-28,annual,2.98,USD,post-market,None,583772000,0.173,0.521,0.115,20.61,722947000,73619000,32339000,660451000,344.52,338.23,0.3367,2963918000,1593931000,1392963000,2343264000,1369987000,950301000,2948126000,582814000,34.84,None,374.1,297.38
2025-12-28,V,10.19,40000000000.0,34.84,None,0.822,19.38,415000000,None,270124000,270124000,3624000000,554000000,None,None,-1765000000,None,None,None,None,2848000000,None,998686000,998686000,119075000,None,None,258035000,None,None,155000000,237000000,2.44,0.0069,93000000,93000000,None,-0.014,0.01,811355000,966355000,2.97,2008-09-30,27.7,None,39105999000.0,1949440000,721816000,251338000,None,None,None,89539000,None,294570000,None,None,41280000,None,None,804000000,None,None,None,0.657,531000000,1219770000,729670000,148057000,661552000,None,None,None,None,None,None,None,1.952,18.42,17.13,None,None,None,None,None,-13446000000,None,0.501,None,280899000,2025-10-28,annual,2.98,USD,post-market,None,583772000,0.173,0.521,0.115,20.61,722947000,73619000,32339000,660451000,344.52,338.23,0.3367,2963918000,1593931000,1392963000,2343264000,1369987000,950301000,2948126000,582814000,34.84,None,374.1,297.38
2025-12-28,V,10.19,40000000000.0,34.84,None,0.822,19.38,159960000,None,270124000,270124000,-36651000,-463241000,None,None,-412248000,None,None,None,None,2848000000,None,998686000,998686000,119075000,None,None,258035000,None,None,155000000,625693000,2.44,0.0069,None,None,None,-0.014,0.01,811355000,966355000,2.97,2007-09-30,27.7,None,39105999000.0,1949440000,721816000,251338000,None,None,None,89539000,None,294570000,None,None,41280000,None,None,-1076095000,None,None,None,0.657,505147000,1219770000,729670000,148057000,661552000,None,None,None,None,None,None,None,1.952,18.42,17.13,None,None,None,None,None,None,None,0.501,None,280899000,2025-10-28,annual,2.98,USD,post-market,None,583772000,0.173,0.521,0.115,20.61,722947000,73619000,32339000,660451000,344.52,338.23,0.3367,2963918000,1593931000,1392963000,2343264000,1369987000,950301000,2948126000,582814000,34.84,None,374.1,297.38
2025-12-28,V,10.19,40000000000.0,34.84,None,0.822,19.38,87265000,None,270124000,270124000,-36579000,-263202000,None,None,None,None,None,None,None,2848000000,None,998686000,998686000,119075000,None,None,258035000,None,None,155000000,720206000,2.44,0.0069,None,None,None,-0.014,0.01,811355000,966355000,2.97,2006-09-30,27.7,None,39105999000.0,1949440000,721816000,251338000,None,None,None,89539000,None,294570000,None,None,41280000,None,None,454561000,None,None,None,0.657,434508000,1219770000,729670000,148057000,661552000,None,None,None,None,None,None,None,1.952,18.42,17.13,None,None,None,None,None,None,None,0.501,None,280899000,2025-10-28,annual,2.98,USD,post-market,None,583772000,0.173,0.521,0.115,20.61,722947000,73619000,32339000,660451000,344.52,338.23,0.3367,2963918000,1593931000,1392963000,2343264000,1369987000,950301000,2948126000,582814000,34.84,None,374.1,297.38
