date,symbol,eps,revenue_ttm,pe_ratio,accumulateddepreciationamortizationppe,beta,book_value,capitalexpenditures,capitalleaseobligations,cashandcashequivalentsatcarryingvalue,cashandshortterminvestments,cashflowfromfinancing,cashflowfrominvestment,changeincashandcashequivalents,changeinexchangerate,changeininventory,changeinoperatingassets,changeinoperatingliabilities,changeinreceivables,commonstock,commonstocksharesoutstanding,comprehensiveincomenetoftax,costofgoodsandservicessold,costofrevenue,currentaccountspayable,currentdebt,currentlongtermdebt,currentnetreceivables,deferredrevenue,depreciation,depreciationandamortization,depreciationdepletionandamortization,dividend_per_share,dividend_yield,dividendpayout,dividendpayoutcommonstock,dividendpayoutpreferredstock,earnings_growth_yoy,earnings_surprise,ebit,ebitda,estimated_eps,fiscaldateending,forward_pe,goodwill,gross_profit_ttm,grossprofit,incomebeforetax,incometaxexpense,intangibleassets,intangibleassetsexcludinggoodwill,interestanddebtexpense,interestexpense,interestincome,inventory,investmentincomenet,investments,longtermdebt,longtermdebtnoncurrent,longterminvestments,netincome,netincomefromcontinuingoperations,netinterestincome,noninterestincome,operating_margin_ttm,operatingcashflow,operatingexpenses,operatingincome,othercurrentassets,othercurrentliabilities,othernoncurrentassets,othernoncurrentliabilities,othernonoperatingincome,paymentsforoperatingactivities,paymentsforrepurchaseofcommonstock,paymentsforrepurchaseofequity,paymentsforrepurchaseofpreferredstock,price_to_book,price_to_sales_ttm,proceedsfromissuanceofcommonstock,proceedsfromissuanceoflongtermdebtandcapitalsecuritiesnet,proceedsfromissuanceofpreferredstock,proceedsfromoperatingactivities,proceedsfromrepaymentsofshorttermdebt,proceedsfromrepurchaseofequity,proceedsfromsaleoftreasurystock,profit_margin,profitloss,propertyplantequipment,report_date,report_type,reported_eps,reportedcurrency,reporttime,researchanddevelopment,retainedearnings,return_on_assets_ttm,return_on_equity_ttm,revenue_growth_yoy,revenue_per_share_ttm,sellinggeneralandadministrative,shortlongtermdebttotal,shorttermdebt,shortterminvestments,sma_200,sma_50,surprise_pct,totalassets,totalcurrentassets,totalcurrentliabilities,totalliabilities,totalnoncurrentassets,totalnoncurrentliabilities,totalrevenue,totalshareholderequity,trailing_pe,treasurystock,week_52_high,week_52_low
2017-12-31,VICI,,,,,,,,,,,,,,,,,,,,,,,,,,,,,,,,,,,,,,-0.14,,,0.33,,,,,,,,,,,,,,,,,,,,,,,,,,,,,,,,,,,,,,,,,,,,,,,,2018-03-08,,0.19,,post-market,,,,,,,,,,,,,-42.4242,,,,,,,,,,,,
2018-03-31,VICI,,,,,,,,,,,,,,,,,,,,,,,,,,,,,,,,,,,,,,-0.01,,,0.34,,,,,,,,,,,,,,,,,,,,,,,,,,,,,,,,,,,,,,,,,,,,,,,,2018-05-03,,0.33,,post-market,,,,,,,,,,,,,-2.9412,,,,,,,,,,,,
2018-06-30,VICI,,,,,,,,,,,,,,,,,,,,,,,,,,,,,,,,,,,,,,0.01,,,0.37,,,,,,,,,,,,,,,,,,,,,,,,,,,,,,,,,,,,,,,,,,,,,,,,2018-08-02,,0.38,,post-market,,,,,,,,,,,,,2.7027,,,,,,,,,,,,
2018-09-30,VICI,,,,,,,,,,,,,,,,,,,,,,,,,,,,,,,,,,,,,,-0.04,,,0.39,,,,,,,,,,,,,,,,,,,,,,,,,,,,,,,,,,,,,,,,,,,,,,,,2018-11-01,,0.35,,post-market,,,,,,,,,,,,,-10.2564,,,,,,,,,,,,
2018-12-31,VICI,,,,,,,,,,,,,,,,,,,,,,,,,,,,,,,,,,,,,,0.0,,,0.37,,,,,,,,,,,,,,,,,,,,,,,,,,,,,,,,,,,,,,,,,,,,,,,,2019-02-14,,0.37,,post-market,,,,,,,,,,,,,0.0,,,,,,,,,,,,
2019-03-31,VICI,,,,,,,,,,,,,,,,,,,,,,,,,,,,,,,,,,,,,,0.01,,,0.36,,,,,,,,,,,,,,,,,,,,,,,,,,,,,,,,,,,,,,,,,,,,,,,,2019-05-01,,0.37,,post-market,,,,,,,,,,,,,2.7778,,,,,,,,,,,,
2019-06-30,VICI,,,,,,,,,,,,,,,,,,,,,,,,,,,,,,,,,,,,,,0.0,,,0.37,,,,,,,,,,,,,,,,,,,,,,,,,,,,,,,,,,,,,,,,,,,,,,,,2019-07-31,,0.37,,post-market,,,,,,,,,,,,,0.0,,,,,,,,,,,,
2019-09-30,VICI,,,,,,,,,,,,,,,,,,,,,,,,,,,,,,,,,,,,,,-0.02,,,0.33,,,,,,,,,,,,,,,,,,,,,,,,,,,,,,,,,,,,,,,,,,,,,,,,2019-10-31,,0.31,,post-market,,,,,,,,,,,,,-6.0606,,,,,,,,,,,,
2019-12-31,VICI,,,,,,,,,,,,,,,,,,,,,,,,,,,,,,,,,,,,,,-0.12,,,0.33,,,,,,,,,,,,,,,,,,,,,,,,,,,,,,,,,,,,,,,,,,,,,,,,2020-02-20,,0.21,,post-market,,,,,,,,,,,,,-36.3636,,,,,,,,,,,,
2020-03-31,VICI,,,,,,,,,,,,,,,,,,,,,,,,,,,,,,,,,,,,,,-0.38,,,0.33,,,,,,,,,,,,,,,,,,,,,,,,,,,,,,,,,,,,,,,,,,,,,,,,2020-04-30,,-0.05,,post-market,,,,,,,,,,,,,-115.1515,,,,,,,,,,,,
2020-06-30,VICI,,,,,,,,,,,,,,,,,,,,,,,,,,,,,,,,,,,,,,-0.02,,,0.36,,,,,,,,,,,,,,,,,,,,,,,,,,,,,,,,,,,,,,,,,,,,,,,,2020-07-29,,0.34,,post-market,,,,,,,,,,,,,-5.5556,,,,,,,,,,,,
2020-09-30,VICI,,,,,,,,,,,,,,,,,,,,,,,,,,,,,,,,,,,,,,0.4,,,0.34,,,,,,,,,,,,,,,,,,,,,,,,,,,,,,,,,,,,,,,,,,,,,,,,2020-10-28,,0.74,,post-market,,,,,,,,,,,,,117.6471,,,,,,,,,,,,
2020-12-31,VICI,,,,,,,,,,,,,,,,,,,,,,,,,,,,,,,,,,,,,,0.05,,,0.48,,,,,,,,,,,,,,,,,,,,,,,,,,,,,,,,,,,,,,,,,,,,,,,,2021-02-18,,0.53,,post-market,,,,,,,,,,,,,10.4167,,,,,,,,,,,,
2021-03-31,VICI,,,,,,,,,,,,,,,,,,,,,,,,,,,,,,,,,,,,,,0.01,,,0.49,,,,,,,,,,,,,,,,,,,,,,,,,,,,,,,,,,,,,,,,,,,,,,,,2021-04-29,,0.5,,post-market,,,,,,,,,,,,,2.0408,,,,,,,,,,,,
2021-06-30,VICI,,,,,,,,,,,,,,,,,,,,,,,,,,,,,,,,,,,,,,0.04,,,0.5,,,,,,,,,,,,,,,,,,,,,,,,,,,,,,,,,,,,,,,,,,,,,,,,2021-07-28,,0.54,,post-market,,,,,,,,,,,,,8.0,,,,,,,,,,,,
2021-09-30,VICI,,,,,,,,,,,,,,,,,,,,,,,,,,,,,,,,,,,,,,-0.19,,,0.47,,,,,,,,,,,,,,,,,,,,,,,,,,,,,,,,,,,,,,,,,,,,,,,,2021-10-27,,0.28,,post-market,,,,,,,,,,,,,-40.4255,,,,,,,,,,,,
2021-12-31,VICI,,,,,,,,,,,,,,,,,,,,,,,,,,,,,,,,,,,,,,-0.01,,,0.45,,,,,,,,,,,,,,,,,,,,,,,,,,,,,,,,,,,,,,,,,,,,,,,,2022-02-23,,0.44,,post-market,,,,,,,,,,,,,-2.2222,,,,,,,,,,,,
2022-03-31,VICI,,,,,,,,,,,,,,,,,,,,,,,,,,,,,,,,,,,,,,-0.07,,,0.42,,,,,,,,,,,,,,,,,,,,,,,,,,,,,,,,,,,,,,,,,,,,,,,,2022-05-04,,0.35,,post-market,,,,,,,,,,,,,-16.6667,,,,,,,,,,,,
2022-06-30,VICI,,,,,,,,,,,,,,,,,,,,,,,,,,,,,,,,,,,,,,0.07,,,0.4,,,,,,,,,,,,,,,,,,,,,,,,,,,,,,,,,,,,,,,,,,,,,,,,2022-07-27,,0.47,,post-market,,,,,,,,,,,,,17.5,,,,,,,,,,,,
2022-09-30,VICI,,,,,,,,,,,,,,,,,,,,,,,,,,,,,,,,,,,,,,-0.23,,,0.57,,,,,,,,,,,,,,,,,,,,,,,,,,,,,,,,,,,,,,,,,,,,,,,,2022-10-27,,0.34,,post-market,,,,,,,,,,,,,-40.3509,,,,,,,,,,,,
2022-12-31,VICI,,,,,,,,,,,,,,,,,,,,,,,,,,,,,,,,,,,,,,0.05,,,0.58,,,,,,,,,,,,,,,,,,,,,,,,,,,,,,,,,,,,,,,,,,,,,,,,2023-02-23,,0.63,,post-market,,,,,,,,,,,,,8.6207,,,,,,,,,,,,
2023-03-31,VICI,,,,,,,,,,,,,,,,,,,,,,,,,,,,,,,,,,,,,,-0.04,,,0.56,,,,,,,,,,,,,,,,,,,,,,,,,,,,,,,,,,,,,,,,,,,,,,,,2023-05-01,,0.52,,post-market,,,,,,,,,,,,,-7.1429,,,,,,,,,,,,
2023-06-30,VICI,,,,,,,,,,,,,,,,,,,,,,,,,,,,,,,,,,,,,,0.07,,,0.62,,,,,,,,,,,,,,,,,,,,,,,,,,,,,,,,,,,,,,,,,,,,,,,,2023-07-26,,0.69,,post-market,,,,,,,,,,,,,11.2903,,,,,,,,,,,,
2023-09-30,VICI,,,,,,,,,,,,,,,,,,,,,,,,,,,,,,,,,,,,,,-0.08,,,0.63,,,,,,,,,,,,,,,,,,,,,,,,,,,,,,,,,,,,,,,,,,,,,,,,2023-10-24,,0.55,,post-market,,,,,,,,,,,,,-12.6984,,,,,,,,,,,,
2023-12-31,VICI,,,,,,,,,,,,,,,,,,,,,,,,,,,,,,,,,,,,,,0.07,,,0.65,,,,,,,,,,,,,,,,,,,,,,,,,,,,,,,,,,,,,,,,,,,,,,,,2024-02-22,,0.72,,post-market,,,,,,,,,,,,,10.7692,,,,,,,,,,,,
2024-03-31,VICI,,,,,,,,,,,,,,,,,,,,,,,,,,,,,,,,,,,,,,-0.09,,,0.66,,,,,,,,,,,,,,,,,,,,,,,,,,,,,,,,,,,,,,,,,,,,,,,,2024-05-01,,0.57,,post-market,,,,,,,,,,,,,-13.6364,,,,,,,,,,,,
2024-06-30,VICI,,,,,,,,,,,,,,,,,,,,,,,,,,,,,,,,,,,,,,0.03,,,0.68,,,,,,,,,,,,,,,,,,,,,,,,,,,,,,,,,,,,,,,,,,,,,,,,2024-07-31,,0.71,,post-market,,,,,,,,,,,,,4.4118,,,,,,,,,,,,
2024-09-30,VICI,,,,,,,,,,,,,,,,,,,,,,,,,,,,,,,,,,,,,,0.03,,,0.67,,,,,,,,,,,,,,,,,,,,,,,,,,,,,,,,,,,,,,,,,,,,,,,,2024-10-31,,0.7,,post-market,,,,,,,,,,,,,4.4776,,,,,,,,,,,,
2024-12-31,VICI,,,,,,,,,,,,,,,,,,,,,,,,,,,,,,,,,,,,,,-0.0011,,,0.675,,,,,,,,,,,,,,,,,,,,,,,,,,,,,,,,,,,,,,,,,,,,,,,,2025-02-20,,0.6739,,pre-market,,,,,,,,,,,,,-0.163,,,,,,,,,,,,
2025-03-31,VICI,,,,,,,,,,,,,,,,,,,,,,,,,,,,,,,,,,,,,,0.0115,,,0.6793,,,,,,,,,,,,,,,,,,,,,,,,,,,,,,,,,,,,,,,,,,,,,,,,2025-05-01,,0.6908,,pre-market,,,,,,,,,,,,,1.6929,,,,,,,,,,,,
2025-06-30,VICI,,,,,,,,,,,,,,,,,,,,,,,,,,,,,,,,,,,,,,0.0022,,,0.6895,,,,,,,,,,,,,,,,,,,,,,,,,,,,,,,,,,,,,,,,,,,,,,,,2025-07-29,,0.6917,,pre-market,,,,,,,,,,,,,0.3191,,,,,,,,,,,,
2025-09-30,VICI,,,,,,,,,,,,,,,,,,,,,,,,,,,,,,,,,,,,,,0.02,,,0.69,,,,,,,,,,,,,,,,,,,,,,,,,,,,,,,,,,,,,,,,,,,,,,,,2025-10-30,,0.71,,pre-market,,,,,,,,,,,,,2.8986,,,,,,,,,,,,
2025-12-28,VICI,2.63,3969078000.0,10.7,,0.714,25.89,,,,,,,,,,,,,,,,,,,,,,,,,,1.748,0.0625,,,,0.014,0.02,,,0.69,,9.74,,3932268000.0,,,,,,,,,,,,,,,,,,,0.977,,,,,,,,,,,,,1.086,7.58,,,,,,,,0.702,,,2025-10-30,,0.71,,pre-market,,,0.0501,0.104,0.044,3.749,,,,,31.6,29.41,2.8986,,,,,,,,,10.7,,33.01,26.43
2025-12-28,VICI,2.63,3969078000.0,10.7,,0.714,25.89,,,,,,,,,,,,,,,None,7702000,7702000,,,,,,None,937000,,1.748,0.0625,,,,0.014,0.02,987838000,988775000,0.69,2025-09-30,9.74,,3932268000.0,1007488000,777505000,3885000,,,None,210333000,3881000,,None,,,,,762040000,773620000,-206452000,None,0.977,,23449000,984039000,,,,,None,,,,,1.086,7.58,,,,,,,,0.702,,,2025-10-30,quarterly,0.71,USD,pre-market,None,,0.0501,0.104,0.044,3.749,16344000,,,,31.6,29.41,2.8986,,,,,,,1015190000,,10.7,,33.01,26.43
2025-12-28,VICI,2.63,3969078000.0,10.7,,0.714,25.89,,,,,,,,,,,,,,,None,6619000,6619000,,,,,,None,741000,,1.748,0.0625,,,,0.014,0.02,1097729000,1098470000,0.69,2025-06-30,9.74,,3932268000.0,994715000,883932000,5564000,,,None,213797000,2293000,,None,,,,,865079000,878368000,-211504000,None,0.977,,-107163000,1101878000,,,,,None,,,,,1.086,7.58,,,,,,,,0.702,,,2025-10-30,quarterly,0.71,USD,pre-market,None,,0.0501,0.104,0.044,3.749,14561000,,,,31.6,29.41,2.8986,,,,,,,1001334000,,10.7,,33.01,26.43
2025-12-28,VICI,2.63,3969078000.0,10.7,,0.714,25.89,,,,,,,,,,,,,,,None,6352000,6352000,,,,,,None,996000,,1.748,0.0625,,,,0.014,0.02,759060000,760056000,0.69,2025-03-31,9.74,,3932268000.0,977852000,549809000,-2456000,,,None,209251000,3697000,,None,,,,,543607000,552265000,-205554000,None,0.977,,222326000,755526000,,,,,None,,,,,1.086,7.58,,,,,,,,0.702,,,2025-10-30,quarterly,0.71,USD,pre-market,None,,0.0501,0.104,0.044,3.749,14860000,,,,31.6,29.41,2.8986,,,,,,,984204000,,10.7,,33.01,26.43
2025-12-28,VICI,2.63,3969078000.0,10.7,,0.714,25.89,,,,,,,,,,,,,,,None,6747000,6747000,,,,,,None,992000,,1.748,0.0625,,,,0.014,0.02,834773000,835765000,0.69,2024-12-31,9.74,,3932268000.0,969305000,626652000,2447000,,,None,208121000,4079000,,None,,,,,614594000,624205000,-204042000,None,0.977,,135583000,833722000,,,,,None,,,,,1.086,7.58,,,,,,,,0.702,,,2025-10-30,quarterly,0.71,USD,pre-market,None,,0.0501,0.104,0.044,3.749,20691000,,,,31.6,29.41,2.8986,,,,,,,976052000,,10.7,,33.01,26.43
2025-12-28,VICI,2.63,3969078000.0,10.7,,0.714,25.89,,,,,,,,,,,,,,,None,6824000,6824000,,,,,,None,1008000,,1.748,0.0625,,,,0.014,0.02,954259000,955267000,0.69,2024-09-30,9.74,,3932268000.0,957845000,746942000,2461000,,,None,207317000,2797000,,None,,,,,732898000,744481000,-204520000,None,0.977,,5155000,952690000,,,,,None,,,,,1.086,7.58,,,,,,,,0.702,,,2025-10-30,quarterly,0.71,USD,pre-market,None,,0.0501,0.104,0.044,3.749,16458000,,,,31.6,29.41,2.8986,,,,,,,964669000,,10.7,,33.01,26.43
2025-12-28,VICI,2.63,3969078000.0,10.7,,0.714,25.89,,,,,,,,,,,,,,,None,6813000,6813000,,,,,,None,992000,,1.748,0.0625,,,,0.014,0.02,961764000,962756000,0.69,2024-06-30,9.74,,3932268000.0,950190000,755987000,3234000,,,None,205777000,3926000,,None,,,,,741302000,752753000,-201851000,None,0.977,,-6917000,957107000,,,,,None,,,,,1.086,7.58,,,,,,,,0.702,,,2025-10-30,quarterly,0.71,USD,pre-market,None,,0.0501,0.104,0.044,3.749,15768000,,,,31.6,29.41,2.8986,,,,,,,957003000,,10.7,,33.01,26.43
2025-12-28,VICI,2.63,3969078000.0,10.7,,0.714,25.89,,,,,,,,,,,,,,,None,6511000,6511000,,,,,,None,1133000,,1.748,0.0625,,,,0.014,0.02,806247000,807380000,0.69,2024-03-31,9.74,,3932268000.0,944970000,601365000,1562000,,,None,204882000,5293000,,None,,,,,590016000,599803000,-199589000,None,0.977,,143555000,801415000,,,,,None,,,,,1.086,7.58,,,,,,,,0.702,,,2025-10-30,quarterly,0.71,USD,pre-market,None,,0.0501,0.104,0.044,3.749,16192000,,,,31.6,29.41,2.8986,,,,,,,951481000,,10.7,,33.01,26.43
2025-12-28,VICI,2.63,3969078000.0,10.7,,0.714,25.89,,,,,,,,,,,,,,,None,8215000,8215000,,,,,,None,1586000,,1.748,0.0625,,,,0.014,0.02,955125000,956711000,0.69,2023-12-31,9.74,,3932268000.0,923650000,749950000,-9771000,,,None,205175000,7776000,,None,,,,,747769000,759721000,-197399000,None,0.977,,-28170000,951820000,,,,,None,,,,,1.086,7.58,,,,,,,,0.702,,,2025-10-30,quarterly,0.71,USD,pre-market,None,,0.0501,0.104,0.044,3.749,15256000,,,,31.6,29.41,2.8986,,,,,,,931865000,,10.7,,33.01,26.43
2025-12-28,VICI,2.63,3969078000.0,10.7,,0.714,25.89,,,,,,,,,,,,,,,None,6332000,6332000,,,,,,None,1011000,,1.748,0.0625,,,,0.014,0.02,771030000,772041000,0.69,2023-09-30,9.74,,3932268000.0,897986000,566103000,644000,,,None,204927000,7341000,,None,,,,,556329000,565459000,-197586000,None,0.977,,129609000,768377000,,,,,None,,,,,1.086,7.58,,,,,,,,0.702,,,2025-10-30,quarterly,0.71,USD,pre-market,None,,0.0501,0.104,0.044,3.749,14422000,,,,31.6,29.41,2.8986,,,,,,,904318000,,10.7,,33.01,26.43
2025-12-28,VICI,2.63,3969078000.0,10.7,,0.714,25.89,,,,,,,,,,,,,,,None,6590000,6590000,,,,,,None,887000,,1.748,0.0625,,,,0.014,0.02,907074000,907961000,0.69,2023-06-30,9.74,,3932268000.0,891568000,703480000,1899000,,,None,203594000,5806000,,None,,,,,690702000,701581000,-197788000,None,0.977,,-7023000,898591000,,,,,None,,,,,1.086,7.58,,,,,,,,0.702,,,2025-10-30,quarterly,0.71,USD,pre-market,None,,0.0501,0.104,0.044,3.749,14920000,,,,31.6,29.41,2.8986,,,,,,,898158000,,10.7,,33.01,26.43
2025-12-28,VICI,2.63,3969078000.0,10.7,,0.714,25.89,,,,,,,,,,,,,,,None,5952000,5952000,,,,,,None,814000,,1.748,0.0625,,,,0.014,0.02,733308000,734122000,0.69,2023-03-31,9.74,,3932268000.0,871695000,528948000,1087000,,,None,204360000,3047000,,None,,,,,518740000,527861000,-201313000,None,0.977,,145635000,726060000,,,,,None,,,,,1.086,7.58,,,,,,,,0.702,,,2025-10-30,quarterly,0.71,USD,pre-market,None,,0.0501,0.104,0.044,3.749,15005000,,,,31.6,29.41,2.8986,,,,,,,877647000,,10.7,,33.01,26.43
2025-12-28,VICI,2.63,3969078000.0,10.7,,0.714,25.89,,,,,,,,,,,,,,,None,6272000,6272000,,,,,,None,811000,,1.748,0.0625,,,,0.014,0.02,785203000,786014000,0.69,2022-12-31,9.74,,3932268000.0,763634000,615874000,1032000,,,None,169329000,5633000,,None,,,,,604053000,614842000,-163696000,None,0.977,,2693000,760941000,,,,,None,,,,,1.086,7.58,,,,,,,,0.702,,,2025-10-30,quarterly,0.71,USD,pre-market,None,,0.0501,0.104,0.044,3.749,15029000,,,,31.6,29.41,2.8986,,,,,,,769906000,,10.7,,33.01,26.43
2025-12-28,VICI,2.63,3969078000.0,10.7,,0.714,25.89,,,,,,,,,,,,,,,None,5186000,5186000,,,,,,None,816000,,1.748,0.0625,,,,0.014,0.02,506649000,507465000,0.69,2022-09-30,9.74,,3932268000.0,746357000,337295000,417000,,,None,169354000,3024000,,None,,,,,330905000,336878000,-166330000,None,0.977,,263504000,482853000,,,,,None,,,,,1.086,7.58,,,,,,,,0.702,,,2025-10-30,quarterly,0.71,USD,pre-market,None,,0.0501,0.104,0.044,3.749,12063000,,,,31.6,29.41,2.8986,,,,,,,751543000,,10.7,,33.01,26.43
2025-12-28,VICI,2.63,3969078000.0,10.7,,0.714,25.89,,,,,,,,,,,,,,,None,5859000,5859000,,,,,,None,779000,,1.748,0.0625,,,,0.014,0.02,76014000,76793000,0.69,2022-06-30,9.74,,3932268000.0,656764000,-57114000,1027000,,,None,133128000,780000,,None,,,,,-57706000,-58141000,-132348000,None,0.977,,580000000,76764000,,,,,None,,,,,1.086,7.58,,,,,,,,0.702,,,2025-10-30,quarterly,0.71,USD,pre-market,None,,0.0501,0.104,0.044,3.749,11782000,,,,31.6,29.41,2.8986,,,,,,,662623000,,10.7,,33.01,26.43
2025-12-28,VICI,2.63,3969078000.0,10.7,,0.714,25.89,,,,,,,,,,,,,,,None,5285000,5285000,,,,,,None,776000,,1.748,0.0625,,,,0.014,0.02,311230000,312006000,0.69,2022-03-31,9.74,,3932268000.0,411340000,243088000,400000,,,None,68142000,93000,,None,,,,,240383000,242688000,-68049000,None,0.977,,99448000,311892000,,,,,None,,,,,1.086,7.58,,,,,,,,0.702,,,2025-10-30,quarterly,0.71,USD,pre-market,None,,0.0501,0.104,0.044,3.749,9466000,,,,31.6,29.41,2.8986,,,,,,,416625000,,10.7,,33.01,26.43
2025-12-28,VICI,2.63,3969078000.0,10.7,,0.714,25.89,,,,,,,,,,,,,,,None,12792000,12792000,,,,,,None,771000,,1.748,0.0625,,,,0.014,0.02,354994000,355765000,0.69,2021-12-31,9.74,,3932268000.0,370362000,284557000,759000,,,None,70437000,45000,,None,,,,,281479000,283798000,-70392000,None,0.977,,14700000,355662000,,,,,45000,,,,,1.086,7.58,,,,,,,,0.702,,,2025-10-30,quarterly,0.71,USD,pre-market,None,,0.0501,0.104,0.044,3.749,9030000,,,,31.6,29.41,2.8986,,,,,,,383154000,,10.7,,33.01,26.43
2025-12-28,VICI,2.63,3969078000.0,10.7,,0.714,25.89,,,,,,,,,,,,,,,None,5143000,5143000,,,,,,None,771000,,1.748,0.0625,,,,0.014,0.02,329671000,330442000,0.69,2021-09-30,9.74,,3932268000.0,370561000,164572000,388000,,,None,165099000,26000,,None,,,,,161862000,164184000,-165073000,None,0.977,,25117000,345444000,,,,,-15596000,,,,,1.086,7.58,,,,,,,,0.702,,,2025-10-30,quarterly,0.71,USD,pre-market,None,,0.0501,0.104,0.044,3.749,8379000,,,,31.6,29.41,2.8986,,,,,,,375704000,,10.7,,33.01,26.43
2025-12-28,VICI,2.63,3969078000.0,10.7,,0.714,25.89,,,,,,,,,,,,,,,None,5232000,5232000,,,,,,None,757000,,1.748,0.0625,,,,0.014,0.02,384139000,384896000,0.69,2021-06-30,9.74,,3932268000.0,371168000,304333000,1256000,,,None,79806000,30000,,None,,,,,300709000,303077000,-79776000,None,0.977,,-13732000,384900000,,,,,30000,,,,,1.086,7.58,,,,,,,,0.702,,,2025-10-30,quarterly,0.71,USD,pre-market,None,,0.0501,0.104,0.044,3.749,7628000,,,,31.6,29.41,2.8986,,,,,,,376400000,,10.7,,33.01,26.43
2025-12-28,VICI,2.63,3969078000.0,10.7,,0.714,25.89,,,,,,,,,,,,,,,None,4506000,4506000,,,,,,None,792000,,1.748,0.0625,,,,0.014,0.02,349631000,350423000,0.69,2021-03-31,9.74,,3932268000.0,369804000,272583000,484000,,,None,77048000,19000,,None,,,,,269801000,272099000,-77029000,None,0.977,,11471000,358333000,,,,,19000,,,,,1.086,7.58,,,,,,,,0.702,,,2025-10-30,quarterly,0.71,USD,pre-market,None,,0.0501,0.104,0.044,3.749,8085000,,,,31.6,29.41,2.8986,,,,,,,374310000,,10.7,,33.01,26.43
2025-12-28,VICI,2.63,3969078000.0,10.7,,0.714,25.89,,,,,,,,,,,,,,,None,11542000,11542000,,,,,,None,741000,,1.748,0.0625,,,,0.014,0.02,368268000,369009000,0.69,2020-12-31,9.74,,3932268000.0,361476000,290848000,436000,,,None,77420000,52000,,None,,,,,288010000,290412000,-77368000,None,0.977,,-7721000,369197000,,,,,None,,,,,1.086,7.58,,,,,,,,0.702,,,2025-10-30,quarterly,0.71,USD,pre-market,None,,0.0501,0.104,0.044,3.749,8101000,,,,31.6,29.41,2.8986,,,,,,,373018000,,10.7,,33.01,26.43
2025-12-28,VICI,2.63,3969078000.0,10.7,,0.714,25.89,,,,,,,,,,,,,,,None,11935000,11935000,,,,,,None,910000,,1.748,0.0625,,,,0.014,0.02,473249000,474159000,0.69,2020-09-30,9.74,,3932268000.0,327718000,395850000,-368000,,,None,77399000,214000,,None,,,,,398274000,396218000,-77185000,None,0.977,,188035000,139683000,,,,,None,,,,,1.086,7.58,,,,,,,,0.702,,,2025-10-30,quarterly,0.71,USD,pre-market,None,,0.0501,0.104,0.044,3.749,8047000,,,,31.6,29.41,2.8986,,,,,,,339653000,,10.7,,33.01,26.43
2025-12-28,VICI,2.63,3969078000.0,10.7,,0.714,25.89,,,,,,,,,,,,,,,None,4875000,4875000,,,,,,None,1213000,,1.748,0.0625,,,,0.014,0.02,309645000,310858000,0.69,2020-06-30,9.74,,3932268000.0,253027000,231952000,309000,,,None,77693000,1009000,,None,,,,,229402000,231643000,-76684000,None,0.977,,-55609000,308636000,,,,,None,,,,,1.086,7.58,,,,,,,,0.702,,,2025-10-30,quarterly,0.71,USD,pre-market,None,,0.0501,0.104,0.044,3.749,7498000,,,,31.6,29.41,2.8986,,,,,,,257902000,,10.7,,33.01,26.43
2025-12-28,VICI,2.63,3969078000.0,10.7,,0.714,25.89,,,,,,,,,,,,,,,None,5073000,5073000,,,,,,None,867000,,1.748,0.0625,,,,0.014,0.02,54482000,55349000,0.69,2020-03-31,9.74,,3932268000.0,249928000,-21611000,454000,,,None,76093000,5520000,,None,,,,,-24012000,-22065000,-70573000,None,0.977,,161907000,88021000,,,,,-39059000,,,,,1.086,7.58,,,,,,,,0.702,,,2025-10-30,quarterly,0.71,USD,pre-market,None,,0.0501,0.104,0.044,3.749,7015000,,,,31.6,29.41,2.8986,,,,,,,255001000,,10.7,,33.01,26.43
2025-12-28,VICI,2.63,3969078000.0,10.7,,0.714,25.89,,,,,,,,,,,,,,,None,4538000,4538000,,,,,,None,883000,,1.748,0.0625,,,,0.014,0.02,172768000,173651000,0.69,2019-12-31,9.74,,3932268000.0,232999000,101320000,607000,,,None,71448000,4153000,,None,,,,,98631000,100713000,-67295000,None,0.977,,6241000,226758000,,,,,None,,,,,1.086,7.58,,,,,,,,0.702,,,2025-10-30,quarterly,0.71,USD,pre-market,None,,0.0501,0.104,0.044,3.749,5109000,,,,31.6,29.41,2.8986,,,,,,,237537000,,10.7,,33.01,26.43
2025-12-28,VICI,2.63,3969078000.0,10.7,,0.714,25.89,,,,,,,,,,,,,,,None,5423000,5423000,,,,,,None,1000000,,1.748,0.0625,,,,0.014,0.02,215070000,216070000,0.69,2019-09-30,9.74,,3932268000.0,217090000,146539000,24000,,,None,68531000,6690000,,None,,,,,144435000,146515000,-61841000,None,0.977,,8710000,208380000,,,,,None,,,,,1.086,7.58,,,,,,,,0.702,,,2025-10-30,quarterly,0.71,USD,pre-market,None,,0.0501,0.104,0.044,3.749,6717000,,,,31.6,29.41,2.8986,,,,,,,222513000,,10.7,,33.01,26.43
2025-12-28,VICI,2.63,3969078000.0,10.7,,0.714,25.89,,,,,,,,,,,,,,,None,4848000,4848000,,,,,,None,1018000,,1.748,0.0625,,,,0.014,0.02,209499000,210517000,0.69,2019-06-30,9.74,,3932268000.0,215898000,154680000,553000,,,None,54819000,4004000,,None,,,,,152049000,154127000,-50815000,None,0.977,,10403000,205495000,,,,,None,,,,,1.086,7.58,,,,,,,,0.702,,,2025-10-30,quarterly,0.71,USD,pre-market,None,,0.0501,0.104,0.044,3.749,6518000,,,,31.6,29.41,2.8986,,,,,,,220746000,,10.7,,33.01,26.43
2025-12-28,VICI,2.63,3969078000.0,10.7,,0.714,25.89,,,,,,,,,,,,,,,None,4092000,4092000,,,,,,None,930000,,1.748,0.0625,,,,0.014,0.02,207033000,207963000,0.69,2019-03-31,9.74,,3932268000.0,209910000,153447000,521000,,,None,53586000,48419000,,None,,,,,150849000,152926000,-48419000,None,0.977,,8044000,201866000,,,,,None,,,,,1.086,7.58,,,,,,,,0.702,,,2025-10-30,quarterly,0.71,USD,pre-market,None,,0.0501,0.104,0.044,3.749,6225000,,,,31.6,29.41,2.8986,,,,,,,214002000,,10.7,,33.01,26.43
2025-12-28,VICI,2.63,3969078000.0,10.7,,0.714,25.89,,,,,,,,,,,,,,,None,24751000,24751000,,,,,,None,929000,,1.748,0.0625,,,,0.014,0.02,199485000,200414000,0.69,2018-12-31,9.74,,3932268000.0,201288000,145188000,557000,,,None,54297000,None,,None,,,,,142541000,144630000,None,None,0.977,,5606000,195682000,,,,,None,,,,,1.086,7.58,,,,,,,,0.702,,,2025-10-30,quarterly,0.71,USD,pre-market,0,,0.0501,0.104,0.044,3.749,4283000,,,,31.6,29.41,2.8986,,,,,,,226039000,,10.7,,33.01,26.43
2025-12-28,VICI,2.63,3969078000.0,10.7,,0.714,25.89,,,,,,,,,,,,,,,None,29646000,29646000,,,,,,None,929000,,1.748,0.0625,,,,0.014,0.02,186127000,187056000,0.69,2018-09-30,9.74,,3932268000.0,203041000,132076000,52000,,,None,54051000,None,,None,,,,,129912000,132024000,None,None,0.977,,18941000,184100000,,,,,None,,,,,1.086,7.58,,,,,,,,0.702,,,2025-10-30,quarterly,0.71,USD,pre-market,0,,0.0501,0.104,0.044,3.749,5678000,,,,31.6,29.41,2.8986,,,,,,,232687000,,10.7,,33.01,26.43
2025-12-28,VICI,2.63,3969078000.0,10.7,,0.714,25.89,,,,,,,,,,,,,,,None,23445000,23445000,,,,,,None,922000,,1.748,0.0625,,,,0.014,0.02,193247000,194169000,0.69,2018-06-30,9.74,,3932268000.0,197530000,141807000,448000,,,None,51440000,None,,None,,,,,139044000,141359000,None,None,0.977,,8082000,189448000,,,,,None,,,,,1.086,7.58,,,,,,,,0.702,,,2025-10-30,quarterly,0.71,USD,pre-market,0,,0.0501,0.104,0.044,3.749,7160000,,,,31.6,29.41,2.8986,,,,,,,220975000,,10.7,,33.01,26.43
2025-12-28,VICI,2.63,3969078000.0,10.7,,0.714,25.89,,,,,,,,,,,,,,,None,21338000,21338000,,,,,,None,906000,,1.748,0.0625,,,,0.014,0.02,167362000,168268000,0.69,2018-03-31,9.74,,3932268000.0,196938000,114487000,384000,,,None,52875000,None,,None,,,,,112122000,114103000,None,None,0.977,,8214000,188724000,,,,,-23040000,,,,,1.086,7.58,,,,,,,,0.702,,,2025-10-30,quarterly,0.71,USD,pre-market,0,,0.0501,0.104,0.044,3.749,7308000,,,,31.6,29.41,2.8986,,,,,,,218276000,,10.7,,33.01,26.43
2025-12-28,VICI,2.63,3969078000.0,10.7,,0.714,25.89,,,,,,,,,,,,,,,None,23684000,23684000,,,,,,None,751000,,1.748,0.0625,,,,0.014,0.02,105990000,106741000,0.69,2017-12-31,9.74,,3932268000.0,163925000,42636000,-1901000,,,None,63354000,None,,None,,,,,42662000,44537000,None,None,0.977,,19729000,144196000,,,,,None,,,,,1.086,7.58,,,,,,,,0.702,,,2025-10-30,quarterly,0.71,USD,pre-market,0,,0.0501,0.104,0.044,3.749,9939000,,,,31.6,29.41,2.8986,,,,,,,187609000,,10.7,,33.01,26.43
2025-12-28,VICI,2.63,3969078000.0,10.7,,0.714,25.89,,,,,,,,,,,,,,,None,3008000,3008000,,,,,,None,801000,,1.748,0.0625,,,,0.014,0.02,0,801000,0.69,2017-09-30,9.74,,3932268000.0,1094000,42636000,0,,,None,63354000,None,,None,,,,,0,44537000,None,None,0.977,,1094000,801000,,,,,None,,,,,1.086,7.58,,,,,,,,0.702,,,2025-10-30,quarterly,0.71,USD,pre-market,0,,0.0501,0.104,0.044,3.749,293000,,,,31.6,29.41,2.8986,,,,,,,4102000,,10.7,,33.01,26.43
2025-12-28,VICI,2.63,3969078000.0,10.7,,0.714,25.89,,,,,,,,,,,,,,,None,3798000,3798000,,,,,,None,796000,,1.748,0.0625,,,,0.014,0.02,0,796000,0.69,2017-06-30,9.74,,3932268000.0,1294000,-85272000,0,,,None,126708000,None,,None,,,,,0,-89074000,None,None,0.977,,1294000,796000,,,,,None,,,,,1.086,7.58,,,,,,,,0.702,,,2025-10-30,quarterly,0.71,USD,pre-market,0,,0.0501,0.104,0.044,3.749,498000,,,,31.6,29.41,2.8986,,,,,,,5092000,,10.7,,33.01,26.43
2025-12-28,VICI,2.63,3969078000.0,10.7,,0.714,25.89,,,,,,,,,,,,,,,None,3278000,3278000,,,,,,None,805000,,1.748,0.0625,,,,0.014,0.02,0,805000,0.69,2017-03-31,9.74,,3932268000.0,1355000,42636000,0,,,None,63354000,None,,None,,,,,0,44537000,None,None,0.977,,550000,805000,,,,,None,,,,,1.086,7.58,,,,,,,,0.702,,,2025-10-30,quarterly,0.71,USD,pre-market,0,,0.0501,0.104,0.044,3.749,550000,,,,31.6,29.41,2.8986,,,,,,,4633000,,10.7,,33.01,26.43
2025-12-28,VICI,2.63,3969078000.0,10.7,,0.714,25.89,,,,,,,,,,,,,,,None,3579000,3579000,,,,,,None,803000,,1.748,0.0625,,,,0.014,0.02,1000,804000,0.69,2016-12-31,9.74,,3932268000.0,1244000,77000,None,,,None,1000,None,,None,,,,,77000,None,None,None,0.977,,1243000,1000,,,,,None,,,,,1.086,7.58,,,,,,,,0.702,,,2025-10-30,quarterly,0.71,USD,pre-market,None,,0.0501,0.104,0.044,3.749,440000,,,,31.6,29.41,2.8986,,,,,,,4823000,,10.7,,33.01,26.43
2025-12-28,VICI,2.63,3969078000.0,10.7,,0.714,25.89,,,,,,,,,,,,,,,None,3047000,3047000,,,,,,None,776000,,1.748,0.0625,,,,0.014,0.02,1000,777000,0.69,2016-09-30,9.74,,3932268000.0,1236000,None,None,,,None,1000,None,,None,,,,,None,None,None,None,0.977,,1235000,1000,,,,,None,,,,,1.086,7.58,,,,,,,,0.702,,,2025-10-30,quarterly,0.71,USD,pre-market,None,,0.0501,0.104,0.044,3.749,459000,,,,31.6,29.41,2.8986,,,,,,,4283000,,10.7,,33.01,26.43
2025-12-28,VICI,2.63,3969078000.0,10.7,,0.714,25.89,,,,,,,,,,,,,,,None,3716000,3716000,,,,,,None,725000,,1.748,0.0625,,,,0.014,0.02,2000,727000,0.69,2016-06-30,9.74,,3932268000.0,1328000,None,None,,,None,None,None,,None,,,,,None,None,None,None,0.977,,1326000,2000,,,,,None,,,,,1.086,7.58,,,,,,,,0.702,,,2025-10-30,quarterly,0.71,None,pre-market,None,,0.0501,0.104,0.044,3.749,601000,,,,31.6,29.41,2.8986,,,,,,,5044000,,10.7,,33.01,26.43
2025-12-28,VICI,2.63,3969078000.0,10.7,,0.714,25.89,,,,,,,,,,,,,,,None,3397000,3397000,,,,,,None,726000,,1.748,0.0625,,,,0.014,0.02,3000,729000,0.69,2016-03-31,9.74,,3932268000.0,1238000,None,None,,,None,None,None,,None,,,,,None,None,None,None,0.977,,1235000,3000,,,,,None,,,,,1.086,7.58,,,,,,,,0.702,,,2025-10-30,quarterly,0.71,None,pre-market,None,,0.0501,0.104,0.044,3.749,509000,,,,31.6,29.41,2.8986,,,,,,,4635000,,10.7,,33.01,26.43
2025-12-28,VICI,2.63,3969078000.0,10.7,,0.714,25.89,,,,,,,,,,,,,,,None,26895000,26895000,,,,,,None,4125000,,1.748,0.0625,,,,0.014,0.02,3557043000,3561168000,0.69,2024-12-31,9.74,,3932268000.0,3822310000,2730946000,9704000,,,None,826097000,16095000,,None,,,,,2678810000,2721242000,-810002000,None,0.977,,277376000,3544934000,,,,,None,,,,,1.086,7.58,,,,,,,,0.702,,,2025-10-30,annual,0.71,USD,pre-market,None,,0.0501,0.104,0.044,3.749,69109000,,,,31.6,29.41,2.8986,,,,,,,3849205000,,10.7,,33.01,26.43
2025-12-28,VICI,2.63,3969078000.0,10.7,,0.714,25.89,,,,,,,,,,,,,,,None,27089000,27089000,,,,,,None,4298000,,1.748,0.0625,,,,0.014,0.02,3366537000,3370835000,0.69,2023-12-31,9.74,,3932268000.0,3584899000,2548481000,-6141000,,,None,818056000,23970000,,None,,,,,2513540000,2554622000,-794086000,None,0.977,,240051000,3344848000,,,,,None,,,,,1.086,7.58,,,,,,,,0.702,,,2025-10-30,annual,0.71,USD,pre-market,0.71,,0.0501,0.104,0.044,3.749,59603000,,,,31.6,29.41,2.8986,,,,,,,3611988000,,10.7,,33.01,26.43
2025-12-28,VICI,2.63,3969078000.0,10.7,,0.714,25.89,,,,,,,,,,,,,,,None,22602000,22602000,,,,,,None,3182000,,1.748,0.0625,,,,0.014,0.02,1679096000,1682278000,0.69,2022-12-31,9.74,,3932268000.0,2578095000,1139143000,2876000,,,None,539953000,9530000,,None,,,,,1117635000,1136267000,-530423000,None,0.977,,945645000,1632450000,,,,,None,,,,,1.086,7.58,,,,,,,,0.702,,,2025-10-30,annual,0.71,USD,pre-market,0.44,,0.0501,0.104,0.044,3.749,48340000,,,,31.6,29.41,2.8986,,,,,,,2600697000,,10.7,,33.01,26.43
2025-12-28,VICI,2.63,3969078000.0,10.7,,0.714,25.89,,,,,,,,,,,,,,,None,20762000,20762000,,,,,,None,3091000,,1.748,0.0625,,,,0.014,0.02,1418435000,1421526000,0.69,2021-12-31,9.74,,3932268000.0,1488806000,1026045000,2887000,,,None,392390000,120000,,None,,,,,1013851000,1023158000,-392270000,None,0.977,,44467000,1444339000,,,,,-15502000,,,,,1.086,7.58,,,,,,,,0.702,,,2025-10-30,annual,0.71,USD,pre-market,0.68,,0.0501,0.104,0.044,3.749,33122000,,,,31.6,29.41,2.8986,,,,,,,1509568000,,10.7,,33.01,26.43
2025-12-28,VICI,2.63,3969078000.0,10.7,,0.714,25.89,,,,,,,,,,,,,,,None,33425000,33425000,,,,,,None,3731000,,1.748,0.0625,,,,0.014,0.02,1205644000,1209375000,0.69,2020-12-31,9.74,,3932268000.0,1192149000,897039000,831000,,,None,308605000,6795000,,None,,,,,891674000,896208000,-301810000,None,0.977,,278909000,913240000,,,,,-39059000,,,,,1.086,7.58,,,,,,,,0.702,,,2025-10-30,annual,0.71,USD,pre-market,0.73,,0.0501,0.104,0.044,3.749,30661000,,,,31.6,29.41,2.8986,,,,,,,1225574000,,10.7,,33.01,26.43
2025-12-28,VICI,2.63,3969078000.0,10.7,,0.714,25.89,,,,,,,,,,,,,,,None,18901000,18901000,,,,,,None,3831000,,1.748,0.0625,,,,0.014,0.02,804370000,808201000,0.69,2019-12-31,9.74,,3932268000.0,875897000,555986000,1705000,,,None,248384000,20014000,,None,,,,,545964000,554281000,-228370000,None,0.977,,33398000,842499000,,,,,-58143000,,,,,1.086,7.58,,,,,,,,0.702,,,2025-10-30,annual,0.71,USD,pre-market,0.62,,0.0501,0.104,0.044,3.749,24569000,,,,31.6,29.41,2.8986,,,,,,,894798000,,10.7,,33.01,26.43
2025-12-28,VICI,2.63,3969078000.0,10.7,,0.714,25.89,,,,,,,,,,,,,,,None,99181000,99181000,,,,,,None,3686000,,1.748,0.0625,,,,0.014,0.02,746221000,749907000,0.69,2018-12-31,9.74,,3932268000.0,798796000,533558000,1441000,,,None,212663000,11307000,,None,,,,,523619000,532117000,-201356000,None,0.977,,40842000,757954000,,,,,-23040000,,,,,1.086,7.58,,,,,,,,0.702,,,2025-10-30,annual,0.71,USD,pre-market,0.59,,0.0501,0.104,0.044,3.749,24429000,,,,31.6,29.41,2.8986,,,,,,,897977000,,10.7,,33.01,26.43
2025-12-28,VICI,2.63,3969078000.0,10.7,,0.714,25.89,,,,,,,,,,,,,,,None,33768000,33768000,,,,,,None,3153000,,1.748,0.0625,,,,0.014,0.02,105990000,109143000,0.69,2017-12-31,9.74,,3932268000.0,167668000,42636000,-1901000,,,None,63354000,63072000,,None,,,,,42662000,44537000,-63072000,None,0.977,,23472000,144196000,,,,,-38488000,,,,,1.086,7.58,,,,,,,,0.702,,,2025-10-30,annual,0.71,USD,pre-market,0.23,,0.0501,0.104,0.044,3.749,11280000,,,,31.6,29.41,2.8986,,,,,,,201436000,,10.7,,33.01,26.43
2025-12-28,VICI,2.63,3969078000.0,10.7,,0.714,25.89,,,,,,,,,,,,,,,None,13739000,13739000,,,,,,None,3030000,,1.748,0.0625,,,,0.014,0.02,7000,3037000,0.69,2016-12-31,9.74,,3932268000.0,5046000,3037000,7000,,,None,7000,None,,None,,,,,3030000,0,-7000,None,0.977,,5039000,7000,,,,,None,,,,,1.086,7.58,,,,,,,,0.702,,,2025-10-30,annual,0.71,USD,pre-market,None,,0.0501,0.104,0.044,3.749,1891000,,,,31.6,29.41,2.8986,,,,,,,18785000,,10.7,,33.01,26.43
2025-12-28,VICI,2.63,3969078000.0,10.7,,0.714,25.89,,,,,,,,,,,,,,,None,13417000,13417000,,,,,,None,2882000,,1.748,0.0625,,,,0.014,0.02,18000,2900000,0.69,2015-12-31,9.74,,3932268000.0,4660000,42636000,-3000,,,None,18000,None,,None,,,,,3000,3000,None,None,0.977,,4642000,18000,,,,,None,,,,,1.086,7.58,,,,,,,,0.702,,,2025-10-30,annual,0.71,USD,pre-market,None,,0.0501,0.104,0.044,3.749,1686000,,,,31.6,29.41,2.8986,,,,,,,18077000,,10.7,,33.01,26.43
2025-12-28,VICI,2.63,3969078000.0,10.7,,0.714,25.89,,,,,,,,,,,,,,,None,14067000,14067000,,,,,,None,2904000,,1.748,0.0625,,,,0.014,0.02,39000,2943000,0.69,2014-12-31,9.74,,3932268000.0,4841000,42636000,-4000,,,None,39000,None,,None,,,,,4000,4000,None,None,0.977,,4802000,39000,,,,,None,,,,,1.086,7.58,,,,,,,,0.702,,,2025-10-30,annual,0.71,USD,pre-market,None,,0.0501,0.104,0.044,3.749,1808000,,,,31.6,29.41,2.8986,,,,,,,18908000,,10.7,,33.01,26.43
2025-12-28,VICI,2.63,3969078000.0,10.7,None,0.714,25.89,,917497000,507503000,507503000,,,,,,,,,10688000,1068369218,None,14067000,14067000,None,None,None,21030381000,None,None,2904000,,1.748,0.0625,,,,0.014,0.02,39000,2943000,0.69,2025-09-30,9.74,None,3932268000.0,4841000,42636000,-4000,None,None,None,39000,None,None,None,None,16762660000,None,81359000,4000,4000,None,None,0.977,,4802000,39000,2612000,668909000,None,250000,None,,,,,1.086,7.58,,,,,,,,0.702,,None,2025-10-30,quarterly,0.71,USD,pre-market,None,2643251000,0.0501,0.104,0.044,3.749,1808000,17680157000,17802000,None,31.6,29.41,2.8986,46535840000,21540496000,668909000,18438562000,24995344000,17769653000,18908000,27673589000,10.7,None,33.01,26.43
2025-12-28,VICI,2.63,3969078000.0,10.7,None,0.714,25.89,,915898000,232983000,232983000,,,,,,,,,10567000,1057270580,None,14067000,14067000,None,None,None,20899999000,None,None,2904000,,1.748,0.0625,,,,0.014,0.02,39000,2943000,0.69,2025-06-30,9.74,None,3932268000.0,4841000,42636000,-4000,None,None,None,39000,None,None,None,None,16922273000,None,81688000,4000,4000,None,None,0.977,,4802000,39000,3036000,681927000,None,250000,None,,,,,1.086,7.58,,,,,,,,0.702,,None,2025-10-30,quarterly,0.71,USD,pre-market,None,2362176000,0.0501,0.104,0.044,3.749,1808000,17838171000,37278000,None,31.6,29.41,2.8986,46054023000,21136018000,681927000,18609911000,24918005000,17927984000,18908000,27024451000,10.7,None,33.01,26.43
2025-12-28,VICI,2.63,3969078000.0,10.7,None,0.714,25.89,,917275000,334317000,334317000,,,,,,,,,10567000,1056433000,None,14067000,14067000,None,None,None,20433993000,None,None,2904000,,1.748,0.0625,,,,0.014,0.02,39000,2943000,0.69,2025-03-31,9.74,None,3932268000.0,4841000,42636000,-4000,None,None,None,39000,None,None,None,None,16847001000,None,82033000,4000,4000,None,None,0.977,,4802000,39000,4383000,653640000,None,250000,None,,,,,1.086,7.58,,,,,,,,0.702,,None,2025-10-30,quarterly,0.71,USD,pre-market,None,1954124000,0.0501,0.104,0.044,3.749,1808000,17764276000,1353544000,None,31.6,29.41,2.8986,45526064000,20772693000,653640000,18503399000,24753371000,17849759000,18908000,26609169000,10.7,None,33.01,26.43
2025-12-28,VICI,2.63,3969078000.0,10.7,None,0.714,25.89,,917196000,524615000,524615000,,,,,,,,,10564000,1055808000,None,14067000,14067000,None,None,None,18451732000,None,None,2904000,,1.748,0.0625,,,,0.014,0.02,39000,2943000,0.69,2024-12-31,9.74,None,3932268000.0,4841000,42636000,-4000,None,None,None,39000,None,None,None,None,16732889000,None,None,4000,4000,None,None,0.977,,4802000,39000,4534000,679910000,None,250000,None,,,,,1.086,7.58,,,,,,,,0.702,,None,2025-10-30,quarterly,0.71,USD,pre-market,None,1867400000,0.0501,0.104,0.044,3.749,1808000,17650085000,1369264000,None,31.6,29.41,2.8986,45368940000,18980881000,679910000,18417139000,26388059000,17737229000,18908000,26537955000,10.7,None,33.01,26.43
2025-12-28,VICI,2.63,3969078000.0,10.7,None,0.714,25.89,,904050000,355667000,355667000,,,,,,,,,10472000,1048338348,None,14067000,14067000,None,None,None,18436730000,None,None,2904000,,1.748,0.0625,,,,0.014,0.02,39000,2943000,0.69,2024-09-30,9.74,None,3932268000.0,4841000,42636000,-4000,None,None,None,39000,None,None,None,None,16743584000,None,None,4000,4000,None,None,0.977,,4802000,39000,5237000,652178000,None,250000,None,,,,,1.086,7.58,,,,,,,,0.702,,None,2025-10-30,quarterly,0.71,USD,pre-market,None,1711277000,0.0501,0.104,0.044,3.749,1808000,17647634000,17576000,None,31.6,29.41,2.8986,44918106000,18797634000,652178000,18395034000,26120472000,17742856000,18908000,26111294000,10.7,None,33.01,26.43
2025-12-28,VICI,2.63,3969078000.0,10.7,None,0.714,25.89,,907078000,347160000,347160000,,,,,,,,,10432000,1042959627,None,14067000,14067000,-249276000,None,None,18366446000,None,None,2904000,,1.748,0.0625,,,,0.014,0.02,39000,2943000,0.69,2024-06-30,9.74,None,3932268000.0,4841000,42636000,-4000,None,None,None,39000,None,1,None,None,16727361000,None,None,4000,4000,None,None,0.977,,4802000,39000,6898000,653474000,None,250000,None,,,,,1.086,7.58,,,,,,,,0.702,,None,2025-10-30,quarterly,0.71,USD,pre-market,None,1431264000,0.0501,0.104,0.044,3.749,1808000,17634439000,33587000,None,31.6,29.41,2.8986,44511250000,18720504000,653474000,18384937000,25790746000,17731463000,18908000,25718896000,10.7,None,33.01,26.43
2025-12-28,VICI,2.63,3969078000.0,10.7,None,0.714,25.89,,902553000,485318000,485318000,,,,,,,,,10431000,1043311636,None,14067000,14067000,-49397000,None,None,18294226000,None,None,2904000,,1.748,0.0625,,,,0.014,0.02,39000,2943000,0.69,2024-03-31,9.74,None,3932268000.0,4841000,42636000,-4000,None,None,None,39000,None,546869000,None,None,16711739000,None,None,4000,4000,None,None,0.977,,4802000,39000,4458000,624322000,None,250000,None,,,,,1.086,7.58,,,,,,,,0.702,,None,2025-10-30,quarterly,0.71,USD,pre-market,None,1122878000,0.0501,0.104,0.044,3.749,1808000,17614292000,49397000,29579000,31.6,29.41,2.8986,44157873000,18813581000,624322000,18339315000,25344292000,17714993000,18908000,25414824000,10.7,None,33.01,26.43
2025-12-28,VICI,2.63,3969078000.0,10.7,None,0.714,25.89,,904397000,522574000,522574000,,,,,,,,,10427000,1037834051,None,14067000,14067000,-227241000,None,None,18236349000,None,None,2904000,,1.748,0.0625,,,,0.014,0.02,39000,2943000,0.69,2023-12-31,9.74,None,3932268000.0,4841000,42636000,-4000,None,None,None,39000,None,552549000,None,None,16724125000,None,0,4000,4000,None,None,0.977,,4802000,39000,4728000,660555000,None,250000,None,,,,,1.086,7.58,,,,,,,,0.702,,None,2025-10-30,quarterly,0.71,USD,pre-market,None,965762000,0.0501,0.104,0.044,3.749,1808000,17628522000,1051280000,1563000,31.6,29.41,2.8986,44059841000,18763651000,664840000,18402067000,25296190000,17737227000,18908000,25255931000,10.7,None,33.01,26.43
2025-12-28,VICI,2.63,3969078000.0,10.7,None,0.714,25.89,,846230000,510884000,510884000,,,,,,,,,10168000,1013589640,None,14067000,14067000,-14700000,None,None,17365232000,None,None,2904000,,1.748,0.0625,,,,0.014,0.02,39000,2943000,0.69,2023-09-30,9.74,None,3932268000.0,4841000,42636000,-4000,None,None,None,39000,None,0,None,None,16692728000,None,973217000,4000,4000,None,None,0.977,,4802000,39000,3685000,649291000,None,250000,None,,,,,1.086,7.58,,,,,,,,0.702,,257170000,2025-10-30,quarterly,0.71,USD,pre-market,None,652402000,0.0501,0.104,0.044,3.749,1808000,17538958000,14700000,20289000,31.6,29.41,2.8986,42832149000,17879801000,649291000,18296467000,24952348000,17647176000,18908000,24164951000,10.7,None,33.01,26.43
2025-12-28,VICI,2.63,3969078000.0,10.7,None,0.714,25.89,,826283000,738793000,738793000,,,,,,,,,10074000,1007968422,None,14067000,14067000,-30206000,None,None,17167005000,None,None,2904000,,1.748,0.0625,,,,0.014,0.02,39000,2943000,0.69,2023-06-30,9.74,None,3932268000.0,4841000,42636000,-4000,None,None,None,39000,None,-1310000,None,None,16624197000,None,627259000,4000,4000,None,None,0.977,,4802000,39000,5172000,608014000,None,933824000,None,,,,,1.086,7.58,,,,,,,,0.702,,150727000,2025-10-30,quarterly,0.71,USD,pre-market,None,518059000,0.0501,0.104,0.044,3.749,1808000,17450480000,30206000,1310000,31.6,29.41,2.8986,42250610000,17910970000,608014000,18166035000,24339640000,17558021000,18908000,23716716000,10.7,None,33.01,26.43
2025-12-28,VICI,2.63,3969078000.0,10.7,None,0.714,25.89,,827784000,247673000,247673000,,,,,,,,,10042000,1003831325,None,14067000,14067000,617495000,None,103572000,17937711000,None,None,2904000,,1.748,0.0625,,,,0.014,0.02,39000,2943000,0.69,2023-03-31,9.74,None,3932268000.0,4841000,42636000,-4000,None,None,None,39000,None,1,None,None,16606240000,None,0,4000,4000,None,None,0.977,,4802000,39000,-268180000,292640000,None,954543000,None,,,,,1.086,7.58,,,,,,,,0.702,,153560000,2025-10-30,quarterly,0.71,USD,pre-market,None,220254000,0.0501,0.104,0.044,3.749,1808000,16709812000,103572000,0,31.6,29.41,2.8986,41852813000,18185384000,617495000,18178278000,23667429000,17560783000,18908000,23311246000,10.7,None,33.01,26.43
2025-12-28,VICI,2.63,3969078000.0,10.7,None,0.714,25.89,,829298000,208933000,208933000,,,,,,,,,9631000,965299406,None,14067000,14067000,-58769000,None,None,17426563000,None,None,2904000,,1.748,0.0625,,,,0.014,0.02,39000,2943000,0.69,2022-12-31,9.74,None,3932268000.0,4841000,42636000,-4000,None,None,None,39000,None,-7348000,None,None,13739675000,None,1460775000,4000,4000,None,None,0.977,,4802000,39000,7348000,380178000,None,952472000,None,,,,,1.086,7.58,,,,,,,,0.702,,153560000,2025-10-30,quarterly,0.71,USD,pre-market,None,93154000,0.0501,0.104,0.044,3.749,1808000,13798444000,58769000,217342000,31.6,29.41,2.8986,37575826000,17852838000,593566000,15285713000,19722988000,14692147000,18908000,21933637000,10.7,None,33.01,26.43
2025-12-28,VICI,2.63,3969078000.0,10.7,None,0.714,25.89,,830801000,518383000,518383000,,,,,,,,,9631000,964134340,None,14067000,14067000,-14281000,None,None,16458712000,None,None,2904000,,1.748,0.0625,,,,0.014,0.02,39000,2943000,0.69,2022-09-30,9.74,None,3932268000.0,4841000,42636000,-4000,None,None,None,39000,None,2,None,None,13730503000,None,1463230000,4000,4000,None,None,0.977,,4802000,39000,5903000,583062000,None,932120000,None,,,,,1.086,7.58,,,,,,,,0.702,,153560000,2025-10-30,quarterly,0.71,USD,pre-market,None,-133311000,0.0501,0.104,0.044,3.749,1808000,14561304000,14281000,207722000,31.6,29.41,2.8986,37307982000,17190720000,583062000,15245685000,20117262000,14662623000,18908000,21709579000,10.7,None,33.01,26.43
2025-12-28,VICI,2.63,3969078000.0,10.7,None,0.714,25.89,,836861000,614001000,614001000,,,,,,,,,9631000,896545880,None,14067000,14067000,-33206000,None,None,16505695000,None,None,2904000,,1.748,0.0625,,,,0.014,0.02,39000,2943000,0.69,2022-06-30,9.74,None,3932268000.0,4841000,42636000,-4000,None,None,None,39000,None,None,None,None,13721500000,None,1464766000,4000,4000,None,None,0.977,,4802000,39000,6665000,520260000,None,932570000,None,,,,,1.086,7.58,,,,,,,,0.702,,153576000,2025-10-30,quarterly,0.71,USD,pre-market,None,-88610000,0.0501,0.104,0.044,3.749,1808000,14558361000,33206000,17075857000,31.6,29.41,2.8986,37289217000,17126361000,520260000,15174330000,20162856000,14654070000,18908000,21762494000,10.7,None,33.01,26.43
2025-12-28,VICI,2.63,3969078000.0,10.7,None,0.714,25.89,,505441000,568702000,568702000,,,,,,,,,7484000,687914683,None,14067000,14067000,-99062000,None,600000000,3174072000,None,None,2904000,,1.748,0.0625,,,,0.014,0.02,39000,2943000,0.69,2022-03-31,9.74,None,3932268000.0,4841000,42636000,-4000,None,None,None,39000,None,-109495000,None,None,5297014000,None,None,4000,4000,None,None,0.977,,4802000,39000,3460000,368338000,None,592183000,None,,,,,1.086,7.58,,,,,,,,0.702,,153576000,2025-10-30,quarterly,0.71,USD,pre-market,None,315809000,0.0501,0.104,0.044,3.749,1808000,5897014000,600000000,17113699000,31.6,29.41,2.8986,21741321000,3746234000,968338000,6257535000,17995087000,5289197000,18908000,15404678000,10.7,None,33.01,26.43
2025-12-28,VICI,2.63,3969078000.0,10.7,None,0.714,25.89,,297321000,739614000,739614000,,,,,,,,,6289000,637407750,None,14067000,14067000,57543000,None,None,3142826000,None,None,2904000,,1.748,0.0625,,,,0.014,0.02,39000,2943000,0.69,2021-12-31,9.74,None,3932268000.0,4841000,42636000,-4000,None,None,None,39000,None,-3660000,None,None,4694523000,None,None,4000,4000,None,None,0.977,,4802000,39000,3660000,226309000,None,375837000,None,,,,,1.086,7.58,,,,,,,,0.702,,153576000,2025-10-30,quarterly,0.71,USD,pre-market,None,346026000,0.0501,0.104,0.044,3.749,1808000,5031983000,337460000,8780521000,31.6,29.41,2.8986,17597373000,3882440000,339839000,5410199000,13714933000,5070360000,18908000,12108268000,10.7,None,33.01,26.43
2025-12-28,VICI,2.63,3969078000.0,10.7,None,0.714,25.89,,297758000,669514000,669514000,,,,,,,,,6289000,571894545,None,14067000,14067000,514000,None,None,3171304000,None,None,2904000,,1.748,0.0625,,,,0.014,0.02,39000,2943000,0.69,2021-09-30,9.74,None,3932268000.0,4841000,42636000,-4000,None,None,None,39000,None,None,None,None,4692032000,None,None,4000,4000,None,None,0.977,,4802000,39000,3190000,344358000,None,1309000,None,,,,,1.086,7.58,,,,,,,,0.702,,153576000,2025-10-30,quarterly,0.71,USD,pre-market,None,290966000,0.0501,0.104,0.044,3.749,1808000,4989790000,4692032000,13124209000,31.6,29.41,2.8986,17548804000,3844008000,345333000,5420018000,13704796000,5074685000,18908000,12050107000,10.7,None,33.01,26.43
2025-12-28,VICI,2.63,3969078000.0,10.7,None,0.714,25.89,,301166000,407522000,407522000,,,,,,,,,5370000,554438981,None,14067000,14067000,390000,None,None,3159317000,None,None,2904000,,1.748,0.0625,,,,0.014,0.02,39000,2943000,0.69,2021-06-30,9.74,None,3932268000.0,4841000,42636000,-4000,None,None,None,39000,None,None,None,None,6772903000,None,None,4000,4000,None,None,0.977,,4802000,39000,4357000,255997000,None,1725000,None,,,,,1.086,7.58,,,,,,,,0.702,,243605000,2025-10-30,quarterly,0.71,USD,pre-market,None,355524000,0.0501,0.104,0.044,3.749,1808000,10941862000,4168959000,19973000,31.6,29.41,2.8986,17219548000,3571196000,256739000,7484479000,13648352000,7227740000,18908000,9656640000,10.7,None,33.01,26.43
2025-12-28,VICI,2.63,3969078000.0,10.7,None,0.714,25.89,,301527000,322530000,322530000,,,,,,,,,5370000,544801802,None,14067000,14067000,249000,None,None,3152213000,None,None,2904000,,1.748,0.0625,,,,0.014,0.02,39000,2943000,0.69,2021-03-31,9.74,None,3932268000.0,4841000,42636000,-4000,None,None,None,39000,None,None,None,None,6769211000,None,None,4000,4000,None,None,0.977,,4802000,39000,2682000,254356000,None,418334000,None,,,,,1.086,7.58,,,,,,,,0.702,,244939000,2025-10-30,quarterly,0.71,USD,pre-market,None,232038000,0.0501,0.104,0.044,3.749,1808000,7070738000,6769211000,0,31.6,29.41,2.8986,17085001000,3477425000,255098000,7485309000,13607576000,7230211000,18908000,9521559000,10.7,None,33.01,26.43
2025-12-28,VICI,2.63,3969078000.0,10.7,None,0.714,25.89,,301883000,315993000,315993000,,,,,,,,,5367000,541935681,None,14067000,14067000,734000,None,None,3155283000,None,None,2904000,,1.748,0.0625,,,,0.014,0.02,39000,2943000,0.69,2020-12-31,9.74,None,3932268000.0,4841000,42636000,-4000,None,None,None,39000,None,-2710000,None,None,6765532000,None,None,4000,4000,None,None,0.977,,4802000,39000,2710000,229932000,None,507322000,None,,,,,1.086,7.58,,,,,,,,0.702,,158190000,2025-10-30,quarterly,0.71,USD,pre-market,None,139454000,0.0501,0.104,0.044,3.749,1808000,6772784000,7252000,19973000,31.6,29.41,2.8986,17063613000,3491249000,317073000,7569868000,13572364000,7252795000,18908000,9415839000,10.7,None,33.01,26.43
2025-12-28,VICI,2.63,3969078000.0,10.7,None,0.714,25.89,,302229000,144057000,144057000,,,,,,,,,5367000,536180175,None,14067000,14067000,324000,None,None,3133941000,None,None,2904000,,1.748,0.0625,,,,0.014,0.02,39000,2943000,0.69,2020-09-30,9.74,None,3932268000.0,4841000,42636000,-4000,None,None,None,39000,None,-1217000,None,None,6761832000,None,None,4000,4000,None,None,0.977,,4802000,39000,1217000,230545000,None,422771000,None,,,,,1.086,7.58,,,,,,,,0.702,,158190000,2025-10-30,quarterly,0.71,USD,pre-market,None,29338000,0.0501,0.104,0.044,3.749,1808000,6768613000,6781000,19973000,31.6,29.41,2.8986,16851830000,3297971000,224397000,7482291000,13553859000,7257894000,18908000,9291973000,10.7,None,33.01,26.43
2025-12-28,VICI,2.63,3969078000.0,10.7,None,0.714,25.89,,26458000,1680536000,1680536000,,,,,,,,,5337000,489213427,None,14067000,14067000,841000,None,None,872600000,None,None,2904000,,1.748,0.0625,,,,0.014,0.02,39000,2943000,0.69,2020-06-30,9.74,None,3932268000.0,4841000,42636000,-4000,None,None,None,39000,None,1,None,None,6758132000,None,None,4000,4000,None,None,0.977,,4802000,39000,2001140000,219860000,None,8643000,None,,,,,1.086,7.58,,,,,,,,0.702,,1269458000,2025-10-30,quarterly,0.71,USD,pre-market,None,-191835000,0.0501,0.104,0.044,3.749,1808000,6784590000,None,0,31.6,29.41,2.8986,16277634000,4554276000,221059000,7203223000,11723358000,6982164000,18908000,8992748000,10.7,None,33.01,26.43
2025-12-28,VICI,2.63,3969078000.0,10.7,None,0.714,25.89,,26449000,369052000,369052000,,,,,,,,,4686000,465177425,None,14067000,14067000,442000,None,None,854963000,None,None,2904000,,1.748,0.0625,,,,0.014,0.02,39000,2943000,0.69,2020-03-31,9.74,None,3932268000.0,4841000,42636000,-4000,None,None,None,39000,None,1,None,None,6754485000,None,None,4000,4000,None,None,0.977,,4802000,39000,2003773000,227076000,None,164631000,None,,,,,1.086,7.58,,,,,,,,0.702,,1278676000,2025-10-30,quarterly,0.71,USD,pre-market,None,-262470000,0.0501,0.104,0.044,3.749,1808000,6780934000,None,0,31.6,29.41,2.8986,14907213000,3227788000,205281000,7183182000,11679425000,6977901000,18908000,7642568000,10.7,None,33.01,26.43
2025-12-28,VICI,2.63,3969078000.0,10.7,None,0.714,25.89,,26426000,1101893000,1101893000,,,,,,,,,4610000,472642363,None,14067000,14067000,640000,None,None,1626000,None,None,2904000,,1.748,0.0625,,,,0.014,0.02,39000,2943000,0.69,2019-12-31,9.74,None,3932268000.0,4841000,42636000,-4000,None,None,None,39000,None,-4878000,None,None,4791563000,None,59474000,4000,4000,None,None,0.977,,4802000,39000,3252000,178232000,None,123918000,None,,,,,1.086,7.58,,,,,,,,0.702,,1278201000,2025-10-30,quarterly,0.71,USD,pre-market,None,208069000,0.0501,0.104,0.044,3.749,1808000,4813226000,21663000,59474000,31.6,29.41,2.8986,13265619000,1161367000,227549000,5216630000,12104252000,4989081000,18908000,7965183000,10.7,None,33.01,26.43
2025-12-28,VICI,2.63,3969078000.0,10.7,None,0.714,25.89,,19732000,431423000,431423000,,,,,,,,,4610000,465771668,None,14067000,14067000,1307000,None,None,2510000,None,None,2904000,,1.748,0.0625,,,,0.014,0.02,39000,2943000,0.69,2019-09-30,9.74,None,3932268000.0,4841000,42636000,-4000,None,None,None,39000,None,1,None,None,4125473000,None,342767000,4000,4000,None,None,0.977,,4802000,39000,33105000,201783000,None,147331000,None,,,,,1.086,7.58,,,,,,,,0.702,,1272095000,2025-10-30,quarterly,0.71,USD,pre-market,None,246587000,0.0501,0.104,0.044,3.749,1808000,4145205000,None,342767000,31.6,29.41,2.8986,12581466000,809805000,203340000,4507397000,11771661000,4304057000,18908000,7990314000,10.7,None,33.01,26.43
2025-12-28,VICI,2.63,3969078000.0,10.7,None,0.714,25.89,,11074000,1205335000,1205335000,,,,,,,,,4610000,412821400,None,14067000,14067000,451000,None,None,1149000,None,None,2904000,,1.748,0.0625,,,,0.014,0.02,39000,2943000,0.69,2019-06-30,9.74,None,3932268000.0,4841000,42636000,-4000,None,None,None,39000,None,1,None,None,4124448000,None,97586000,4000,4000,None,None,0.977,,4802000,39000,29620000,163711000,None,105169000,None,,,,,1.086,7.58,,,,,,,,0.702,,1263489000,2025-10-30,quarterly,0.71,USD,pre-market,None,239301000,0.0501,0.104,0.044,3.749,1808000,4135522000,None,97586000,31.6,29.41,2.8986,12522046000,1333690000,164167000,4449623000,11188356000,4285456000,18908000,7988737000,10.7,None,33.01,26.43
2025-12-28,VICI,2.63,3969078000.0,10.7,None,0.714,25.89,,11104000,598276000,598276000,,,,,,,,,4110000,406035025,None,14067000,14067000,1227000,None,None,3559000,None,None,2904000,,1.748,0.0625,,,,0.014,0.02,39000,2943000,0.69,2019-03-31,9.74,None,3932268000.0,4841000,42636000,-4000,None,None,None,39000,None,1,None,None,4123350000,None,356878000,4000,4000,None,None,0.977,,4802000,39000,27815000,148366000,None,63075000,None,,,,,1.086,7.58,,,,,,,,0.702,,1264248000,2025-10-30,quarterly,0.71,USD,pre-market,None,219791000,0.0501,0.104,0.044,3.749,1808000,4134454000,None,356878000,31.6,29.41,2.8986,11448671000,986528000,149948000,4402783000,10462143000,4252835000,18908000,6962269000,10.7,None,33.01,26.43
2025-12-28,VICI,2.63,3969078000.0,10.7,None,0.714,25.89,,None,577883000,577883000,,,,,,,,,4047000,385847082,None,14067000,14067000,1057000,None,22124000,269000,None,None,2904000,,1.748,0.0625,,,,0.014,0.02,39000,2943000,0.69,2018-12-31,9.74,None,3932268000.0,4841000,42636000,-4000,None,None,None,39000,None,480000,None,None,4122264000,None,520877000,4000,4000,None,None,0.977,,4802000,39000,20564000,161422000,None,236482000,None,,,,,1.086,7.58,,,,,,,,0.702,,71513000,2025-10-30,quarterly,0.71,USD,pre-market,None,187096000,0.0501,0.104,0.044,3.749,1808000,4154272000,32008000,520877000,31.6,29.41,2.8986,11333368000,1119324000,174076000,4432346000,10214044000,4258270000,18908000,6817449000,10.7,None,33.01,26.43
2025-12-28,VICI,2.63,3969078000.0,10.7,None,0.714,25.89,,None,145223000,145223000,,,,,,,,,3702000,370127185,None,14067000,14067000,24000,None,None,8815557000,None,None,2904000,,1.748,0.0625,,,,0.014,0.02,39000,2943000,0.69,2018-09-30,9.74,None,3932268000.0,4841000,42636000,-4000,None,None,None,39000,None,-8815557000,None,None,4121153000,None,320676000,4000,4000,None,None,0.977,,4802000,39000,58000,157683000,None,32443000,None,,,,,1.086,7.58,,,,,,,,0.702,,1243767000,2025-10-30,quarterly,0.71,USD,pre-market,None,160915000,0.0501,0.104,0.044,3.749,1808000,6193826000,2072673000,320676000,31.6,29.41,2.8986,10568501000,465957000,2231081000,4361228000,10102544000,2130147000,18908000,6123808000,10.7,None,33.01,26.43
2025-12-28,VICI,2.63,3969078000.0,10.7,None,0.714,25.89,,None,940740000,940740000,,,,,,,,,3701000,369991738,None,14067000,14067000,1317000,None,4124781000,8294753000,None,None,2904000,,1.748,0.0625,,,,0.014,0.02,39000,2943000,0.69,2018-06-30,9.74,None,3932268000.0,4841000,42636000,-4000,None,None,None,39000,None,1,None,None,4120141000,None,39906000,4000,4000,None,None,0.977,,4802000,39000,13808000,113877000,None,82940000,None,,,,,1.086,7.58,,,,,,,,0.702,,1257029000,2025-10-30,quarterly,0.71,USD,pre-market,None,137444000,0.0501,0.104,0.044,3.749,1808000,6191802000,2071661000,39906000,31.6,29.41,2.8986,10564703000,994454000,2258816000,4391760000,9570249000,2132944000,18908000,6089609000,10.7,None,33.01,26.43
2025-12-28,VICI,2.63,3969078000.0,10.7,None,0.714,25.89,,None,918215000,918215000,,,,,,,,,3701000,343056532,None,14067000,14067000,9221000,None,4119263000,8281557000,None,None,2904000,,1.748,0.0625,,,,0.014,0.02,39000,2943000,0.69,2018-03-31,9.74,None,3932268000.0,4841000,42636000,-4000,None,None,None,39000,None,480000,None,None,4119263000,None,8281557000,4000,4000,None,None,0.977,,4802000,39000,13808000,-1986175000,None,None,None,,,,,1.086,7.58,,,,,,,,0.702,,1257739000,2025-10-30,quarterly,0.71,USD,pre-market,None,95563000,0.0501,0.104,0.044,3.749,1808000,6190046000,2070783000,83091000,31.6,29.41,2.8986,10486239000,932023000,154758000,4351339000,9554216000,4196581000,18908000,6051900000,10.7,None,33.01,26.43
2025-12-28,VICI,2.63,3969078000.0,10.7,None,0.714,25.89,,None,183646000,183646000,,,,,,,,,3003000,227985982,None,14067000,14067000,10562000,None,4785756000,8284006000,None,None,2904000,,1.748,0.0625,,,,0.014,0.02,39000,2943000,0.69,2017-12-31,9.74,None,3932268000.0,4841000,42636000,-4000,None,None,None,39000,None,480000,None,None,4785756000,None,None,4000,4000,None,None,0.977,,4802000,39000,-83571000,26950000,None,32157000,None,,,,,1.086,7.58,,,,,,,,0.702,,74300000,2025-10-30,quarterly,0.71,USD,pre-market,None,42662000,0.0501,0.104,0.044,3.749,1808000,647000,4785756000,83091000,31.6,29.41,2.8986,9739712000,183646000,78679000,5048223000,9556066000,3718000,18908000,4691489000,10.7,None,33.01,26.43
2025-12-28,VICI,2.63,3969078000.0,10.7,None,0.714,25.89,,None,84000,84000,,,,,,,,,82943000,360778938,None,14067000,14067000,194000,None,None,206000,None,None,2904000,,1.748,0.0625,,,,0.014,0.02,39000,2943000,0.69,2017-09-30,9.74,None,3932268000.0,4841000,42636000,-4000,None,None,None,39000,None,528000,None,None,None,None,None,4000,4000,None,None,0.977,,4802000,39000,85000,435000,None,None,None,,,,,1.086,7.58,,,,,,,,0.702,,4831000000,2025-10-30,quarterly,0.71,USD,pre-market,None,52000,0.0501,0.104,0.044,3.749,1808000,769000,158000,None,31.6,29.41,2.8986,89250000,903000,963000,6255000,88347000,5292000,18908000,82995000,10.7,None,33.01,26.43
2025-12-28,VICI,2.63,3969078000.0,10.7,None,0.714,25.89,,None,175000,175000,,,,,,,,,81924000,360778938,None,14067000,14067000,303000,None,None,52000,None,None,2904000,,1.748,0.0625,,,,0.014,0.02,39000,2943000,0.69,2017-06-30,9.74,None,3932268000.0,4841000,42636000,-4000,None,None,None,39000,None,350000,None,None,None,None,None,4000,4000,None,None,0.977,,4802000,39000,348000,779000,None,None,None,,,,,1.086,7.58,,,,,,,,0.702,,87430000,2025-10-30,quarterly,0.71,USD,pre-market,None,52000,0.0501,0.104,0.044,3.749,1808000,None,None,None,31.6,29.41,2.8986,88355000,925000,1082000,6379000,87430000,5297000,18908000,81976000,10.7,None,33.01,26.43
2025-12-28,VICI,2.63,3969078000.0,10.7,None,0.714,25.89,,None,78000,78000,,,,,,,,,82420000,360778938,None,14067000,14067000,531000,None,None,174000,None,None,2904000,,1.748,0.0625,,,,0.014,0.02,39000,2943000,0.69,2017-03-31,9.74,None,3932268000.0,4841000,42636000,-4000,None,None,None,39000,None,440000,None,None,None,None,None,4000,4000,None,None,0.977,,4802000,39000,280000,766000,None,None,None,,,,,1.086,7.58,,,,,,,,0.702,,88093000,2025-10-30,quarterly,0.71,USD,pre-market,None,52000,0.0501,0.104,0.044,3.749,1808000,None,None,None,31.6,29.41,2.8986,89065000,972000,1297000,6593000,88093000,5296000,18908000,82472000,10.7,None,33.01,26.43
2025-12-28,VICI,2.63,3969078000.0,10.7,None,0.714,25.89,,None,920000,920000,,,,,,,,,84091000,360778938,None,14067000,14067000,305000,None,None,77000,None,None,2904000,,1.748,0.0625,,,,0.014,0.02,39000,2943000,0.69,2016-12-31,9.74,None,3932268000.0,4841000,42636000,-4000,None,None,None,39000,None,371000,None,None,None,None,None,4000,4000,None,None,0.977,,4802000,39000,276000,338000,None,None,None,,,,,1.086,7.58,,,,,,,,0.702,,None,2025-10-30,quarterly,0.71,USD,pre-market,None,52000,0.0501,0.104,0.044,3.749,1808000,14000,14000,None,31.6,29.41,2.8986,90475000,1644000,1024000,6332000,88831000,5308000,18908000,84143000,10.7,None,33.01,26.43
2025-12-28,VICI,2.63,3969078000.0,10.7,None,0.714,25.89,,None,None,None,,,,,,,,,None,360778938,None,14067000,14067000,None,None,None,None,None,None,2904000,,1.748,0.0625,,,,0.014,0.02,39000,2943000,0.69,2016-09-30,9.74,None,3932268000.0,4841000,42636000,-4000,None,None,None,39000,None,None,None,None,None,None,None,4000,4000,None,None,0.977,,4802000,39000,None,None,None,None,None,,,,,1.086,7.58,,,,,,,,0.702,,None,2025-10-30,quarterly,0.71,USD,pre-market,None,None,0.0501,0.104,0.044,3.749,1808000,None,None,None,31.6,29.41,2.8986,None,None,None,None,None,None,18908000,None,10.7,None,33.01,26.43
2025-12-28,VICI,2.63,3969078000.0,10.7,None,0.714,25.89,,None,None,None,,,,,,,,,None,360778938,None,14067000,14067000,None,None,None,None,None,None,2904000,,1.748,0.0625,,,,0.014,0.02,39000,2943000,0.69,2016-06-30,9.74,None,3932268000.0,4841000,42636000,-4000,None,None,None,39000,None,None,None,None,None,None,None,4000,4000,None,None,0.977,,4802000,39000,None,None,None,None,None,,,,,1.086,7.58,,,,,,,,0.702,,None,2025-10-30,quarterly,0.71,None,pre-market,None,None,0.0501,0.104,0.044,3.749,1808000,None,None,None,31.6,29.41,2.8986,None,None,None,None,None,None,18908000,None,10.7,None,33.01,26.43
2025-12-28,VICI,2.63,3969078000.0,10.7,None,0.714,25.89,,None,-351000,-351000,,,,,,,,,None,360778938,None,14067000,14067000,None,None,None,None,None,None,2904000,,1.748,0.0625,,,,0.014,0.02,39000,2943000,0.69,2016-03-31,9.74,None,3932268000.0,4841000,42636000,-4000,None,None,None,39000,None,None,None,None,None,None,None,4000,4000,None,None,0.977,,4802000,39000,None,None,None,None,None,,,,,1.086,7.58,,,,,,,,0.702,,None,2025-10-30,quarterly,0.71,None,pre-market,None,None,0.0501,0.104,0.044,3.749,1808000,None,None,702000,31.6,29.41,2.8986,None,351000,None,-85375000,-351000,-85375000,18908000,85375000,10.7,None,33.01,26.43
2025-12-28,VICI,2.63,3969078000.0,10.7,None,0.714,25.89,,917196000,524615000,524615000,,,,,,,,,10564000,1047675000,None,14067000,14067000,None,None,None,18451732000,None,None,2904000,,1.748,0.0625,,,,0.014,0.02,39000,2943000,0.69,2024-12-31,9.74,None,3932268000.0,4841000,42636000,-4000,None,None,None,39000,None,None,None,None,16732889000,None,None,4000,4000,None,None,0.977,,4802000,39000,4534000,679910000,None,250000,None,,,,,1.086,7.58,,,,,,,,0.702,,None,2025-10-30,annual,0.71,USD,pre-market,None,1867400000,0.0501,0.104,0.044,3.749,1808000,17650085000,1369264000,None,31.6,29.41,2.8986,45368940000,18980881000,679910000,18417139000,26388059000,17737229000,18908000,26537955000,10.7,None,33.01,26.43
2025-12-28,VICI,2.63,3969078000.0,10.7,None,0.714,25.89,,904397000,522574000,522574000,,,,,,,,,10427000,1015776697,None,14067000,14067000,-1115538000,None,None,18236349000,None,None,2904000,,1.748,0.0625,,,,0.014,0.02,39000,2943000,0.69,2023-12-31,9.74,None,3932268000.0,4841000,42636000,-4000,None,None,None,39000,None,552549000,None,None,16724125000,None,0,4000,4000,None,None,0.977,,4802000,39000,4728000,664840000,None,250000,None,,,,,1.086,7.58,,,,,,,,0.702,,None,2025-10-30,annual,0.71,USD,pre-market,None,965762000,0.0501,0.104,0.044,3.749,1808000,17628522000,1115538000,1,31.6,29.41,2.8986,44059841000,18763651000,664840000,18402067000,25296190000,17737227000,18908000,25255931000,10.7,None,33.01,26.43
2025-12-28,VICI,2.63,3969078000.0,10.7,None,0.714,25.89,,829298000,208933000,208933000,,,,,,,,,9631000,879675845,None,14067000,14067000,-58769000,None,None,17426563000,None,None,2904000,,1.748,0.0625,,,,0.014,0.02,39000,2943000,0.69,2022-12-31,9.74,None,3932268000.0,4841000,42636000,-4000,None,None,None,39000,None,-7348000,None,None,13739675000,None,1460775000,4000,4000,None,None,0.977,,4802000,39000,7348000,380178000,None,952472000,None,,,,,1.086,7.58,,,,,,,,0.702,,153560000,2025-10-30,annual,0.71,USD,pre-market,None,93154000,0.0501,0.104,0.044,3.749,1808000,13798444000,58769000,217342000,31.6,29.41,2.8986,37575826000,17852838000,593566000,15285713000,19722988000,14692147000,18908000,21933637000,10.7,None,33.01,26.43
2025-12-28,VICI,2.63,3969078000.0,10.7,None,0.714,25.89,,297321000,739614000,739614000,,,,,,,,,6289000,577066292,None,14067000,14067000,-26350000,None,None,3142826000,None,None,2904000,,1.748,0.0625,,,,0.014,0.02,39000,2943000,0.69,2021-12-31,9.74,None,3932268000.0,4841000,42636000,-4000,None,None,None,39000,None,-884000,None,None,4694523000,None,0,4000,4000,None,None,0.977,,4802000,39000,-747767000,226309000,None,375837000,None,,,,,1.086,7.58,,,,,,,,0.702,,153576000,2025-10-30,annual,0.71,USD,pre-market,None,346026000,0.0501,0.104,0.044,3.749,1808000,4720873000,26350000,884000,31.6,29.41,2.8986,17597373000,3882440000,339839000,5410199000,13714933000,5070360000,18908000,12108268000,10.7,None,33.01,26.43
2025-12-28,VICI,2.63,3969078000.0,10.7,None,0.714,25.89,,301883000,315993000,315993000,,,,,,,,,5367000,510908755,None,14067000,14067000,734000,None,None,3155283000,None,None,2904000,,1.748,0.0625,,,,0.014,0.02,39000,2943000,0.69,2020-12-31,9.74,None,3932268000.0,4841000,42636000,-4000,None,None,None,39000,None,342899000,None,None,6765532000,None,None,4000,4000,None,None,0.977,,4802000,39000,-342899000,-6542852000,None,507322000,None,,,,,1.086,7.58,,,,,,,,0.702,,158190000,2025-10-30,annual,0.71,USD,pre-market,None,139454000,0.0501,0.104,0.044,3.749,1808000,6765532000,6765532000,19973000,31.6,29.41,2.8986,17063613000,3491249000,317073000,7569868000,13572364000,7252795000,18908000,9415839000,10.7,None,33.01,26.43
2025-12-28,VICI,2.63,3969078000.0,10.7,None,0.714,25.89,,26426000,1101893000,1101893000,,,,,,,,,4610000,439152946,None,14067000,14067000,640000,None,None,1626000,None,None,2904000,,1.748,0.0625,,,,0.014,0.02,39000,2943000,0.69,2019-12-31,9.74,None,3932268000.0,4841000,42636000,-4000,None,None,None,39000,None,1,None,None,4791563000,None,59474000,4000,4000,None,None,0.977,,4802000,39000,-1223104000,-4634994000,None,123918000,None,,,,,1.086,7.58,,,,,,,,0.702,,1269513000,2025-10-30,annual,0.71,USD,pre-market,None,208069000,0.0501,0.104,0.044,3.749,1808000,4791563000,4791563000,59474000,31.6,29.41,2.8986,13265619000,1161367000,227549000,5216630000,12104252000,4989081000,18908000,7965183000,10.7,None,33.01,26.43
2025-12-28,VICI,2.63,3969078000.0,10.7,None,0.714,25.89,,None,577883000,577883000,,,,,,,,,4047000,367316901,None,14067000,14067000,1057000,None,22124000,8942519000,None,None,2904000,,1.748,0.0625,,,,0.014,0.02,39000,2943000,0.69,2018-12-31,9.74,None,3932268000.0,4841000,42636000,-4000,None,None,None,39000,None,95789000,None,None,4122264000,None,520877000,4000,4000,None,None,0.977,,4802000,39000,20564000,161422000,None,62406000,None,,,,,1.086,7.58,,,,,,,,0.702,,1253960000,2025-10-30,annual,0.71,USD,pre-market,None,187096000,0.0501,0.104,0.044,3.749,1808000,4154272000,32008000,520877000,31.6,29.41,2.8986,11333368000,1119324000,174076000,4432346000,10214044000,4258270000,18908000,6817449000,10.7,None,33.01,26.43
2025-12-28,VICI,2.63,3969078000.0,10.7,None,0.714,25.89,,None,183646000,183646000,,,,,,,,,3003000,327580567,None,14067000,14067000,5207000,None,4785756000,8268643000,None,None,2904000,,1.748,0.0625,,,,0.014,0.02,39000,2943000,0.69,2017-12-31,9.74,None,3932268000.0,4841000,42636000,-4000,None,None,None,39000,None,73600000,None,None,4785756000,None,8268643000,4000,4000,None,None,0.977,,4802000,39000,13760000,26950000,None,32157000,None,,,,,1.086,7.58,,,,,,,,0.702,,1258300000,2025-10-30,annual,0.71,USD,pre-market,None,42662000,0.0501,0.104,0.044,3.749,1808000,5085756000,300000000,13760000,31.6,29.41,2.8986,9739712000,197406000,400274000,4963348000,9542306000,4563074000,18908000,4691489000,10.7,None,33.01,26.43
2025-12-28,VICI,2.63,3969078000.0,10.7,None,0.714,25.89,,None,920000,920000,,,,,,,,,84091000,360778938,None,14067000,14067000,305000,None,14000,77000,None,None,2904000,,1.748,0.0625,,,,0.014,0.02,39000,2943000,0.69,2016-12-31,9.74,None,3932268000.0,4841000,42636000,-4000,None,None,None,39000,None,371000,None,None,None,None,None,4000,4000,None,None,0.977,,4802000,39000,276000,338000,None,265000,None,,,,,1.086,7.58,,,,,,,,0.702,,88831000,2025-10-30,annual,0.71,USD,pre-market,None,52000,0.0501,0.104,0.044,3.749,1808000,14000,14000,None,31.6,29.41,2.8986,90475000,1644000,1024000,6332000,88831000,5308000,18908000,84143000,10.7,None,33.01,26.43
2025-12-28,VICI,2.63,3969078000.0,10.7,None,0.714,25.89,,None,351000,351000,,,,,,,,,85323000,360778938,None,14067000,14067000,342000,None,51000,183000,None,None,2904000,,1.748,0.0625,,,,0.014,0.02,39000,2943000,0.69,2015-12-31,9.74,None,3932268000.0,4841000,42636000,-4000,None,None,None,39000,None,442000,None,None,14000,None,None,4000,4000,None,None,0.977,,4802000,39000,66000,329000,None,None,None,,,,,1.086,7.58,,,,,,,,0.702,,90992000,2025-10-30,annual,0.71,USD,pre-market,None,52000,0.0501,0.104,0.044,3.749,1808000,65000,51000,None,31.6,29.41,2.8986,92034000,1042000,1224000,6659000,90992000,5435000,18908000,85375000,10.7,None,33.01,26.43
2025-12-28,VICI,2.63,3969078000.0,10.7,None,0.714,25.89,,None,None,None,,,,,,,,,None,360778938,None,14067000,14067000,None,None,None,None,None,None,2904000,,1.748,0.0625,,,,0.014,0.02,39000,2943000,0.69,2014-12-31,9.74,None,3932268000.0,4841000,42636000,-4000,None,None,None,39000,None,None,None,None,None,None,None,4000,4000,None,None,0.977,,4802000,39000,None,None,None,None,None,,,,,1.086,7.58,,,,,,,,0.702,,None,2025-10-30,annual,0.71,USD,pre-market,None,None,0.0501,0.104,0.044,3.749,1808000,None,None,None,31.6,29.41,2.8986,None,None,None,None,None,None,18908000,None,10.7,None,33.01,26.43
2025-12-28,VICI,2.63,3969078000.0,10.7,None,0.714,25.89,828000,None,None,None,-261796000,-50117000,None,None,None,None,None,None,None,360778938,None,14067000,14067000,None,None,None,None,None,None,2904000,937000,1.748,0.0625,456815000,456815000,None,0.014,0.02,39000,2943000,0.69,2025-09-30,9.74,None,3932268000.0,4841000,42636000,-4000,None,None,None,39000,None,None,None,None,None,None,None,773620000,4000,None,None,0.977,586289000,4802000,39000,None,None,None,None,None,None,None,None,None,1.086,7.58,None,None,None,None,None,7221000,None,0.702,None,None,2025-10-30,quarterly,0.71,USD,pre-market,None,None,0.0501,0.104,0.044,3.749,1808000,None,None,None,31.6,29.41,2.8986,None,None,None,None,None,None,18908000,None,10.7,None,33.01,26.43
2025-12-28,VICI,2.63,3969078000.0,10.7,None,0.714,25.89,672000,None,None,None,-411650000,-329762000,None,None,None,None,None,None,None,360778938,None,14067000,14067000,None,None,None,None,None,None,2904000,741000,1.748,0.0625,456886000,456886000,None,0.014,0.02,39000,2943000,0.69,2025-06-30,9.74,None,3932268000.0,4841000,42636000,-4000,None,None,None,39000,None,None,None,None,None,None,None,878368000,4000,None,None,0.977,639899000,4802000,39000,None,None,None,None,None,None,None,None,None,1.086,7.58,None,None,None,None,None,-44000,None,0.702,None,None,2025-10-30,quarterly,0.71,USD,pre-market,None,None,0.0501,0.104,0.044,3.749,1808000,None,None,None,31.6,29.41,2.8986,None,None,None,None,None,None,18908000,None,10.7,None,33.01,26.43
2025-12-28,VICI,2.63,3969078000.0,10.7,None,0.714,25.89,156000,None,None,None,-396762000,-385581000,None,None,None,None,None,None,None,360778938,None,14067000,14067000,None,None,None,None,None,None,2904000,996000,1.748,0.0625,459026000,459026000,None,0.014,0.02,39000,2943000,0.69,2025-03-31,9.74,None,3932268000.0,4841000,42636000,-4000,None,None,None,39000,None,None,None,None,None,None,None,552265000,4000,None,None,0.977,591859000,4802000,39000,None,None,None,None,None,None,None,None,None,1.086,7.58,None,None,None,None,None,-7177000,None,0.702,None,None,2025-10-30,quarterly,0.71,USD,pre-market,None,None,0.0501,0.104,0.044,3.749,1808000,None,None,None,31.6,29.41,2.8986,None,None,None,None,None,None,18908000,None,10.7,None,33.01,26.43
2025-12-28,VICI,2.63,3969078000.0,10.7,None,0.714,25.89,1084000,None,None,None,-214894000,-260175000,None,None,None,None,None,None,None,360778938,None,14067000,14067000,None,None,None,None,None,None,2904000,992000,1.748,0.0625,452674000,452674000,None,0.014,0.02,39000,2943000,0.69,2024-12-31,9.74,None,3932268000.0,4841000,42636000,-4000,None,None,None,39000,None,None,None,None,None,None,None,624205000,4000,None,None,0.977,644097000,4802000,39000,None,None,None,None,None,None,None,None,None,1.086,7.58,None,None,None,None,None,0,None,0.702,None,None,2025-10-30,quarterly,0.71,USD,pre-market,None,None,0.0501,0.104,0.044,3.749,1808000,None,None,None,31.6,29.41,2.8986,None,None,None,None,None,None,18908000,None,10.7,None,33.01,26.43
2025-12-28,VICI,2.63,3969078000.0,10.7,None,0.714,25.89,1366000,None,None,None,-329291000,-241572000,None,None,None,None,None,None,None,360778938,None,14067000,14067000,None,None,None,None,None,None,2904000,1008000,1.748,0.0625,432694000,432694000,None,0.014,0.02,39000,2943000,0.69,2024-09-30,9.74,None,3932268000.0,4841000,42636000,-4000,None,None,None,39000,None,None,None,None,None,None,None,744481000,4000,None,None,0.977,579052000,4802000,39000,None,None,None,None,None,None,None,None,None,1.086,7.58,None,None,None,None,None,-9000,None,0.702,None,None,2025-10-30,quarterly,0.71,USD,pre-market,None,None,0.0501,0.104,0.044,3.749,1808000,None,None,None,31.6,29.41,2.8986,None,None,None,None,None,None,18908000,None,10.7,None,33.01,26.43
2025-12-28,VICI,2.63,3969078000.0,10.7,None,0.714,25.89,2666000,None,None,None,-441155000,-311874000,None,None,None,None,None,None,None,360778938,None,14067000,14067000,None,None,None,None,None,None,2904000,992000,1.748,0.0625,432812000,432812000,None,0.014,0.02,39000,2943000,0.69,2024-06-30,9.74,None,3932268000.0,4841000,42636000,-4000,None,None,None,39000,None,None,None,None,None,None,None,752753000,4000,None,None,0.977,614610000,4802000,39000,None,None,None,None,None,None,None,None,None,1.086,7.58,None,None,None,None,None,-336000,None,0.702,None,None,2025-10-30,quarterly,0.71,USD,pre-market,None,None,0.0501,0.104,0.044,3.749,1808000,None,None,None,31.6,29.41,2.8986,None,None,None,None,None,None,18908000,None,10.7,None,33.01,26.43
2025-12-28,VICI,2.63,3969078000.0,10.7,None,0.714,25.89,2410000,None,None,None,-471781000,-109160000,None,None,None,None,None,None,None,360778938,None,14067000,14067000,None,None,None,None,None,None,2904000,1133000,1.748,0.0625,434811000,434811000,None,0.014,0.02,39000,2943000,0.69,2024-03-31,9.74,None,3932268000.0,4841000,42636000,-4000,None,None,None,39000,None,None,None,None,None,None,None,599803000,4000,None,None,0.977,543739000,4802000,39000,None,None,None,None,None,None,None,None,None,1.086,7.58,None,None,None,None,None,-4996000,None,0.702,None,None,2025-10-30,quarterly,0.71,USD,pre-market,None,None,0.0501,0.104,0.044,3.749,1808000,None,None,None,31.6,29.41,2.8986,None,None,None,None,None,None,18908000,None,10.7,None,33.01,26.43
2025-12-28,VICI,2.63,3969078000.0,10.7,None,0.714,25.89,2141000,None,None,None,389349000,-954210000,None,None,None,None,None,None,None,360778938,None,14067000,14067000,None,None,None,None,None,None,2904000,1586000,1.748,0.0625,422076000,422076000,None,0.014,0.02,39000,2943000,0.69,2023-12-31,9.74,None,3932268000.0,4841000,42636000,-4000,None,None,None,39000,None,None,None,None,None,None,None,759721000,4000,None,None,0.977,576492000,4802000,39000,None,None,None,None,None,None,None,None,None,1.086,7.58,None,None,None,None,None,-10839000,None,0.702,None,None,2025-10-30,quarterly,0.71,USD,pre-market,None,None,0.0501,0.104,0.044,3.749,1808000,None,None,None,31.6,29.41,2.8986,None,None,None,None,None,None,18908000,None,10.7,None,33.01,26.43
2025-12-28,VICI,2.63,3969078000.0,10.7,None,0.714,25.89,577000,None,None,None,-45578000,-734123000,None,None,None,None,None,None,None,360778938,None,14067000,14067000,None,None,None,None,None,None,2904000,1011000,1.748,0.0625,382855000,382855000,None,0.014,0.02,39000,2943000,0.69,2023-09-30,9.74,None,3932268000.0,4841000,42636000,-4000,None,None,None,39000,None,None,None,None,None,None,None,565459000,4000,None,None,0.977,552106000,4802000,39000,None,None,None,None,None,None,None,None,None,1.086,7.58,None,None,None,None,None,-9000,None,0.702,None,None,2025-10-30,quarterly,0.71,USD,pre-market,None,None,0.0501,0.104,0.044,3.749,1808000,None,None,None,31.6,29.41,2.8986,None,None,None,None,None,None,18908000,None,10.7,None,33.01,26.43
2025-12-28,VICI,2.63,3969078000.0,10.7,None,0.714,25.89,329000,None,None,None,-297470000,258094000,491002000,None,None,None,None,None,None,360778938,None,14067000,14067000,None,None,None,None,None,None,2904000,887000,1.748,0.0625,396297000,396297000,None,0.014,0.02,39000,2943000,0.69,2023-06-30,9.74,None,3932268000.0,4841000,42636000,-4000,None,None,None,39000,None,None,None,None,None,None,None,701581000,4000,None,None,0.977,530378000,4802000,39000,None,None,None,None,None,None,None,None,None,1.086,7.58,None,None,None,None,None,-362000,None,0.702,None,None,2025-10-30,quarterly,0.71,USD,pre-market,None,None,0.0501,0.104,0.044,3.749,1808000,None,None,None,31.6,29.41,2.8986,None,None,None,None,None,None,18908000,None,10.7,None,33.01,26.43
2025-12-28,VICI,2.63,3969078000.0,10.7,None,0.714,25.89,988000,None,None,None,985489000,-1468856000,38666000,None,None,None,None,None,None,360778938,None,14067000,14067000,None,None,None,None,None,None,2904000,814000,1.748,0.0625,382612000,382612000,None,0.014,0.02,39000,2943000,0.69,2023-03-31,9.74,None,3932268000.0,4841000,42636000,-4000,None,None,None,39000,None,None,None,None,None,None,None,527861000,4000,None,None,0.977,522033000,4802000,39000,None,None,None,None,None,None,None,None,None,1.086,7.58,None,None,None,None,None,-4595000,None,0.702,None,None,2025-10-30,quarterly,0.71,USD,pre-market,None,None,0.0501,0.104,0.044,3.749,1808000,None,None,None,31.6,29.41,2.8986,None,None,None,None,None,None,18908000,None,10.7,None,33.01,26.43
2025-12-28,VICI,2.63,3969078000.0,10.7,None,0.714,25.89,718000,None,None,None,-382453000,-414916000,-309450000,None,None,None,None,None,None,360778938,None,14067000,14067000,None,None,None,None,None,None,2904000,811000,1.748,0.0625,375411000,375411000,None,0.014,0.02,39000,2943000,0.69,2022-12-31,9.74,None,3932268000.0,4841000,42636000,-4000,None,None,None,39000,None,None,None,None,None,None,None,614842000,4000,None,None,0.977,487919000,4802000,39000,None,None,None,None,None,None,None,None,None,1.086,7.58,None,None,None,None,None,-38000,None,0.702,None,None,2025-10-30,quarterly,0.71,USD,pre-market,None,None,0.0501,0.104,0.044,3.749,1808000,None,None,None,31.6,29.41,2.8986,None,None,None,None,None,None,18908000,None,10.7,None,33.01,26.43
2025-12-28,VICI,2.63,3969078000.0,10.7,None,0.714,25.89,472000,None,None,None,-353219000,-246742000,-95618000,None,None,None,None,None,None,360778938,None,14067000,14067000,None,None,None,None,None,None,2904000,816000,1.748,0.0625,346518000,346518000,None,0.014,0.02,39000,2943000,0.69,2022-09-30,9.74,None,3932268000.0,4841000,42636000,-4000,None,None,None,39000,None,None,None,None,None,None,None,336878000,4000,None,None,0.977,504343000,4802000,39000,None,None,None,None,None,None,None,None,None,1.086,7.58,None,None,None,None,None,0,None,0.702,None,None,2025-10-30,quarterly,0.71,USD,pre-market,None,None,0.0501,0.104,0.044,3.749,1808000,None,None,None,31.6,29.41,2.8986,None,None,None,None,None,None,18908000,None,10.7,None,33.01,26.43
2025-12-28,VICI,2.63,3969078000.0,10.7,None,0.714,25.89,232000,None,None,None,4006449000,-4614111000,45299000,None,None,None,None,None,None,360778938,None,14067000,14067000,None,None,None,None,None,None,2904000,779000,1.748,0.0625,269325000,269325000,None,0.014,0.02,39000,2943000,0.69,2022-06-30,9.74,None,3932268000.0,4841000,42636000,-4000,None,None,None,39000,None,None,None,None,None,None,None,-58141000,4000,None,None,0.977,652961000,4802000,39000,None,None,None,None,None,None,None,None,None,1.086,7.58,None,None,None,None,None,-3406000,None,0.702,None,None,2025-10-30,quarterly,0.71,USD,pre-market,None,None,0.0501,0.104,0.044,3.749,1808000,None,None,None,31.6,29.41,2.8986,None,None,None,None,None,None,18908000,None,10.7,None,33.01,26.43
2025-12-28,VICI,2.63,3969078000.0,10.7,None,0.714,25.89,454000,None,None,None,3559160000,-4028245000,-170912000,None,None,None,None,None,None,360778938,None,14067000,14067000,None,None,None,None,None,None,2904000,776000,1.748,0.0625,227863000,227863000,None,0.014,0.02,39000,2943000,0.69,2022-03-31,9.74,None,3932268000.0,4841000,42636000,-4000,None,None,None,39000,None,None,None,None,None,None,None,242688000,4000,None,None,0.977,298173000,4802000,39000,None,None,None,None,None,None,None,None,None,1.086,7.58,None,None,None,None,None,-2712000,None,0.702,None,None,2025-10-30,quarterly,0.71,USD,pre-market,None,None,0.0501,0.104,0.044,3.749,1808000,None,None,None,31.6,29.41,2.8986,None,None,None,None,None,None,18908000,None,10.7,None,33.01,26.43
2025-12-28,VICI,2.63,3969078000.0,10.7,None,0.714,25.89,852000,None,None,None,-236919000,21593000,70100000,None,None,None,None,None,None,360778938,None,14067000,14067000,None,None,None,None,None,None,2904000,771000,1.748,0.0625,226430000,226430000,None,0.014,0.02,39000,2943000,0.69,2021-12-31,9.74,None,3932268000.0,4841000,42636000,-4000,None,None,None,39000,None,None,None,None,None,None,None,283798000,4000,None,None,0.977,285426000,4802000,39000,None,None,None,None,None,None,None,None,None,1.086,7.58,None,None,None,None,None,-87000,None,0.702,None,None,2025-10-30,quarterly,0.71,USD,pre-market,None,None,0.0501,0.104,0.044,3.749,1808000,None,None,None,31.6,29.41,2.8986,None,None,None,None,None,None,18908000,None,10.7,None,33.01,26.43
2025-12-28,VICI,2.63,3969078000.0,10.7,None,0.714,25.89,130000,None,None,None,83787000,-22249000,261992000,None,None,None,None,None,None,360778938,None,14067000,14067000,None,None,None,None,None,None,2904000,771000,1.748,0.0625,177104000,177104000,None,0.014,0.02,39000,2943000,0.69,2021-09-30,9.74,None,3932268000.0,4841000,42636000,-4000,None,None,None,39000,None,None,None,None,None,None,None,164184000,4000,None,None,0.977,200454000,4802000,39000,None,None,None,None,None,None,None,None,None,1.086,7.58,None,None,None,None,None,2386129000,None,0.702,None,None,2025-10-30,quarterly,0.71,USD,pre-market,None,None,0.0501,0.104,0.044,3.749,1808000,None,None,None,31.6,29.41,2.8986,None,None,None,None,None,None,18908000,None,10.7,None,33.01,26.43
2025-12-28,VICI,2.63,3969078000.0,10.7,None,0.714,25.89,276000,None,None,None,-179448000,9696000,84992000,None,None,None,None,None,None,360778938,None,14067000,14067000,None,None,None,None,None,None,2904000,757000,1.748,0.0625,177248000,177248000,None,0.014,0.02,39000,2943000,0.69,2021-06-30,9.74,None,3932268000.0,4841000,42636000,-4000,None,None,None,39000,None,None,None,None,None,None,None,303077000,4000,None,None,0.977,254744000,4802000,39000,None,None,None,None,None,None,None,None,None,1.086,7.58,None,None,None,None,None,-128000,None,0.702,None,None,2025-10-30,quarterly,0.71,USD,pre-market,None,None,0.0501,0.104,0.044,3.749,1808000,None,None,None,31.6,29.41,2.8986,None,None,None,None,None,None,18908000,None,10.7,None,33.01,26.43
2025-12-28,VICI,2.63,3969078000.0,10.7,None,0.714,25.89,1247000,None,None,None,-181598000,32409000,6537000,None,None,None,None,None,None,360778938,None,14067000,14067000,None,None,None,None,None,None,2904000,792000,1.748,0.0625,178008000,178008000,None,0.014,0.02,39000,2943000,0.69,2021-03-31,9.74,None,3932268000.0,4841000,42636000,-4000,None,None,None,39000,None,None,None,None,None,None,None,272099000,4000,None,None,0.977,155726000,4802000,39000,None,None,None,None,None,None,None,None,None,1.086,7.58,None,None,None,None,None,-1519000,None,0.702,None,None,2025-10-30,quarterly,0.71,USD,pre-market,None,None,0.0501,0.104,0.044,3.749,1808000,None,None,None,31.6,29.41,2.8986,None,None,None,None,None,None,18908000,None,10.7,None,33.01,26.43
2025-12-28,VICI,2.63,3969078000.0,10.7,None,0.714,25.89,1409787000,None,None,None,-179773000,7590000,171936000,None,None,None,None,None,None,360778938,None,14067000,14067000,None,None,None,None,None,None,2904000,741000,1.748,0.0625,177025000,177025000,None,0.014,0.02,39000,2943000,0.69,2020-12-31,9.74,None,3932268000.0,4841000,42636000,-4000,None,None,None,39000,None,None,None,None,None,None,None,290412000,4000,None,None,0.977,344119000,4802000,39000,None,None,None,None,None,None,None,None,None,1.086,7.58,None,None,None,None,None,-1000,None,0.702,None,None,2025-10-30,quarterly,0.71,USD,pre-market,None,None,0.0501,0.104,0.044,3.749,1808000,None,None,None,31.6,29.41,2.8986,None,None,None,None,None,None,18908000,None,10.7,None,33.01,26.43
2025-12-28,VICI,2.63,3969078000.0,10.7,None,0.714,25.89,1407600000,None,None,None,-41585000,-3715918000,-3536479000,None,None,None,None,None,None,360778938,None,14067000,14067000,None,None,None,None,None,None,2904000,910000,1.748,0.0625,158651000,158651000,None,0.014,0.02,39000,2943000,0.69,2020-09-30,9.74,None,3932268000.0,4841000,42636000,-4000,None,None,None,39000,None,None,None,None,None,None,None,396218000,4000,None,None,0.977,221024000,4802000,39000,None,None,None,None,None,None,None,None,None,1.086,7.58,None,None,None,None,None,63031000,None,0.702,None,None,2025-10-30,quarterly,0.71,USD,pre-market,None,None,0.0501,0.104,0.044,3.749,1808000,None,None,None,31.6,29.41,2.8986,None,None,None,None,None,None,18908000,None,10.7,None,33.01,26.43
2025-12-28,VICI,2.63,3969078000.0,10.7,None,0.714,25.89,858000,None,None,None,1129253000,-852000,1309452000,None,None,None,None,None,None,360778938,None,14067000,14067000,None,None,None,None,None,None,2904000,1213000,1.748,0.0625,139396000,139396000,None,0.014,0.02,39000,2943000,0.69,2020-06-30,9.74,None,3932268000.0,4841000,42636000,-4000,None,None,None,39000,None,None,None,None,None,None,None,231643000,4000,None,None,0.977,181051000,4802000,39000,None,None,None,None,None,None,None,None,None,1.086,7.58,None,None,None,None,None,-41000,None,0.702,None,None,2025-10-30,quarterly,0.71,USD,pre-market,None,None,0.0501,0.104,0.044,3.749,1808000,None,None,None,31.6,29.41,2.8986,None,None,None,None,None,None,18908000,None,10.7,None,33.01,26.43
2025-12-28,VICI,2.63,3969078000.0,10.7,None,0.714,25.89,1329000,None,None,None,1971324000,-839579000,1269191000,None,None,None,None,None,None,360778938,None,14067000,14067000,None,None,None,None,None,None,2904000,867000,1.748,0.0625,137133000,137133000,None,0.014,0.02,39000,2943000,0.69,2020-03-31,9.74,None,3932268000.0,4841000,42636000,-4000,None,None,None,39000,None,None,None,None,None,None,None,-22065000,4000,None,None,0.977,137446000,4802000,39000,None,None,None,None,None,None,None,None,None,1.086,7.58,None,None,None,None,None,-165000,None,0.702,None,None,2025-10-30,quarterly,0.71,USD,pre-market,None,None,0.0501,0.104,0.044,3.749,1808000,None,None,None,31.6,29.41,2.8986,None,None,None,None,None,None,18908000,None,10.7,None,33.01,26.43
2025-12-28,VICI,2.63,3969078000.0,10.7,None,0.714,25.89,295000,None,None,None,398945000,-5522000,638383000,None,71000,None,None,2534000,None,360778938,None,14067000,14067000,None,None,None,None,None,None,2904000,883000,1.748,0.0625,137099000,137099000,None,0.014,0.02,39000,2943000,0.69,2019-12-31,9.74,None,3932268000.0,4841000,42636000,-4000,None,None,None,39000,None,None,None,None,None,None,None,100713000,4000,None,None,0.977,244960000,4802000,39000,None,None,None,None,None,None,None,None,None,1.086,7.58,None,None,None,None,None,2250000000,None,0.702,None,None,2025-10-30,quarterly,0.71,USD,pre-market,None,None,0.0501,0.104,0.044,3.749,1808000,None,None,None,31.6,29.41,2.8986,None,None,None,None,None,None,18908000,None,10.7,None,33.01,26.43
2025-12-28,VICI,2.63,3969078000.0,10.7,None,0.714,25.89,1531526000,None,None,None,-137456000,-806843000,-770042000,None,None,None,None,2494000,None,360778938,None,14067000,14067000,None,None,None,None,None,None,2904000,1000000,1.748,0.0625,132441000,132441000,None,0.014,0.02,39000,2943000,0.69,2019-09-30,9.74,None,3932268000.0,4841000,42636000,-4000,None,None,None,39000,None,None,None,None,None,None,None,146515000,4000,None,None,0.977,174257000,4802000,39000,None,None,None,None,None,None,None,None,None,1.086,7.58,None,None,None,None,None,-648000,None,0.702,None,None,2025-10-30,quarterly,0.71,USD,pre-market,None,None,0.0501,0.104,0.044,3.749,1808000,None,None,None,31.6,29.41,2.8986,None,None,None,None,None,None,18908000,None,10.7,None,33.01,26.43
2025-12-28,VICI,2.63,3969078000.0,10.7,None,0.714,25.89,290000,None,None,None,911464000,-447854000,610910000,None,None,None,None,-2277000,None,360778938,None,14067000,14067000,None,None,None,None,None,None,2904000,1018000,1.748,0.0625,118077000,118077000,None,0.014,0.02,39000,2943000,0.69,2019-06-30,9.74,None,3932268000.0,4841000,42636000,-4000,None,None,None,39000,None,None,None,None,None,None,None,154127000,4000,None,None,0.977,147300000,4802000,39000,None,None,None,None,None,None,None,None,None,1.086,7.58,None,None,None,None,None,1036923000,None,0.702,None,None,2025-10-30,quarterly,0.71,USD,pre-market,None,None,0.0501,0.104,0.044,3.749,1808000,None,None,None,31.6,29.41,2.8986,None,None,None,None,None,None,18908000,None,10.7,None,33.01,26.43
2025-12-28,VICI,2.63,3969078000.0,10.7,None,0.714,25.89,1191000,None,None,None,9713000,-101160000,24195000,None,None,None,None,-2512000,None,360778938,None,14067000,14067000,None,None,None,None,None,None,2904000,930000,1.748,0.0625,116341000,116341000,None,0.014,0.02,39000,2943000,0.69,2019-03-31,9.74,None,3932268000.0,4841000,42636000,-4000,None,None,None,39000,None,None,None,None,None,None,None,152926000,4000,None,None,0.977,115642000,4802000,39000,None,None,None,None,None,None,None,None,None,1.086,7.58,None,None,None,None,None,128085000,None,0.702,None,None,2025-10-30,quarterly,0.71,USD,pre-market,None,None,0.0501,0.104,0.044,3.749,1808000,None,None,None,31.6,29.41,2.8986,None,None,None,None,None,None,18908000,None,10.7,None,33.01,26.43
2025-12-28,VICI,2.63,3969078000.0,10.7,None,0.714,25.89,155000,None,None,None,586007000,-308406000,453166000,None,140000,None,None,-6285000,None,360778938,None,14067000,14067000,None,None,None,None,None,None,2904000,929000,1.748,0.0625,106386000,106386000,None,0.014,0.02,39000,2943000,0.69,2018-12-31,9.74,None,3932268000.0,4841000,42636000,-4000,None,None,None,39000,None,None,None,None,None,None,None,144630000,4000,None,None,0.977,175565000,4802000,39000,None,None,None,None,None,None,None,None,None,1.086,7.58,None,None,None,None,None,690058000,None,0.702,None,None,2025-10-30,quarterly,0.71,USD,pre-market,None,None,0.0501,0.104,0.044,3.749,1808000,None,None,None,31.6,29.41,2.8986,None,None,None,None,None,None,18908000,None,10.7,None,33.01,26.43
2025-12-28,VICI,2.63,3969078000.0,10.7,None,0.714,25.89,187000,None,None,None,-99113000,-792008000,-809267000,None,None,None,None,-13009000,None,360778938,None,14067000,14067000,None,None,None,None,None,None,2904000,929000,1.748,0.0625,97018000,97018000,None,0.014,0.02,39000,2943000,0.69,2018-09-30,9.74,None,3932268000.0,4841000,42636000,-4000,None,None,None,39000,None,None,None,None,None,None,None,132024000,4000,None,None,0.977,81854000,4802000,39000,None,None,None,None,None,None,None,None,None,1.086,7.58,None,None,None,None,None,None,None,0.702,None,None,2025-10-30,quarterly,0.71,USD,pre-market,None,None,0.0501,0.104,0.044,3.749,1808000,None,None,None,31.6,29.41,2.8986,None,None,None,None,None,None,18908000,None,10.7,None,33.01,26.43
2025-12-28,VICI,2.63,3969078000.0,10.7,None,0.714,25.89,212000,None,None,None,-61537000,-40118000,22525000,None,None,None,None,-13196000,None,360778938,None,14067000,14067000,None,None,None,None,None,None,2904000,922000,1.748,0.0625,59278000,59278000,None,0.014,0.02,39000,2943000,0.69,2018-06-30,9.74,None,3932268000.0,4841000,42636000,-4000,None,None,None,39000,None,None,None,None,None,None,None,141360000,4000,None,None,0.977,124180000,4802000,39000,None,None,None,None,None,None,None,None,None,1.086,7.58,None,None,None,None,None,None,None,0.702,None,None,2025-10-30,quarterly,0.71,USD,pre-market,None,None,0.0501,0.104,0.044,3.749,1808000,None,None,None,31.6,29.41,2.8986,None,None,None,None,None,None,18908000,None,10.7,None,33.01,26.43
2025-12-28,VICI,2.63,3969078000.0,10.7,None,0.714,25.89,345000,None,None,None,612479000,-345000,734617000,None,-69000,None,None,-12914000,None,360778938,None,14067000,14067000,None,None,None,None,None,None,2904000,906000,1.748,0.0625,59278000,59278000,None,0.014,0.02,39000,2943000,0.69,2018-03-31,9.74,None,3932268000.0,4841000,42636000,-4000,None,None,None,39000,None,None,None,None,None,None,None,114103000,4000,None,None,0.977,122483000,4802000,39000,None,None,None,None,None,None,None,None,None,1.086,7.58,None,None,None,None,None,1307119000,None,0.702,None,None,2025-10-30,quarterly,0.71,USD,pre-market,None,None,0.0501,0.104,0.044,3.749,1808000,None,None,None,31.6,29.41,2.8986,None,None,None,None,None,None,18908000,None,10.7,None,33.01,26.43
2025-12-28,VICI,2.63,3969078000.0,10.7,None,0.714,25.89,51000,None,None,None,1148446000,-1136251000,None,None,228000,None,None,None,None,360778938,None,14067000,14067000,None,None,None,None,None,None,2904000,751000,1.748,0.0625,262682000,262682000,None,0.014,0.02,39000,2943000,0.69,2017-12-31,9.74,None,3932268000.0,4841000,42636000,-4000,None,None,None,39000,None,None,None,None,None,None,None,44537000,4000,None,None,0.977,129440000,4802000,39000,None,None,None,None,None,None,None,None,None,1.086,7.58,None,None,None,None,None,963782000,None,0.702,None,None,2025-10-30,quarterly,0.71,USD,pre-market,None,None,0.0501,0.104,0.044,3.749,1808000,None,None,None,31.6,29.41,2.8986,None,None,None,None,None,None,18908000,None,10.7,None,33.01,26.43
2025-12-28,VICI,2.63,3969078000.0,10.7,None,0.714,25.89,1918000,None,None,None,1019000,-1718000,None,None,-178000,None,None,None,None,360778938,None,14067000,14067000,None,None,None,None,None,None,2904000,801000,1.748,0.0625,59278000,59278000,None,0.014,0.02,39000,2943000,0.69,2017-09-30,9.74,None,3932268000.0,4841000,42636000,-4000,None,None,None,39000,None,None,None,None,None,None,None,0,4000,None,None,0.977,608000,4802000,39000,None,None,None,None,None,None,None,None,None,1.086,7.58,None,None,None,None,None,-84000,None,0.702,None,None,2025-10-30,quarterly,0.71,USD,pre-market,None,None,0.0501,0.104,0.044,3.749,1808000,None,None,None,31.6,29.41,2.8986,None,None,None,None,None,None,18908000,None,10.7,None,33.01,26.43
2025-12-28,VICI,2.63,3969078000.0,10.7,None,0.714,25.89,134000,None,None,None,-496000,-134000,None,None,90000,None,None,None,None,360778938,None,14067000,14067000,None,None,None,None,None,None,2904000,796000,1.748,0.0625,None,None,None,0.014,0.02,39000,2943000,0.69,2017-06-30,9.74,None,3932268000.0,4841000,42636000,-4000,None,None,None,39000,None,None,None,None,None,None,None,0,4000,None,None,0.977,727000,4802000,39000,None,None,None,None,None,None,None,None,None,1.086,7.58,None,None,None,None,None,963782000,None,0.702,None,None,2025-10-30,quarterly,0.71,USD,pre-market,None,None,0.0501,0.104,0.044,3.749,1808000,None,None,None,31.6,29.41,2.8986,None,None,None,None,None,None,18908000,None,10.7,None,33.01,26.43
2025-12-28,VICI,2.63,3969078000.0,10.7,None,0.714,25.89,66000,None,None,None,-1685000,-66000,None,None,-69000,None,None,None,None,360778938,None,14067000,14067000,None,None,None,None,None,None,2904000,805000,1.748,0.0625,None,None,None,0.014,0.02,39000,2943000,0.69,2017-03-31,9.74,None,3932268000.0,4841000,42636000,-4000,None,None,None,39000,None,None,None,None,None,None,None,0,4000,None,None,0.977,909000,4802000,39000,None,None,None,None,None,None,None,None,None,1.086,7.58,None,None,None,None,None,963782000,None,0.702,None,None,2025-10-30,quarterly,0.71,USD,pre-market,None,None,0.0501,0.104,0.044,3.749,1808000,None,None,None,31.6,29.41,2.8986,None,None,None,None,None,None,18908000,None,10.7,None,33.01,26.43
2025-12-28,VICI,2.63,3969078000.0,10.7,None,0.714,25.89,76000,None,None,None,-175000,-76000,None,None,80000,None,None,None,None,360778938,None,14067000,14067000,None,None,None,None,None,None,2904000,803000,1.748,0.0625,None,None,None,0.014,0.02,39000,2943000,0.69,2016-12-31,9.74,None,3932268000.0,4841000,42636000,-4000,None,None,None,39000,None,None,None,None,None,None,None,None,4000,None,None,0.977,335000,4802000,39000,None,None,None,None,None,None,None,None,None,1.086,7.58,None,None,None,None,None,None,None,0.702,None,None,2025-10-30,quarterly,0.71,USD,pre-market,None,None,0.0501,0.104,0.044,3.749,1808000,None,None,None,31.6,29.41,2.8986,None,None,None,None,None,None,18908000,None,10.7,None,33.01,26.43
2025-12-28,VICI,2.63,3969078000.0,10.7,None,0.714,25.89,793000,None,None,None,-118000,-793000,None,None,-67000,None,None,None,None,360778938,None,14067000,14067000,None,None,None,None,None,None,2904000,776000,1.748,0.0625,None,None,None,0.014,0.02,39000,2943000,0.69,2016-09-30,9.74,None,3932268000.0,4841000,42636000,-4000,None,None,None,39000,None,None,None,None,None,None,None,None,4000,None,None,0.977,1087000,4802000,39000,None,None,None,None,None,None,None,None,None,1.086,7.58,None,None,None,None,None,None,None,0.702,None,None,2025-10-30,quarterly,0.71,None,pre-market,None,None,0.0501,0.104,0.044,3.749,1808000,None,None,None,31.6,29.41,2.8986,None,None,None,None,None,None,18908000,None,10.7,None,33.01,26.43
2025-12-28,VICI,2.63,3969078000.0,10.7,None,0.714,25.89,0,None,None,None,-186000,None,None,None,45000,None,None,None,None,360778938,None,14067000,14067000,None,None,None,None,None,None,2904000,725000,1.748,0.0625,None,None,None,0.014,0.02,39000,2943000,0.69,2016-06-30,9.74,None,3932268000.0,4841000,42636000,-4000,None,None,None,39000,None,None,None,None,None,None,None,None,4000,None,None,0.977,397000,4802000,39000,None,None,None,None,None,None,None,None,None,1.086,7.58,None,None,None,None,None,None,None,0.702,None,None,2025-10-30,quarterly,0.71,None,pre-market,None,None,0.0501,0.104,0.044,3.749,1808000,None,None,None,31.6,29.41,2.8986,None,None,None,None,None,None,18908000,None,10.7,None,33.01,26.43
2025-12-28,VICI,2.63,3969078000.0,10.7,None,0.714,25.89,0,None,None,None,-804000,None,None,None,13000,None,None,None,None,360778938,None,14067000,14067000,None,None,None,None,None,None,2904000,726000,1.748,0.0625,None,None,None,0.014,0.02,39000,2943000,0.69,2016-03-31,9.74,None,3932268000.0,4841000,42636000,-4000,None,None,None,39000,None,None,None,None,None,None,None,None,4000,None,None,0.977,902000,4802000,39000,None,None,None,None,None,None,None,None,None,1.086,7.58,None,None,None,None,None,None,None,0.702,None,None,2025-10-30,quarterly,0.71,None,pre-market,None,None,0.0501,0.104,0.044,3.749,1808000,None,None,None,31.6,29.41,2.8986,None,None,None,None,None,None,18908000,None,10.7,None,33.01,26.43
2025-12-28,VICI,2.63,3969078000.0,10.7,None,0.714,25.89,7526000,None,None,None,-1457121000,-922781000,None,None,None,None,None,None,None,360778938,None,14067000,14067000,None,None,None,None,None,None,2904000,4125000,1.748,0.0625,1752991000,1752991000,None,0.014,0.02,39000,2943000,0.69,2024-12-31,9.74,None,3932268000.0,4841000,42636000,-4000,None,None,None,39000,None,None,None,None,None,None,None,2721242000,4000,None,None,0.977,2381498000,4802000,39000,None,None,None,None,None,None,None,None,None,1.086,7.58,None,None,None,None,None,-5341000,None,0.702,None,None,2025-10-30,annual,0.71,USD,pre-market,None,None,0.0501,0.104,0.044,3.749,1808000,None,None,None,31.6,29.41,2.8986,None,None,None,None,None,None,18908000,None,10.7,None,33.01,26.43
2025-12-28,VICI,2.63,3969078000.0,10.7,None,0.714,25.89,4035000,None,None,None,1031790000,-2899095000,None,None,None,None,None,None,None,360778938,None,14067000,14067000,None,None,None,None,None,None,2904000,4298000,1.748,0.0625,1583840000,1583840000,None,0.014,0.02,39000,2943000,0.69,2023-12-31,9.74,None,3932268000.0,4841000,42636000,-4000,None,None,None,39000,None,None,None,None,None,None,None,2554622000,4000,None,None,0.977,2181009000,4802000,39000,None,None,None,None,None,None,None,None,None,1.086,7.58,None,None,None,None,None,-4966000,None,0.702,None,None,2025-10-30,annual,0.71,USD,pre-market,None,None,0.0501,0.104,0.044,3.749,1808000,None,None,None,31.6,29.41,2.8986,None,None,None,None,None,None,18908000,None,10.7,None,33.01,26.43
2025-12-28,VICI,2.63,3969078000.0,10.7,None,0.714,25.89,1876000,None,None,None,6829937000,-9304014000,-530681000,None,None,None,None,None,None,360778938,None,14067000,14067000,None,None,None,None,None,None,2904000,3182000,1.748,0.0625,1219117000,1219117000,None,0.014,0.02,39000,2943000,0.69,2022-12-31,9.74,None,3932268000.0,4841000,42636000,-4000,None,None,None,39000,None,None,None,None,None,None,None,1136267000,4000,None,None,0.977,1943396000,4802000,39000,None,None,None,None,None,None,None,None,None,1.086,7.58,None,None,None,None,None,-6156000,None,0.702,None,None,2025-10-30,annual,0.71,USD,pre-market,None,None,0.0501,0.104,0.044,3.749,1808000,None,None,None,31.6,29.41,2.8986,None,None,None,None,None,None,18908000,None,10.7,None,33.01,26.43
2025-12-28,VICI,2.63,3969078000.0,10.7,None,0.714,25.89,2505000,None,None,None,-514178000,41449000,423621000,None,None,None,None,None,None,360778938,None,14067000,14067000,None,None,None,None,None,None,2904000,3091000,1.748,0.0625,758790000,758790000,None,0.014,0.02,39000,2943000,0.69,2021-12-31,9.74,None,3932268000.0,4841000,42636000,-4000,None,None,None,39000,None,None,None,None,None,None,None,1023158000,4000,None,None,0.977,896350000,4802000,39000,None,None,None,None,None,None,None,None,None,1.086,7.58,None,None,None,None,None,-1734000,None,0.702,None,None,2025-10-30,annual,0.71,USD,pre-market,None,None,0.0501,0.104,0.044,3.749,1808000,None,None,None,31.6,29.41,2.8986,None,None,None,None,None,None,18908000,None,10.7,None,33.01,26.43
2025-12-28,VICI,2.63,3969078000.0,10.7,None,0.714,25.89,2768000,None,None,None,2879219000,-4548759000,-785900000,None,None,None,None,None,None,360778938,None,14067000,14067000,None,None,None,None,None,None,2904000,3731000,1.748,0.0625,612205000,612205000,None,0.014,0.02,39000,2943000,0.69,2020-12-31,9.74,None,3932268000.0,4841000,42636000,-4000,None,None,None,39000,None,None,None,None,None,None,None,896208000,4000,None,None,0.977,883640000,4802000,39000,None,None,None,None,None,None,None,None,None,1.086,7.58,None,None,None,None,None,-207000,None,0.702,None,None,2025-10-30,annual,0.71,USD,pre-market,None,None,0.0501,0.104,0.044,3.749,1808000,None,None,None,31.6,29.41,2.8986,None,None,None,None,None,None,18908000,None,10.7,None,33.01,26.43
2025-12-28,VICI,2.63,3969078000.0,10.7,None,0.714,25.89,2724000,None,None,None,1182666000,-1361379000,503446000,None,None,None,None,239000,None,360778938,None,14067000,14067000,None,None,None,None,None,None,2904000,3831000,1.748,0.0625,503958000,503958000,None,0.014,0.02,39000,2943000,0.69,2019-12-31,9.74,None,3932268000.0,4841000,42636000,-4000,None,None,None,39000,None,None,None,None,None,None,None,554281000,4000,None,None,0.977,682159000,4802000,39000,None,None,None,None,None,None,None,None,None,1.086,7.58,None,None,None,None,None,2250000000,None,0.702,None,None,2025-10-30,annual,0.71,USD,pre-market,None,None,0.0501,0.104,0.044,3.749,1808000,None,None,None,31.6,29.41,2.8986,None,None,None,None,None,None,18908000,None,10.7,None,33.01,26.43
2025-12-28,VICI,2.63,3969078000.0,10.7,None,0.714,25.89,899000,None,None,None,1037836000,-1140877000,401041000,None,None,None,None,-45404000,None,360778938,None,14067000,14067000,None,None,None,None,None,None,2904000,3686000,1.748,0.0625,262682000,262682000,None,0.014,0.02,39000,2943000,0.69,2018-12-31,9.74,None,3932268000.0,4841000,42636000,-4000,None,None,None,39000,None,None,None,None,None,None,None,532117000,4000,None,None,0.977,504082000,4802000,39000,None,None,None,None,None,None,None,None,None,1.086,7.58,None,None,None,None,None,2001493000,None,0.702,None,None,2025-10-30,annual,0.71,USD,pre-market,None,None,0.0501,0.104,0.044,3.749,1808000,None,None,None,31.6,29.41,2.8986,None,None,None,None,None,None,18908000,None,10.7,None,33.01,26.43
2025-12-28,VICI,2.63,3969078000.0,10.7,None,0.714,25.89,1969000,None,None,None,1147284000,-1138169000,45288000,None,71000,None,None,None,None,360778938,None,14067000,14067000,None,None,None,None,None,None,2904000,3153000,1.748,0.0625,262682000,262682000,None,0.014,0.02,39000,2943000,0.69,2017-12-31,9.74,None,3932268000.0,4841000,42636000,-4000,None,None,None,39000,None,None,None,None,None,None,None,44537000,4000,None,None,0.977,131684000,4802000,39000,None,None,None,None,None,None,None,None,None,1.086,7.58,None,None,None,None,None,963782000,None,0.702,None,None,2025-10-30,annual,0.71,USD,pre-market,None,None,0.0501,0.104,0.044,3.749,1808000,None,None,None,31.6,29.41,2.8986,None,None,None,None,None,None,18908000,None,10.7,None,33.01,26.43
2025-12-28,VICI,2.63,3969078000.0,10.7,None,0.714,25.89,869000,None,None,None,-1283000,-869000,None,None,71000,None,None,None,None,360778938,None,14067000,14067000,None,None,None,None,None,None,2904000,3030000,1.748,0.0625,262682000,262682000,None,0.014,0.02,39000,2943000,0.69,2016-12-31,9.74,None,3932268000.0,4841000,42636000,-4000,None,None,None,39000,None,None,None,None,None,None,None,0,4000,None,None,0.977,2721000,4802000,39000,None,None,None,None,None,None,None,None,None,1.086,7.58,None,None,None,None,None,963782000,None,0.702,None,None,2025-10-30,annual,0.71,USD,pre-market,None,None,0.0501,0.104,0.044,3.749,1808000,None,None,None,31.6,29.41,2.8986,None,None,None,None,None,None,18908000,None,10.7,None,33.01,26.43
2025-12-28,VICI,2.63,3969078000.0,10.7,None,0.714,25.89,798000,None,None,None,-2026000,-732000,None,None,-5000,None,None,None,None,360778938,None,14067000,14067000,None,None,None,None,None,None,2904000,2882000,1.748,0.0625,262682000,262682000,None,0.014,0.02,39000,2943000,0.69,2015-12-31,9.74,None,3932268000.0,4841000,42636000,-4000,None,None,None,39000,None,None,None,None,None,None,None,3000,4000,None,None,0.977,2888000,4802000,39000,None,None,None,None,None,None,None,None,None,1.086,7.58,None,None,None,None,None,963782000,None,0.702,None,None,2025-10-30,annual,0.71,USD,pre-market,None,None,0.0501,0.104,0.044,3.749,1808000,None,None,None,31.6,29.41,2.8986,None,None,None,None,None,None,18908000,None,10.7,None,33.01,26.43
2025-12-28,VICI,2.63,3969078000.0,10.7,None,0.714,25.89,17000,None,None,None,-2968000,-11000,None,None,-54000,None,None,None,None,360778938,None,14067000,14067000,None,None,None,None,None,None,2904000,2904000,1.748,0.0625,None,None,None,0.014,0.02,39000,2943000,0.69,2014-12-31,9.74,None,3932268000.0,4841000,42636000,-4000,None,None,None,39000,None,None,None,None,None,None,None,4000,4000,None,None,0.977,3073000,4802000,39000,None,None,None,None,None,None,None,None,None,1.086,7.58,None,None,None,None,None,963782000,None,0.702,None,None,2025-10-30,annual,0.71,USD,pre-market,None,None,0.0501,0.104,0.044,3.749,1808000,None,None,None,31.6,29.41,2.8986,None,None,None,None,None,None,18908000,None,10.7,None,33.01,26.43
