date,symbol,eps,revenue_ttm,pe_ratio,accumulateddepreciationamortizationppe,beta,book_value,capitalexpenditures,capitalleaseobligations,cashandcashequivalentsatcarryingvalue,cashandshortterminvestments,cashflowfromfinancing,cashflowfrominvestment,changeincashandcashequivalents,changeinexchangerate,changeininventory,changeinoperatingassets,changeinoperatingliabilities,changeinreceivables,commonstock,commonstocksharesoutstanding,comprehensiveincomenetoftax,costofgoodsandservicessold,costofrevenue,currentaccountspayable,currentdebt,currentlongtermdebt,currentnetreceivables,deferredrevenue,depreciation,depreciationandamortization,depreciationdepletionandamortization,dividend_per_share,dividend_yield,dividendpayout,dividendpayoutcommonstock,dividendpayoutpreferredstock,earnings_growth_yoy,earnings_surprise,ebit,ebitda,estimated_eps,fiscaldateending,forward_pe,goodwill,gross_profit_ttm,grossprofit,incomebeforetax,incometaxexpense,intangibleassets,intangibleassetsexcludinggoodwill,interestanddebtexpense,interestexpense,interestincome,inventory,investmentincomenet,investments,longtermdebt,longtermdebtnoncurrent,longterminvestments,netincome,netincomefromcontinuingoperations,netinterestincome,noninterestincome,operating_margin_ttm,operatingcashflow,operatingexpenses,operatingincome,othercurrentassets,othercurrentliabilities,othernoncurrentassets,othernoncurrentliabilities,othernonoperatingincome,paymentsforoperatingactivities,paymentsforrepurchaseofcommonstock,paymentsforrepurchaseofequity,paymentsforrepurchaseofpreferredstock,peg_ratio,price_to_book,price_to_sales_ttm,proceedsfromissuanceofcommonstock,proceedsfromissuanceoflongtermdebtandcapitalsecuritiesnet,proceedsfromissuanceofpreferredstock,proceedsfromoperatingactivities,proceedsfromrepaymentsofshorttermdebt,proceedsfromrepurchaseofequity,proceedsfromsaleoftreasurystock,profit_margin,profitloss,propertyplantequipment,report_date,report_type,reported_eps,reportedcurrency,reporttime,researchanddevelopment,retainedearnings,return_on_assets_ttm,return_on_equity_ttm,revenue_growth_yoy,revenue_per_share_ttm,sellinggeneralandadministrative,shortlongtermdebttotal,shorttermdebt,shortterminvestments,sma_200,sma_50,surprise_pct,totalassets,totalcurrentassets,totalcurrentliabilities,totalliabilities,totalnoncurrentassets,totalnoncurrentliabilities,totalrevenue,totalshareholderequity,trailing_pe,treasurystock,week_52_high,week_52_low
1996-03-31,VLO,,,,,,,,,,,,,,,,,,,,,,,,,,,,,,,,,,,,,,0.05,,,0.05,,,,,,,,,,,,,,,,,,,,,,,,,,,,,,,,,,,,,,,,,,,,,,,,,1996-04-17,,0.1,,pre-market,,,,,,,,,,,,,100.0,,,,,,,,,,,,
1996-06-30,VLO,,,,,,,,,,,,,,,,,,,,,,,,,,,,,,,,,,,,,,0.0,,,0.1,,,,,,,,,,,,,,,,,,,,,,,,,,,,,,,,,,,,,,,,,,,,,,,,,1996-07-18,,0.1,,pre-market,,,,,,,,,,,,,0.0,,,,,,,,,,,,
1996-09-30,VLO,,,,,,,,,,,,,,,,,,,,,,,,,,,,,,,,,,,,,,-0.01,,,0.07,,,,,,,,,,,,,,,,,,,,,,,,,,,,,,,,,,,,,,,,,,,,,,,,,1996-10-24,,0.06,,pre-market,,,,,,,,,,,,,-14.2857,,,,,,,,,,,,
1996-12-31,VLO,,,,,,,,,,,,,,,,,,,,,,,,,,,,,,,,,,,,,,0.01,,,0.08,,,,,,,,,,,,,,,,,,,,,,,,,,,,,,,,,,,,,,,,,,,,,,,,,1997-01-21,,0.09,,pre-market,,,,,,,,,,,,,12.5,,,,,,,,,,,,
1997-03-31,VLO,,,,,,,,,,,,,,,,,,,,,,,,,,,,,,,,,,,,,,-0.01,,,0.08,,,,,,,,,,,,,,,,,,,,,,,,,,,,,,,,,,,,,,,,,,,,,,,,,1997-04-17,,0.07,,pre-market,,,,,,,,,,,,,-12.5,,,,,,,,,,,,
1997-06-30,VLO,,,,,,,,,,,,,,,,,,,,,,,,,,,,,,,,,,,,,,0.02,,,0.12,,,,,,,,,,,,,,,,,,,,,,,,,,,,,,,,,,,,,,,,,,,,,,,,,1997-07-17,,0.14,,pre-market,,,,,,,,,,,,,16.6667,,,,,,,,,,,,
1997-09-30,VLO,,,,,,,,,,,,,,,,,,,,,,,,,,,,,,,,,,,,,,0.0,,,0.23,,,,,,,,,,,,,,,,,,,,,,,,,,,,,,,,,,,,,,,,,,,,,,,,,1997-10-21,,0.23,,pre-market,,,,,,,,,,,,,0.0,,,,,,,,,,,,
1997-12-31,VLO,,,,,,,,,,,,,,,,,,,,,,,,,,,,,,,,,,,,,,-0.01,,,0.07,,,,,,,,,,,,,,,,,,,,,,,,,,,,,,,,,,,,,,,,,,,,,,,,,1998-01-22,,0.06,,pre-market,,,,,,,,,,,,,-14.2857,,,,,,,,,,,,
1998-03-31,VLO,,,,,,,,,,,,,,,,,,,,,,,,,,,,,,,,,,,,,,0.0,,,0.08,,,,,,,,,,,,,,,,,,,,,,,,,,,,,,,,,,,,,,,,,,,,,,,,,1998-04-27,,0.08,,pre-market,,,,,,,,,,,,,0.0,,,,,,,,,,,,
1998-06-30,VLO,,,,,,,,,,,,,,,,,,,,,,,,,,,,,,,,,,,,,,0.01,,,0.17,,,,,,,,,,,,,,,,,,,,,,,,,,,,,,,,,,,,,,,,,,,,,,,,,1998-07-21,,0.18,,pre-market,,,,,,,,,,,,,5.8824,,,,,,,,,,,,
1998-09-30,VLO,,,,,,,,,,,,,,,,,,,,,,,,,,,,,,,,,,,,,,-0.02,,,0.04,,,,,,,,,,,,,,,,,,,,,,,,,,,,,,,,,,,,,,,,,,,,,,,,,1998-10-20,,0.02,,pre-market,,,,,,,,,,,,,-50.0,,,,,,,,,,,,
1998-12-31,VLO,,,,,,,,,,,,,,,,,,,,,,,,,,,,,,,,,,,,,,0.0,,,0.01,,,,,,,,,,,,,,,,,,,,,,,,,,,,,,,,,,,,,,,,,,,,,,,,,1999-02-02,,0.01,,pre-market,,,,,,,,,,,,,0.0,,,,,,,,,,,,
1999-03-31,VLO,,,,,,,,,,,,,,,,,,,,,,,,,,,,,,,,,,,,,,0.07,,,-0.08,,,,,,,,,,,,,,,,,,,,,,,,,,,,,,,,,,,,,,,,,,,,,,,,,1999-04-26,,-0.01,,pre-market,,,,,,,,,,,,,87.5,,,,,,,,,,,,
1999-06-30,VLO,,,,,,,,,,,,,,,,,,,,,,,,,,,,,,,,,,,,,,-0.02,,,-0.08,,,,,,,,,,,,,,,,,,,,,,,,,,,,,,,,,,,,,,,,,,,,,,,,,1999-07-26,,-0.1,,pre-market,,,,,,,,,,,,,-25.0,,,,,,,,,,,,
1999-09-30,VLO,,,,,,,,,,,,,,,,,,,,,,,,,,,,,,,,,,,,,,0.0,,,0.1,,,,,,,,,,,,,,,,,,,,,,,,,,,,,,,,,,,,,,,,,,,,,,,,,1999-10-19,,0.1,,pre-market,,,,,,,,,,,,,0.0,,,,,,,,,,,,
1999-12-31,VLO,,,,,,,,,,,,,,,,,,,,,,,,,,,,,,,,,,,,,,0.04,,,0.03,,,,,,,,,,,,,,,,,,,,,,,,,,,,,,,,,,,,,,,,,,,,,,,,,2000-01-25,,0.07,,pre-market,,,,,,,,,,,,,133.3333,,,,,,,,,,,,
2000-03-31,VLO,,,,,,,,,,,,,,,,,,,,,,,,,,,,,,,,,,,,,,0.02,,,0.12,,,,,,,,,,,,,,,,,,,,,,,,,,,,,,,,,,,,,,,,,,,,,,,,,2000-04-20,,0.14,,pre-market,,,,,,,,,,,,,16.6667,,,,,,,,,,,,
2000-06-30,VLO,,,,,,,,,,,,,,,,,,,,,,,,,,,,,,,,,,,,,,0.04,,,0.34,,,,,,,,,,,,,,,,,,,,,,,,,,,,,,,,,,,,,,,,,,,,,,,,,2000-07-20,,0.38,,pre-market,,,,,,,,,,,,,11.7647,,,,,,,,,,,,
2000-09-30,VLO,,,,,,,,,,,,,,,,,,,,,,,,,,,,,,,,,,,,,,0.1,,,0.4,,,,,,,,,,,,,,,,,,,,,,,,,,,,,,,,,,,,,,,,,,,,,,,,,2000-10-17,,0.5,,pre-market,,,,,,,,,,,,,25.0,,,,,,,,,,,,
2000-12-31,VLO,,,,,,,,,,,,,,,,,,,,,,,,,,,,,,,,,,,,,,0.05,,,0.32,,,,,,,,,,,,,,,,,,,,,,,,,,,,,,,,,,,,,,,,,,,,,,,,,2001-01-17,,0.37,,pre-market,,,,,,,,,,,,,15.625,,,,,,,,,,,,
2001-03-31,VLO,,,,,,,,,,,,,,,,,,,,,,,,,,,,,,,,,,,,,,0.15,,,0.38,,,,,,,,,,,,,,,,,,,,,,,,,,,,,,,,,,,,,,,,,,,,,,,,,2001-04-17,,0.53,,post-market,,,,,,,,,,,,,39.4737,,,,,,,,,,,,
2001-06-30,VLO,,,,,,,,,,,,,,,,,,,,,,,,,,,,,,,,,,,,,,0.01,,,1.05,,,,,,,,,,,,,,,,,,,,,,,,,,,,,,,,,,,,,,,,,,,,,,,,,2001-07-24,,1.06,,pre-market,,,,,,,,,,,,,0.9524,,,,,,,,,,,,
2001-09-30,VLO,,,,,,,,,,,,,,,,,,,,,,,,,,,,,,,,,,,,,,0.09,,,0.31,,,,,,,,,,,,,,,,,,,,,,,,,,,,,,,,,,,,,,,,,,,,,,,,,2001-10-23,,0.4,,pre-market,,,,,,,,,,,,,29.0323,,,,,,,,,,,,
2001-12-31,VLO,,,,,,,,,,,,,,,,,,,,,,,,,,,,,,,,,,,,,,0.06,,,0.15,,,,,,,,,,,,,,,,,,,,,,,,,,,,,,,,,,,,,,,,,,,,,,,,,2002-01-29,,0.21,,pre-market,,,,,,,,,,,,,40.0,,,,,,,,,,,,
2002-03-31,VLO,,,,,,,,,,,,,,,,,,,,,,,,,,,,,,,,,,,,,,-0.07,,,-0.02,,,,,,,,,,,,,,,,,,,,,,,,,,,,,,,,,,,,,,,,,,,,,,,,,2002-04-30,,-0.09,,pre-market,,,,,,,,,,,,,-350.0,,,,,,,,,,,,
2002-06-30,VLO,,,,,,,,,,,,,,,,,,,,,,,,,,,,,,,,,,,,,,0.0,,,0.03,,,,,,,,,,,,,,,,,,,,,,,,,,,,,,,,,,,,,,,,,,,,,,,,,2002-07-30,,0.03,,pre-market,,,,,,,,,,,,,0.0,,,,,,,,,,,,
2002-09-30,VLO,,,,,,,,,,,,,,,,,,,,,,,,,,,,,,,,,,,,,,0.01,,,0.06,,,,,,,,,,,,,,,,,,,,,,,,,,,,,,,,,,,,,,,,,,,,,,,,,2002-10-30,,0.07,,pre-market,,,,,,,,,,,,,16.6667,,,,,,,,,,,,
2002-12-31,VLO,,,,,,,,,,,,,,,,,,,,,,,,,,,,,,,,,,,,,,0.01,,,0.19,,,,,,,,,,,,,,,,,,,,,,,,,,,,,,,,,,,,,,,,,,,,,,,,,2003-01-28,,0.2,,pre-market,,,,,,,,,,,,,5.2632,,,,,,,,,,,,
2003-03-31,VLO,,,,,,,,,,,,,,,,,,,,,,,,,,,,,,,,,,,,,,0.05,,,0.33,,,,,,,,,,,,,,,,,,,,,,,,,,,,,,,,,,,,,,,,,,,,,,,,,2003-04-22,,0.38,,pre-market,,,,,,,,,,,,,15.1515,,,,,,,,,,,,
2003-06-30,VLO,,,,,,,,,,,,,,,,,,,,,,,,,,,,,,,,,,,,,,0.0,,,0.27,,,,,,,,,,,,,,,,,,,,,,,,,,,,,,,,,,,,,,,,,,,,,,,,,2003-07-29,,0.27,,pre-market,,,,,,,,,,,,,0.0,,,,,,,,,,,,
2003-09-30,VLO,,,,,,,,,,,,,,,,,,,,,,,,,,,,,,,,,,,,,,0.01,,,0.37,,,,,,,,,,,,,,,,,,,,,,,,,,,,,,,,,,,,,,,,,,,,,,,,,2003-10-30,,0.38,,pre-market,,,,,,,,,,,,,2.7027,,,,,,,,,,,,
2003-12-31,VLO,,,,,,,,,,,,,,,,,,,,,,,,,,,,,,,,,,,,,,0.01,,,0.25,,,,,,,,,,,,,,,,,,,,,,,,,,,,,,,,,,,,,,,,,,,,,,,,,2004-01-27,,0.26,,pre-market,,,,,,,,,,,,,4.0,,,,,,,,,,,,
2004-03-31,VLO,,,,,,,,,,,,,,,,,,,,,,,,,,,,,,,,,,,,,,0.02,,,0.44,,,,,,,,,,,,,,,,,,,,,,,,,,,,,,,,,,,,,,,,,,,,,,,,,2004-04-28,,0.46,,pre-market,,,,,,,,,,,,,4.5455,,,,,,,,,,,,
2004-06-30,VLO,,,,,,,,,,,,,,,,,,,,,,,,,,,,,,,,,,,,,,0.04,,,1.1,,,,,,,,,,,,,,,,,,,,,,,,,,,,,,,,,,,,,,,,,,,,,,,,,2004-07-29,,1.14,,pre-market,,,,,,,,,,,,,3.6364,,,,,,,,,,,,
2004-09-30,VLO,,,,,,,,,,,,,,,,,,,,,,,,,,,,,,,,,,,,,,0.05,,,0.74,,,,,,,,,,,,,,,,,,,,,,,,,,,,,,,,,,,,,,,,,,,,,,,,,2004-10-26,,0.79,,pre-market,,,,,,,,,,,,,6.7568,,,,,,,,,,,,
2004-12-31,VLO,,,,,,,,,,,,,,,,,,,,,,,,,,,,,,,,,,,,,,0.23,,,0.72,,,,,,,,,,,,,,,,,,,,,,,,,,,,,,,,,,,,,,,,,,,,,,,,,2005-02-01,,0.95,,pre-market,,,,,,,,,,,,,31.9444,,,,,,,,,,,,
2005-03-31,VLO,,,,,,,,,,,,,,,,,,,,,,,,,,,,,,,,,,,,,,-0.01,,,0.97,,,,,,,,,,,,,,,,,,,,,,,,,,,,,,,,,,,,,,,,,,,,,,,,,2005-04-21,,0.96,,pre-market,,,,,,,,,,,,,-1.0309,,,,,,,,,,,,
2005-06-30,VLO,,,,,,,,,,,,,,,,,,,,,,,,,,,,,,,,,,,,,,0.03,,,1.5,,,,,,,,,,,,,,,,,,,,,,,,,,,,,,,,,,,,,,,,,,,,,,,,,2005-07-26,,1.53,,pre-market,,,,,,,,,,,,,2.0,,,,,,,,,,,,
2005-09-30,VLO,,,,,,,,,,,,,,,,,,,,,,,,,,,,,,,,,,,,,,0.2,,,1.99,,,,,,,,,,,,,,,,,,,,,,,,,,,,,,,,,,,,,,,,,,,,,,,,,2005-10-31,,2.19,,pre-market,,,,,,,,,,,,,10.0503,,,,,,,,,,,,
2005-12-31,VLO,,,,,,,,,,,,,,,,,,,,,,,,,,,,,,,,,,,,,,0.05,,,1.95,,,,,,,,,,,,,,,,,,,,,,,,,,,,,,,,,,,,,,,,,,,,,,,,,2006-01-31,,2.0,,pre-market,,,,,,,,,,,,,2.5641,,,,,,,,,,,,
2006-03-31,VLO,,,,,,,,,,,,,,,,,,,,,,,,,,,,,,,,,,,,,,0.07,,,1.25,,,,,,,,,,,,,,,,,,,,,,,,,,,,,,,,,,,,,,,,,,,,,,,,,2006-04-25,,1.32,,pre-market,,,,,,,,,,,,,5.6,,,,,,,,,,,,
2006-06-30,VLO,,,,,,,,,,,,,,,,,,,,,,,,,,,,,,,,,,,,,,0.03,,,2.95,,,,,,,,,,,,,,,,,,,,,,,,,,,,,,,,,,,,,,,,,,,,,,,,,2006-08-01,,2.98,,pre-market,,,,,,,,,,,,,1.0169,,,,,,,,,,,,
2006-09-30,VLO,,,,,,,,,,,,,,,,,,,,,,,,,,,,,,,,,,,,,,0.13,,,2.29,,,,,,,,,,,,,,,,,,,,,,,,,,,,,,,,,,,,,,,,,,,,,,,,,2006-10-31,,2.42,,pre-market,,,,,,,,,,,,,5.6769,,,,,,,,,,,,
2006-12-31,VLO,,,,,,,,,,,,,,,,,,,,,,,,,,,,,,,,,,,,,,0.21,,,1.38,,,,,,,,,,,,,,,,,,,,,,,,,,,,,,,,,,,,,,,,,,,,,,,,,2007-02-01,,1.59,,pre-market,,,,,,,,,,,,,15.2174,,,,,,,,,,,,
2007-03-31,VLO,,,,,,,,,,,,,,,,,,,,,,,,,,,,,,,,,,,,,,0.06,,,1.8,,,,,,,,,,,,,,,,,,,,,,,,,,,,,,,,,,,,,,,,,,,,,,,,,2007-04-26,,1.86,,pre-market,,,,,,,,,,,,,3.3333,,,,,,,,,,,,
2007-06-30,VLO,,,,,,,,,,,,,,,,,,,,,,,,,,,,,,,,,,,,,,0.14,,,3.75,,,,,,,,,,,,,,,,,,,,,,,,,,,,,,,,,,,,,,,,,,,,,,,,,2007-07-31,,3.89,,pre-market,,,,,,,,,,,,,3.7333,,,,,,,,,,,,
2007-09-30,VLO,,,,,,,,,,,,,,,,,,,,,,,,,,,,,,,,,,,,,,0.05,,,1.35,,,,,,,,,,,,,,,,,,,,,,,,,,,,,,,,,,,,,,,,,,,,,,,,,2007-11-06,,1.4,,pre-market,,,,,,,,,,,,,3.7037,,,,,,,,,,,,
2007-12-31,VLO,,,,,,,,,,,,,,,,,,,,,,,,,,,,,,,,,,,,,,0.35,,,0.67,,,,,,,,,,,,,,,,,,,,,,,,,,,,,,,,,,,,,,,,,,,,,,,,,2008-01-29,,1.02,,pre-market,,,,,,,,,,,,,52.2388,,,,,,,,,,,,
2008-03-31,VLO,,,,,,,,,,,,,,,,,,,,,,,,,,,,,,,,,,,,,,0.03,,,0.33,,,,,,,,,,,,,,,,,,,,,,,,,,,,,,,,,,,,,,,,,,,,,,,,,2008-04-29,,0.36,,pre-market,,,,,,,,,,,,,9.0909,,,,,,,,,,,,
2008-06-30,VLO,,,,,,,,,,,,,,,,,,,,,,,,,,,,,,,,,,,,,,0.02,,,1.35,,,,,,,,,,,,,,,,,,,,,,,,,,,,,,,,,,,,,,,,,,,,,,,,,2008-07-29,,1.37,,pre-market,,,,,,,,,,,,,1.4815,,,,,,,,,,,,
2008-09-30,VLO,,,,,,,,,,,,,,,,,,,,,,,,,,,,,,,,,,,,,,0.32,,,1.54,,,,,,,,,,,,,,,,,,,,,,,,,,,,,,,,,,,,,,,,,,,,,,,,,2008-10-28,,1.86,,pre-market,,,,,,,,,,,,,20.7792,,,,,,,,,,,,
2008-12-31,VLO,,,,,,,,,,,,,,,,,,,,,,,,,,,,,,,,,,,,,,0.08,,,0.92,,,,,,,,,,,,,,,,,,,,,,,,,,,,,,,,,,,,,,,,,,,,,,,,,2009-01-27,,1.0,,pre-market,,,,,,,,,,,,,8.6957,,,,,,,,,,,,
2009-03-31,VLO,,,,,,,,,,,,,,,,,,,,,,,,,,,,,,,,,,,,,,0.1,,,0.49,,,,,,,,,,,,,,,,,,,,,,,,,,,,,,,,,,,,,,,,,,,,,,,,,2009-04-28,,0.59,,pre-market,,,,,,,,,,,,,20.4082,,,,,,,,,,,,
2009-06-30,VLO,,,,,,,,,,,,,,,,,,,,,,,,,,,,,,,,,,,,,,0.02,,,-0.5,,,,,,,,,,,,,,,,,,,,,,,,,,,,,,,,,,,,,,,,,,,,,,,,,2009-07-28,,-0.48,,pre-market,,,,,,,,,,,,,4.0,,,,,,,,,,,,
2009-09-30,VLO,,,,,,,,,,,,,,,,,,,,,,,,,,,,,,,,,,,,,,-0.05,,,-0.34,,,,,,,,,,,,,,,,,,,,,,,,,,,,,,,,,,,,,,,,,,,,,,,,,2009-10-27,,-0.39,,pre-market,,,,,,,,,,,,,-14.7059,,,,,,,,,,,,
2009-12-31,VLO,,,,,,,,,,,,,,,,,,,,,,,,,,,,,,,,,,,,,,0.2,,,-0.48,,,,,,,,,,,,,,,,,,,,,,,,,,,,,,,,,,,,,,,,,,,,,,,,,2010-01-27,,-0.28,,pre-market,,,,,,,,,,,,,41.6667,,,,,,,,,,,,
2010-03-31,VLO,,,,,,,,,,,,,,,,,,,,,,,,,,,,,,,,,,,,,,0.04,,,-0.22,,,,,,,,,,,,,,,,,,,,,,,,,,,,,,,,,,,,,,,,,,,,,,,,,2010-04-27,,-0.18,,pre-market,,,,,,,,,,,,,18.1818,,,,,,,,,,,,
2010-06-30,VLO,,,,,,,,,,,,,,,,,,,,,,,,,,,,,,,,,,,,,,0.25,,,0.68,,,,,,,,,,,,,,,,,,,,,,,,,,,,,,,,,,,,,,,,,,,,,,,,,2010-07-27,,0.93,,pre-market,,,,,,,,,,,,,36.7647,,,,,,,,,,,,
2010-09-30,VLO,,,,,,,,,,,,,,,,,,,,,,,,,,,,,,,,,,,,,,0.04,,,0.47,,,,,,,,,,,,,,,,,,,,,,,,,,,,,,,,,,,,,,,,,,,,,,,,,2010-10-26,,0.51,,pre-market,,,,,,,,,,,,,8.5106,,,,,,,,,,,,
2010-12-31,VLO,,,,,,,,,,,,,,,,,,,,,,,,,,,,,,,,,,,,,,0.06,,,0.34,,,,,,,,,,,,,,,,,,,,,,,,,,,,,,,,,,,,,,,,,,,,,,,,,2011-01-26,,0.4,,pre-market,,,,,,,,,,,,,17.6471,,,,,,,,,,,,
2011-03-31,VLO,,,,,,,,,,,,,,,,,,,,,,,,,,,,,,,,,,,,,,0.43,,,0.36,,,,,,,,,,,,,,,,,,,,,,,,,,,,,,,,,,,,,,,,,,,,,,,,,2011-04-26,,0.79,,pre-market,,,,,,,,,,,,,119.4444,,,,,,,,,,,,
2011-06-30,VLO,,,,,,,,,,,,,,,,,,,,,,,,,,,,,,,,,,,,,,-0.15,,,1.45,,,,,,,,,,,,,,,,,,,,,,,,,,,,,,,,,,,,,,,,,,,,,,,,,2011-07-26,,1.3,,pre-market,,,,,,,,,,,,,-10.3448,,,,,,,,,,,,
2011-09-30,VLO,,,,,,,,,,,,,,,,,,,,,,,,,,,,,,,,,,,,,,0.33,,,1.78,,,,,,,,,,,,,,,,,,,,,,,,,,,,,,,,,,,,,,,,,,,,,,,,,2011-11-01,,2.11,,pre-market,,,,,,,,,,,,,18.5393,,,,,,,,,,,,
2011-12-31,VLO,,,,,,,,,,,,,,,,,,,,,,,,,,,,,,,,,,,,,,0.04,,,-0.25,,,,,,,,,,,,,,,,,,,,,,,,,,,,,,,,,,,,,,,,,,,,,,,,,2012-01-31,,-0.21,,pre-market,,,,,,,,,,,,,16.0,,,,,,,,,,,,
2012-03-31,VLO,,,,,,,,,,,,,,,,,,,,,,,,,,,,,,,,,,,,,,0.03,,,0.28,,,,,,,,,,,,,,,,,,,,,,,,,,,,,,,,,,,,,,,,,,,,,,,,,2012-05-01,,0.31,,pre-market,,,,,,,,,,,,,10.7143,,,,,,,,,,,,
2012-06-30,VLO,,,,,,,,,,,,,,,,,,,,,,,,,,,,,,,,,,,,,,0.06,,,1.44,,,,,,,,,,,,,,,,,,,,,,,,,,,,,,,,,,,,,,,,,,,,,,,,,2012-07-31,,1.5,,pre-market,,,,,,,,,,,,,4.1667,,,,,,,,,,,,
2012-09-30,VLO,,,,,,,,,,,,,,,,,,,,,,,,,,,,,,,,,,,,,,0.15,,,1.75,,,,,,,,,,,,,,,,,,,,,,,,,,,,,,,,,,,,,,,,,,,,,,,,,2012-10-30,,1.9,,pre-market,,,,,,,,,,,,,8.5714,,,,,,,,,,,,
2012-12-31,VLO,,,,,,,,,,,,,,,,,,,,,,,,,,,,,,,,,,,,,,0.73,,,1.15,,,,,,,,,,,,,,,,,,,,,,,,,,,,,,,,,,,,,,,,,,,,,,,,,2013-01-29,,1.88,,pre-market,,,,,,,,,,,,,63.4783,,,,,,,,,,,,
2013-03-31,VLO,,,,,,,,,,,,,,,,,,,,,,,,,,,,,,,,,,,,,,0.18,,,1.0,,,,,,,,,,,,,,,,,,,,,,,,,,,,,,,,,,,,,,,,,,,,,,,,,2013-04-30,,1.18,,pre-market,,,,,,,,,,,,,18.0,,,,,,,,,,,,
2013-06-30,VLO,,,,,,,,,,,,,,,,,,,,,,,,,,,,,,,,,,,,,,0.02,,,0.94,,,,,,,,,,,,,,,,,,,,,,,,,,,,,,,,,,,,,,,,,,,,,,,,,2013-07-23,,0.96,,pre-market,,,,,,,,,,,,,2.1277,,,,,,,,,,,,
2013-09-30,VLO,,,,,,,,,,,,,,,,,,,,,,,,,,,,,,,,,,,,,,0.16,,,0.41,,,,,,,,,,,,,,,,,,,,,,,,,,,,,,,,,,,,,,,,,,,,,,,,,2013-10-29,,0.57,,pre-market,,,,,,,,,,,,,39.0244,,,,,,,,,,,,
2013-12-31,VLO,,,,,,,,,,,,,,,,,,,,,,,,,,,,,,,,,,,,,,0.31,,,1.47,,,,,,,,,,,,,,,,,,,,,,,,,,,,,,,,,,,,,,,,,,,,,,,,,2014-01-29,,1.78,,pre-market,,,,,,,,,,,,,21.0884,,,,,,,,,,,,
2014-03-31,VLO,,,,,,,,,,,,,,,,,,,,,,,,,,,,,,,,,,,,,,0.14,,,1.4,,,,,,,,,,,,,,,,,,,,,,,,,,,,,,,,,,,,,,,,,,,,,,,,,2014-04-29,,1.54,,pre-market,,,,,,,,,,,,,10.0,,,,,,,,,,,,
2014-06-30,VLO,,,,,,,,,,,,,,,,,,,,,,,,,,,,,,,,,,,,,,0.02,,,1.2,,,,,,,,,,,,,,,,,,,,,,,,,,,,,,,,,,,,,,,,,,,,,,,,,2014-07-30,,1.22,,pre-market,,,,,,,,,,,,,1.6667,,,,,,,,,,,,
2014-09-30,VLO,,,,,,,,,,,,,,,,,,,,,,,,,,,,,,,,,,,,,,0.45,,,1.55,,,,,,,,,,,,,,,,,,,,,,,,,,,,,,,,,,,,,,,,,,,,,,,,,2014-11-04,,2.0,,pre-market,,,,,,,,,,,,,29.0323,,,,,,,,,,,,
2014-12-31,VLO,,,,,,,,,,,,,,,,,,,,,,,,,,,,,,,,,,,,,,0.51,,,1.32,,,,,,,,,,,,,,,,,,,,,,,,,,,,,,,,,,,,,,,,,,,,,,,,,2015-01-29,,1.83,,pre-market,,,,,,,,,,,,,38.6364,,,,,,,,,,,,
2015-03-31,VLO,,,,,,,,,,,,,,,,,,,,,,,,,,,,,,,,,,,,,,0.2,,,1.67,,,,,,,,,,,,,,,,,,,,,,,,,,,,,,,,,,,,,,,,,,,,,,,,,2015-04-28,,1.87,,pre-market,,,,,,,,,,,,,11.976,,,,,,,,,,,,
2015-06-30,VLO,,,,,,,,,,,,,,,,,,,,,,,,,,,,,,,,,,,,,,0.25,,,2.41,,,,,,,,,,,,,,,,,,,,,,,,,,,,,,,,,,,,,,,,,,,,,,,,,2015-07-30,,2.66,,pre-market,,,,,,,,,,,,,10.3734,,,,,,,,,,,,
2015-09-30,VLO,,,,,,,,,,,,,,,,,,,,,,,,,,,,,,,,,,,,,,0.13,,,2.66,,,,,,,,,,,,,,,,,,,,,,,,,,,,,,,,,,,,,,,,,,,,,,,,,2015-10-28,,2.79,,pre-market,,,,,,,,,,,,,4.8872,,,,,,,,,,,,
2015-12-31,VLO,,,,,,,,,,,,,,,,,,,,,,,,,,,,,,,,,,,,,,0.32,,,1.47,,,,,,,,,,,,,,,,,,,,,,,,,,,,,,,,,,,,,,,,,,,,,,,,,2016-01-28,,1.79,,pre-market,,,,,,,,,,,,,21.7687,,,,,,,,,,,,
2016-03-31,VLO,,,,,,,,,,,,,,,,,,,,,,,,,,,,,,,,,,,,,,-0.05,,,0.65,,,,,,,,,,,,,,,,,,,,,,,,,,,,,,,,,,,,,,,,,,,,,,,,,2016-05-03,,0.6,,pre-market,,,,,,,,,,,,,-7.6923,,,,,,,,,,,,
2016-06-30,VLO,,,,,,,,,,,,,,,,,,,,,,,,,,,,,,,,,,,,,,0.08,,,0.99,,,,,,,,,,,,,,,,,,,,,,,,,,,,,,,,,,,,,,,,,,,,,,,,,2016-07-26,,1.07,,pre-market,,,,,,,,,,,,,8.0808,,,,,,,,,,,,
2016-09-30,VLO,,,,,,,,,,,,,,,,,,,,,,,,,,,,,,,,,,,,,,0.31,,,0.93,,,,,,,,,,,,,,,,,,,,,,,,,,,,,,,,,,,,,,,,,,,,,,,,,2016-10-25,,1.24,,pre-market,,,,,,,,,,,,,33.3333,,,,,,,,,,,,
2016-12-31,VLO,,,,,,,,,,,,,,,,,,,,,,,,,,,,,,,,,,,,,,0.04,,,0.77,,,,,,,,,,,,,,,,,,,,,,,,,,,,,,,,,,,,,,,,,,,,,,,,,2017-01-31,,0.81,,pre-market,,,,,,,,,,,,,5.1948,,,,,,,,,,,,
2017-03-31,VLO,,,,,,,,,,,,,,,,,,,,,,,,,,,,,,,,,,,,,,0.08,,,0.6,,,,,,,,,,,,,,,,,,,,,,,,,,,,,,,,,,,,,,,,,,,,,,,,,2017-04-25,,0.68,,pre-market,,,,,,,,,,,,,13.3333,,,,,,,,,,,,
2017-06-30,VLO,,,,,,,,,,,,,,,,,,,,,,,,,,,,,,,,,,,,,,0.13,,,1.1,,,,,,,,,,,,,,,,,,,,,,,,,,,,,,,,,,,,,,,,,,,,,,,,,2017-07-27,,1.23,,pre-market,,,,,,,,,,,,,11.8182,,,,,,,,,,,,
2017-09-30,VLO,,,,,,,,,,,,,,,,,,,,,,,,,,,,,,,,,,,,,,0.08,,,1.83,,,,,,,,,,,,,,,,,,,,,,,,,,,,,,,,,,,,,,,,,,,,,,,,,2017-10-26,,1.91,,pre-market,,,,,,,,,,,,,4.3716,,,,,,,,,,,,
2017-12-31,VLO,,,,,,,,,,,,,,,,,,,,,,,,,,,,,,,,,,,,,,0.08,,,1.08,,,,,,,,,,,,,,,,,,,,,,,,,,,,,,,,,,,,,,,,,,,,,,,,,2018-02-01,,1.16,,pre-market,,,,,,,,,,,,,7.4074,,,,,,,,,,,,
2018-03-31,VLO,,,,,,,,,,,,,,,,,,,,,,,,,,,,,,,,,,,,,,0.07,,,0.93,,,,,,,,,,,,,,,,,,,,,,,,,,,,,,,,,,,,,,,,,,,,,,,,,2018-04-26,,1.0,,pre-market,,,,,,,,,,,,,7.5269,,,,,,,,,,,,
2018-06-30,VLO,,,,,,,,,,,,,,,,,,,,,,,,,,,,,,,,,,,,,,0.17,,,1.98,,,,,,,,,,,,,,,,,,,,,,,,,,,,,,,,,,,,,,,,,,,,,,,,,2018-07-26,,2.15,,pre-market,,,,,,,,,,,,,8.5859,,,,,,,,,,,,
2018-09-30,VLO,,,,,,,,,,,,,,,,,,,,,,,,,,,,,,,,,,,,,,0.06,,,1.95,,,,,,,,,,,,,,,,,,,,,,,,,,,,,,,,,,,,,,,,,,,,,,,,,2018-10-25,,2.01,,pre-market,,,,,,,,,,,,,3.0769,,,,,,,,,,,,
2018-12-31,VLO,,,,,,,,,,,,,,,,,,,,,,,,,,,,,,,,,,,,,,1.01,,,1.11,,,,,,,,,,,,,,,,,,,,,,,,,,,,,,,,,,,,,,,,,,,,,,,,,2019-01-31,,2.12,,pre-market,,,,,,,,,,,,,90.991,,,,,,,,,,,,
2019-03-31,VLO,,,,,,,,,,,,,,,,,,,,,,,,,,,,,,,,,,,,,,0.11,,,0.23,,,,,,,,,,,,,,,,,,,,,,,,,,,,,,,,,,,,,,,,,,,,,,,,,2019-04-25,,0.34,,pre-market,,,,,,,,,,,,,47.8261,,,,,,,,,,,,
2019-06-30,VLO,,,,,,,,,,,,,,,,,,,,,,,,,,,,,,,,,,,,,,0.0,,,1.51,,,,,,,,,,,,,,,,,,,,,,,,,,,,,,,,,,,,,,,,,,,,,,,,,2019-07-25,,1.51,,pre-market,,,,,,,,,,,,,0.0,,,,,,,,,,,,
2019-09-30,VLO,,,,,,,,,,,,,,,,,,,,,,,,,,,,,,,,,,,,,,0.13,,,1.35,,,,,,,,,,,,,,,,,,,,,,,,,,,,,,,,,,,,,,,,,,,,,,,,,2019-10-24,,1.48,,pre-market,,,,,,,,,,,,,9.6296,,,,,,,,,,,,
2019-12-31,VLO,,,,,,,,,,,,,,,,,,,,,,,,,,,,,,,,,,,,,,0.5,,,1.63,,,,,,,,,,,,,,,,,,,,,,,,,,,,,,,,,,,,,,,,,,,,,,,,,2020-01-30,,2.13,,pre-market,,,,,,,,,,,,,30.6748,,,,,,,,,,,,
2020-03-31,VLO,,,,,,,,,,,,,,,,,,,,,,,,,,,,,,,,,,,,,,0.49,,,-0.15,,,,,,,,,,,,,,,,,,,,,,,,,,,,,,,,,,,,,,,,,,,,,,,,,2020-04-29,,0.34,,pre-market,,,,,,,,,,,,,326.6667,,,,,,,,,,,,
2020-06-30,VLO,,,,,,,,,,,,,,,,,,,,,,,,,,,,,,,,,,,,,,0.15,,,-1.4,,,,,,,,,,,,,,,,,,,,,,,,,,,,,,,,,,,,,,,,,,,,,,,,,2020-07-30,,-1.25,,pre-market,,,,,,,,,,,,,10.7143,,,,,,,,,,,,
2020-09-30,VLO,,,,,,,,,,,,,,,,,,,,,,,,,,,,,,,,,,,,,,0.17,,,-1.33,,,,,,,,,,,,,,,,,,,,,,,,,,,,,,,,,,,,,,,,,,,,,,,,,2020-10-22,,-1.16,,pre-market,,,,,,,,,,,,,12.782,,,,,,,,,,,,
2020-12-31,VLO,,,,,,,,,,,,,,,,,,,,,,,,,,,,,,,,,,,,,,0.33,,,-1.39,,,,,,,,,,,,,,,,,,,,,,,,,,,,,,,,,,,,,,,,,,,,,,,,,2021-01-28,,-1.06,,pre-market,,,,,,,,,,,,,23.741,,,,,,,,,,,,
2021-03-31,VLO,,,,,,,,,,,,,,,,,,,,,,,,,,,,,,,,,,,,,,0.12,,,-1.85,,,,,,,,,,,,,,,,,,,,,,,,,,,,,,,,,,,,,,,,,,,,,,,,,2021-04-22,,-1.73,,pre-market,,,,,,,,,,,,,6.4865,,,,,,,,,,,,
2021-06-30,VLO,,,,,,,,,,,,,,,,,,,,,,,,,,,,,,,,,,,,,,0.35,,,0.13,,,,,,,,,,,,,,,,,,,,,,,,,,,,,,,,,,,,,,,,,,,,,,,,,2021-07-29,,0.48,,pre-market,,,,,,,,,,,,,269.2308,,,,,,,,,,,,
2021-09-30,VLO,,,,,,,,,,,,,,,,,,,,,,,,,,,,,,,,,,,,,,0.3,,,0.92,,,,,,,,,,,,,,,,,,,,,,,,,,,,,,,,,,,,,,,,,,,,,,,,,2021-10-21,,1.22,,pre-market,,,,,,,,,,,,,32.6087,,,,,,,,,,,,
2021-12-31,VLO,,,,,,,,,,,,,,,,,,,,,,,,,,,,,,,,,,,,,,0.63,,,1.84,,,,,,,,,,,,,,,,,,,,,,,,,,,,,,,,,,,,,,,,,,,,,,,,,2022-01-27,,2.47,,pre-market,,,,,,,,,,,,,34.2391,,,,,,,,,,,,
2022-03-31,VLO,,,,,,,,,,,,,,,,,,,,,,,,,,,,,,,,,,,,,,0.66,,,1.65,,,,,,,,,,,,,,,,,,,,,,,,,,,,,,,,,,,,,,,,,,,,,,,,,2022-04-26,,2.31,,pre-market,,,,,,,,,,,,,40.0,,,,,,,,,,,,
2022-06-30,VLO,,,,,,,,,,,,,,,,,,,,,,,,,,,,,,,,,,,,,,1.98,,,9.38,,,,,,,,,,,,,,,,,,,,,,,,,,,,,,,,,,,,,,,,,,,,,,,,,2022-07-28,,11.36,,pre-market,,,,,,,,,,,,,21.1087,,,,,,,,,,,,
2022-09-30,VLO,,,,,,,,,,,,,,,,,,,,,,,,,,,,,,,,,,,,,,0.2,,,6.94,,,,,,,,,,,,,,,,,,,,,,,,,,,,,,,,,,,,,,,,,,,,,,,,,2022-10-25,,7.14,,pre-market,,,,,,,,,,,,,2.8818,,,,,,,,,,,,
2022-12-31,VLO,,,,,,,,,,,,,,,,,,,,,,,,,,,,,,,,,,,,,,1.21,,,7.24,,,,,,,,,,,,,,,,,,,,,,,,,,,,,,,,,,,,,,,,,,,,,,,,,2023-01-26,,8.45,,pre-market,,,,,,,,,,,,,16.7127,,,,,,,,,,,,
2023-03-31,VLO,,,,,,,,,,,,,,,,,,,,,,,,,,,,,,,,,,,,,,1.06,,,7.21,,,,,,,,,,,,,,,,,,,,,,,,,,,,,,,,,,,,,,,,,,,,,,,,,2023-04-27,,8.27,,pre-market,,,,,,,,,,,,,14.7018,,,,,,,,,,,,
2023-06-30,VLO,,,,,,,,,,,,,,,,,,,,,,,,,,,,,,,,,,,,,,0.32,,,5.08,,,,,,,,,,,,,,,,,,,,,,,,,,,,,,,,,,,,,,,,,,,,,,,,,2023-07-27,,5.4,,pre-market,,,,,,,,,,,,,6.2992,,,,,,,,,,,,
2023-09-30,VLO,,,,,,,,,,,,,,,,,,,,,,,,,,,,,,,,,,,,,,0.17,,,7.32,,,,,,,,,,,,,,,,,,,,,,,,,,,,,,,,,,,,,,,,,,,,,,,,,2023-10-26,,7.49,,pre-market,,,,,,,,,,,,,2.3224,,,,,,,,,,,,
2023-12-31,VLO,,,,,,,,,,,,,,,,,,,,,,,,,,,,,,,,,,,,,,0.55,,,3.0,,,,,,,,,,,,,,,,,,,,,,,,,,,,,,,,,,,,,,,,,,,,,,,,,2024-01-25,,3.55,,pre-market,,,,,,,,,,,,,18.3333,,,,,,,,,,,,
2024-03-31,VLO,,,,,,,,,,,,,,,,,,,,,,,,,,,,,,,,,,,,,,0.6,,,3.22,,,,,,,,,,,,,,,,,,,,,,,,,,,,,,,,,,,,,,,,,,,,,,,,,2024-04-25,,3.82,,pre-market,,,,,,,,,,,,,18.6335,,,,,,,,,,,,
2024-06-30,VLO,,,,,,,,,,,,,,,,,,,,,,,,,,,,,,,,,,,,,,0.11,,,2.6,,,,,,,,,,,,,,,,,,,,,,,,,,,,,,,,,,,,,,,,,,,,,,,,,2024-07-25,,2.71,,pre-market,,,,,,,,,,,,,4.2308,,,,,,,,,,,,
2024-09-30,VLO,,,,,,,,,,,,,,,,,,,,,,,,,,,,,,,,,,,,,,0.16,,,0.98,,,,,,,,,,,,,,,,,,,,,,,,,,,,,,,,,,,,,,,,,,,,,,,,,2024-10-24,,1.14,,pre-market,,,,,,,,,,,,,16.3265,,,,,,,,,,,,
2024-12-31,VLO,,,,,,,,,,,,,,,,,,,,,,,,,,,,,,,,,,,,,,0.83,,,0.05,,,,,,,,,,,,,,,,,,,,,,,,,,,,,,,,,,,,,,,,,,,,,,,,,2025-01-30,,0.88,,pre-market,,,,,,,,,,,,,1660.0,,,,,,,,,,,,
2025-03-31,VLO,,,,,,,,,,,,,,,,,,,,,,,,,,,,,,,,,,,,,,0.41,,,0.48,,,,,,,,,,,,,,,,,,,,,,,,,,,,,,,,,,,,,,,,,,,,,,,,,2025-04-24,,0.89,,pre-market,,,,,,,,,,,,,85.4167,,,,,,,,,,,,
2025-06-30,VLO,,,,,,,,,,,,,,,,,,,,,,,,,,,,,,,,,,,,,,0.51,,,1.77,,,,,,,,,,,,,,,,,,,,,,,,,,,,,,,,,,,,,,,,,,,,,,,,,2025-07-24,,2.28,,pre-market,,,,,,,,,,,,,28.8136,,,,,,,,,,,,
2025-09-30,VLO,,,,,,,,,,,,,,,,,,,,,,,,,,,,,,,,,,,,,,0.61,,,3.05,,,,,,,,,,,,,,,,,,,,,,,,,,,,,,,,,,,,,,,,,,,,,,,,,2025-10-23,,3.66,,pre-market,,,,,,,,,,,,,20.0,,,,,,,,,,,,
2025-12-28,VLO,4.81,116552999000.0,34.1,,0.759,77.88,,,,,,,,,,,,,,,,,,,,,,,,,,4.46,0.0271,,,,2.096,0.61,,,3.05,,13.64,,7184000000.0,,,,,,,,,,,,,,,,,,,0.0553,,,,,,,,,,,,,3.054,2.112,0.437,,,,,,,,0.0128,,,2025-10-23,,3.66,,pre-market,,,0.0359,0.0524,-0.032,373.27,,,,,146.48,171.2,20.0,,,,,,,,,34.1,,184.46,96.76
2025-12-28,VLO,4.81,116552999000.0,34.1,,0.759,77.88,,,,,,,,,,,,,,,None,30408000000,30408000000,,,,,,None,836000000,,4.46,0.0271,,,,2.096,0.61,1595000000,2431000000,3.05,2025-09-30,13.64,,7184000000.0,1772000000,1456000000,390000000,,,None,139000000,139000000,,None,,,,,1095000000,1066000000,-139000000,None,0.0553,,262000000,1509000000,,,,,None,,,,,3.054,2.112,0.437,,,,,,,,0.0128,,,2025-10-23,quarterly,3.66,USD,pre-market,None,,0.0359,0.0524,-0.032,373.27,246000000,,,,146.48,171.2,20.0,,,,,,,32168000000,,34.1,,184.46,96.76
2025-12-28,VLO,4.81,116552999000.0,34.1,,0.759,77.88,,,,,,,,,,,,,,,None,28668000000,28668000000,,,,,,None,814000000,,4.46,0.0271,,,,2.096,0.61,1083000000,1897000000,3.05,2025-06-30,13.64,,7184000000.0,1221000000,942000000,279000000,,,None,141000000,141000000,,None,,,,,714000000,663000000,-141000000,None,0.0553,,224000000,997000000,,,,,None,,,,,3.054,2.112,0.437,,,,,,,,0.0128,,,2025-10-23,quarterly,3.66,USD,pre-market,None,,0.0359,0.0524,-0.032,373.27,220000000,,,,146.48,171.2,20.0,,,,,,,29889000000,,34.1,,184.46,96.76
2025-12-28,VLO,4.81,116552999000.0,34.1,,0.759,77.88,,,,,,,,,,,,,,,None,29762000000,29762000000,,,,,,None,691000000,,4.46,0.0271,,,,2.096,0.61,-780000000,-89000000,3.05,2025-03-31,13.64,,7184000000.0,496000000,-917000000,-265000000,,,None,137000000,137000000,,None,,,,,-595000000,-652000000,-137000000,None,0.0553,,1396000000,-900000000,,,,,None,,,,,3.054,2.112,0.437,,,,,,,,0.0128,,,2025-10-23,quarterly,3.66,USD,pre-market,None,,0.0359,0.0524,-0.032,373.27,261000000,,,,146.48,171.2,20.0,,,,,,,30258000000,,34.1,,184.46,96.76
2025-12-28,VLO,4.81,116552999000.0,34.1,,0.759,77.88,,,,,,,,,,,,,,,None,30138000000,30138000000,,,,,,None,698000000,,4.46,0.0271,,,,2.096,0.61,458000000,1156000000,3.05,2024-12-31,13.64,,7184000000.0,618000000,323000000,-34000000,,,None,135000000,135000000,,None,,,,,281000000,357000000,-135000000,None,0.0553,,270000000,348000000,,,,,None,,,,,3.054,2.112,0.437,,,,,,,,0.0128,,,2025-10-23,quarterly,3.66,USD,pre-market,None,,0.0359,0.0524,-0.032,373.27,266000000,,,,146.48,171.2,20.0,,,,,,,30756000000,,34.1,,184.46,96.76
2025-12-28,VLO,4.81,116552999000.0,34.1,,0.759,77.88,,,,,,,,,,,,,,,None,32132000000,32132000000,,,,,,None,685000000,,4.46,0.0271,,,,2.096,0.61,630000000,1315000000,3.05,2024-09-30,13.64,,7184000000.0,744000000,489000000,96000000,,,None,141000000,141000000,,None,,,,,364000000,393000000,-141000000,None,0.0553,,237000000,507000000,,,,,None,,,,,3.054,2.112,0.437,,,,,,,,0.0128,,,2025-10-23,quarterly,3.66,USD,pre-market,None,,0.0359,0.0524,-0.032,373.27,234000000,,,,146.48,171.2,20.0,,,,,,,32876000000,,34.1,,184.46,96.76
2025-12-28,VLO,4.81,116552999000.0,34.1,,0.759,77.88,,,,,,,,,,,,,,,None,33063000000,33063000000,,,,,,None,696000000,,4.46,0.0271,,,,2.096,0.61,1343000000,2039000000,3.05,2024-06-30,13.64,,7184000000.0,1427000000,1203000000,277000000,,,None,140000000,None,,None,,,,,880000000,926000000,-140000000,None,0.0553,,206000000,1221000000,,,,,None,,,,,3.054,2.112,0.437,,,,,,,,0.0128,,,2025-10-23,quarterly,3.66,USD,pre-market,None,,0.0359,0.0524,-0.032,373.27,203000000,,,,146.48,171.2,20.0,,,,,,,34490000000,,34.1,,184.46,96.76
2025-12-28,VLO,4.81,116552999000.0,34.1,,0.759,77.88,,,,,,,,,,,,,,,None,29788000000,29788000000,,,,,,None,695000000,,4.46,0.0271,,,,2.096,0.61,1823000000,2518000000,3.05,2024-03-31,13.64,,7184000000.0,1971000000,1683000000,353000000,,,None,140000000,None,,None,,,,,1245000000,1330000000,-140000000,None,0.0553,,292000000,1679000000,,,,,None,,,,,3.054,2.112,0.437,,,,,,,,0.0128,,,2025-10-23,quarterly,3.66,USD,pre-market,None,,0.0359,0.0524,-0.032,373.27,258000000,,,,146.48,171.2,20.0,,,,,,,31759000000,,34.1,,184.46,96.76
2025-12-28,VLO,4.81,116552999000.0,34.1,,0.759,77.88,,,,,,,,,,,,,,,None,33551000000,33551000000,,,,,,None,690000000,,4.46,0.0271,,,,2.096,0.61,1575000000,2265000000,3.05,2023-12-31,13.64,,7184000000.0,1863000000,1549000000,331000000,,,None,149000000,96000000,,None,,,,,1202000000,1218000000,-53000000,None,0.0553,,310000000,1553000000,,,,,None,,,,,3.054,2.112,0.437,,,,,,,,0.0128,,,2025-10-23,quarterly,3.66,USD,pre-market,None,,0.0359,0.0524,-0.032,373.27,295000000,,,,146.48,171.2,20.0,,,,,,,35414000000,,34.1,,184.46,96.76
2025-12-28,VLO,4.81,116552999000.0,34.1,,0.759,77.88,,,,,,,,,,,,,,,None,34645000000,34645000000,,,,,,None,682000000,,4.46,0.0271,,,,2.096,0.61,3529000000,4211000000,3.05,2023-09-30,13.64,,7184000000.0,3759000000,3476000000,813000000,,,None,149000000,75000000,,None,,,,,2622000000,2663000000,-149000000,None,0.0553,,256000000,3503000000,,,,,None,,,,,3.054,2.112,0.437,,,,,,,,0.0128,,,2025-10-23,quarterly,3.66,USD,pre-market,None,,0.0359,0.0524,-0.032,373.27,250000000,,,,146.48,171.2,20.0,,,,,,,38404000000,,34.1,,184.46,96.76
2025-12-28,VLO,4.81,116552999000.0,34.1,,0.759,77.88,,,,,,,,,,,,,,,None,31539000000,31539000000,,,,,,None,669000000,,4.46,0.0271,,,,2.096,0.61,2785000000,3454000000,3.05,2023-06-30,13.64,,7184000000.0,2970000000,2717000000,595000000,,,None,148000000,62000000,,None,,,,,1944000000,2122000000,-148000000,None,0.0553,,211000000,2759000000,,,,,106000000,,,,,3.054,2.112,0.437,,,,,,,,0.0128,,,2025-10-23,quarterly,3.66,USD,pre-market,None,,0.0359,0.0524,-0.032,373.27,209000000,,,,146.48,171.2,20.0,,,,,,,34509000000,,34.1,,184.46,96.76
2025-12-28,VLO,4.81,116552999000.0,34.1,,0.759,77.88,,,,,,,,,,,,,,,None,32142000000,32142000000,,,,,,None,660000000,,4.46,0.0271,,,,2.096,0.61,4067000000,4727000000,3.05,2023-03-31,13.64,,7184000000.0,4297000000,4026000000,880000000,,,None,146000000,85000000,,None,,,,,3067000000,3146000000,-146000000,None,0.0553,,254000000,4043000000,,,,,129000000,,,,,3.054,2.112,0.437,,,,,,,,0.0128,,,2025-10-23,quarterly,3.66,USD,pre-market,None,,0.0359,0.0524,-0.032,373.27,244000000,,,,146.48,171.2,20.0,,,,,,,36439000000,,34.1,,184.46,96.76
2025-12-28,VLO,4.81,116552999000.0,34.1,,0.759,77.88,,,,,,,,,,,,,,,None,37082000000,37082000000,,,,,,None,633000000,,4.46,0.0271,,,,2.096,0.61,4387000000,5020000000,3.05,2022-12-31,13.64,,7184000000.0,4664000000,4250000000,1018000000,,,None,137000000,137000000,,None,,,,,3113000000,3232000000,-137000000,None,0.0553,,369000000,4295000000,,,,,92000000,,,,,3.054,2.112,0.437,,,,,,,,0.0128,,,2025-10-23,quarterly,3.66,USD,pre-market,None,,0.0359,0.0524,-0.032,373.27,340000000,,,,146.48,171.2,20.0,,,,,,,41746000000,,34.1,,184.46,96.76
2025-12-28,VLO,4.81,116552999000.0,34.1,,0.759,77.88,,,,,,,,,,,,,,,None,40442000000,40442000000,,,,,,None,632000000,,4.46,0.0271,,,,2.096,0.61,3796000000,4428000000,3.05,2022-09-30,13.64,,7184000000.0,4012000000,3728000000,816000000,,,None,138000000,138000000,,None,,,,,2817000000,2912000000,-138000000,None,0.0553,,220000000,3792000000,,,,,74000000,,,,,3.054,2.112,0.437,,,,,,,,0.0128,,,2025-10-23,quarterly,3.66,USD,pre-market,None,,0.0359,0.0524,-0.032,373.27,214000000,,,,146.48,171.2,20.0,,,,,,,44454000000,,34.1,,184.46,96.76
2025-12-28,VLO,4.81,116552999000.0,34.1,,0.759,77.88,,,,,,,,,,,,,,,None,45174000000,45174000000,,,,,,None,602000000,,4.46,0.0271,,,,2.096,0.61,6252000000,6854000000,3.05,2022-06-30,13.64,,7184000000.0,6467000000,6110000000,1342000000,,,None,142000000,142000000,,None,,,,,4693000000,4768000000,-142000000,None,0.0553,,248000000,6219000000,,,,,33000000,,,,,3.054,2.112,0.437,,,,,,,,0.0128,,,2025-10-23,quarterly,3.66,USD,pre-market,None,,0.0359,0.0524,-0.032,373.27,233000000,,,,146.48,171.2,20.0,,,,,,,51641000000,,34.1,,184.46,96.76
2025-12-28,VLO,4.81,116552999000.0,34.1,,0.759,77.88,,,,,,,,,,,,,,,None,36934000000,36934000000,,,,,,None,606000000,,4.46,0.0271,,,,2.096,0.61,1364000000,1970000000,3.05,2022-03-31,13.64,,7184000000.0,1608000000,1219000000,252000000,,,None,145000000,145000000,,None,,,,,905000000,967000000,-145000000,None,0.0553,,224000000,1384000000,,,,,-20000000,,,,,3.054,2.112,0.437,,,,,,,,0.0128,,,2025-10-23,quarterly,3.66,USD,pre-market,None,,0.0359,0.0524,-0.032,373.27,205000000,,,,146.48,171.2,20.0,,,,,,,38542000000,,34.1,,184.46,96.76
2025-12-28,VLO,4.81,116552999000.0,34.1,,0.759,77.88,,,,,,,,,,,,,,,None,34005000000,34005000000,,,,,,None,598000000,,4.46,0.0271,,,,2.096,0.61,1431000000,2029000000,3.05,2021-12-31,13.64,,7184000000.0,1898000000,1279000000,169000000,,,None,152000000,152000000,,None,,,,,1009000000,1110000000,-152000000,None,0.0553,,304000000,1594000000,,,,,-163000000,,,,,3.054,2.112,0.437,,,,,,,,0.0128,,,2025-10-23,quarterly,3.66,USD,pre-market,None,,0.0359,0.0524,-0.032,373.27,286000000,,,,146.48,171.2,20.0,,,,,,,35903000000,,34.1,,184.46,96.76
2025-12-28,VLO,4.81,116552999000.0,34.1,,0.759,77.88,,,,,,,,,,,,,,,None,28613000000,28613000000,,,,,,None,641000000,,4.46,0.0271,,,,2.096,0.61,754000000,1395000000,3.05,2021-09-30,13.64,,7184000000.0,907000000,573000000,65000000,,,None,152000000,152000000,,None,,,,,463000000,508000000,-152000000,None,0.0553,,214000000,693000000,,,,,32000000,,,,,3.054,2.112,0.437,,,,,,,,0.0128,,,2025-10-23,quarterly,3.66,USD,pre-market,None,,0.0359,0.0524,-0.032,373.27,195000000,,,,146.48,171.2,20.0,,,,,,,29520000000,,34.1,,184.46,96.76
2025-12-28,VLO,4.81,116552999000.0,34.1,,0.759,77.88,,,,,,,,,,,,,,,None,27051000000,27051000000,,,,,,None,588000000,,4.46,0.0271,,,,2.096,0.61,611000000,1199000000,3.05,2021-06-30,13.64,,7184000000.0,697000000,461000000,169000000,,,None,150000000,150000000,,None,,,,,162000000,292000000,-150000000,None,0.0553,,188000000,509000000,,,,,102000000,,,,,3.054,2.112,0.437,,,,,,,,0.0128,,,2025-10-23,quarterly,3.66,USD,pre-market,None,,0.0359,0.0524,-0.032,373.27,176000000,,,,146.48,171.2,20.0,,,,,,,27748000000,,34.1,,184.46,96.76
2025-12-28,VLO,4.81,116552999000.0,34.1,,0.759,77.88,,,,,,,,,,,,,,,None,21226000000,21226000000,,,,,,None,578000000,,4.46,0.0271,,,,2.096,0.61,-621000000,-43000000,3.05,2021-03-31,13.64,,7184000000.0,-420000000,-770000000,-148000000,,,None,149000000,149000000,,None,,,,,-704000000,-622000000,-149000000,None,0.0553,,246000000,-666000000,,,,,45000000,,,,,3.054,2.112,0.437,,,,,,,,0.0128,,,2025-10-23,quarterly,3.66,USD,pre-market,None,,0.0359,0.0524,-0.032,373.27,208000000,,,,146.48,171.2,20.0,,,,,,,20806000000,,34.1,,184.46,96.76
2025-12-28,VLO,4.81,116552999000.0,34.1,,0.759,77.88,,,,,,,,,,,,,,,None,16845000000,16845000000,,,,,,None,577000000,,4.46,0.0271,,,,2.096,0.61,-445000000,132000000,3.05,2020-12-31,13.64,,7184000000.0,-241000000,-598000000,-289000000,,,None,153000000,153000000,,None,,,,,-359000000,-309000000,-153000000,None,0.0553,,229000000,-470000000,,,,,25000000,,,,,3.054,2.112,0.437,,,,,,,,0.0128,,,2025-10-23,quarterly,3.66,USD,pre-market,None,,0.0359,0.0524,-0.032,373.27,224000000,,,,146.48,171.2,20.0,,,,,,,16604000000,,34.1,,184.46,96.76
2025-12-28,VLO,4.81,116552999000.0,34.1,,0.759,77.88,,,,,,,,,,,,,,,None,16219000000,16219000000,,,,,,None,614000000,,4.46,0.0271,,,,2.096,0.61,-573000000,41000000,3.05,2020-09-30,13.64,,7184000000.0,-410000000,-716000000,-337000000,,,None,143000000,143000000,,None,,,,,-464000000,-379000000,-143000000,None,0.0553,,211000000,-621000000,,,,,48000000,,,,,3.054,2.112,0.437,,,,,,,,0.0128,,,2025-10-23,quarterly,3.66,USD,pre-market,None,,0.0359,0.0524,-0.032,373.27,186000000,,,,146.48,171.2,20.0,,,,,,,15809000000,,34.1,,184.46,96.76
2025-12-28,VLO,4.81,116552999000.0,34.1,,0.759,77.88,,,,,,,,,,,,,,,None,8436000000,8436000000,,,,,,None,578000000,,4.46,0.0271,,,,2.096,0.61,1816000000,2394000000,3.05,2020-06-30,13.64,,7184000000.0,1961000000,1674000000,339000000,,,None,142000000,82000000,,None,,,,,1253000000,1335000000,-142000000,None,0.0553,,172000000,1789000000,,,,,27000000,,,,,3.054,2.112,0.437,,,,,,,,0.0128,,,2025-10-23,quarterly,3.66,USD,pre-market,None,,0.0359,0.0524,-0.032,373.27,169000000,,,,146.48,171.2,20.0,,,,,,,10397000000,,34.1,,184.46,96.76
2025-12-28,VLO,4.81,116552999000.0,34.1,,0.759,77.88,,,,,,,,,,,,,,,None,24200000000,24200000000,,,,,,None,582000000,,4.46,0.0271,,,,2.096,0.61,-2245000000,-1663000000,3.05,2020-03-31,13.64,,7184000000.0,-2098000000,-2370000000,-616000000,,,None,125000000,290000000,,None,,,,,-1851000000,-1754000000,-125000000,None,0.0553,,179000000,-2277000000,,,,,32000000,,,,,3.054,2.112,0.437,,,,,,,,0.0128,,,2025-10-23,quarterly,3.66,USD,pre-market,None,,0.0359,0.0524,-0.032,373.27,177000000,,,,146.48,171.2,20.0,,,,,,,22102000000,,34.1,,184.46,96.76
2025-12-28,VLO,4.81,116552999000.0,34.1,,0.759,77.88,,,,,,,,,,,,,,,None,25890000000,25890000000,,,,,,None,14000000,,4.46,0.0271,,,,2.096,0.61,1752000000,1766000000,3.05,2019-12-31,13.64,,7184000000.0,1989000000,1656000000,326000000,,,None,119000000,80000000,,None,,,,,1060000000,1330000000,-119000000,None,0.0553,,250000000,1739000000,,,,,36000000,,,,,3.054,2.112,0.437,,,,,,,,0.0128,,,2025-10-23,quarterly,3.66,USD,pre-market,None,,0.0359,0.0524,-0.032,373.27,243000000,,,,146.48,171.2,20.0,,,,,,,27879000000,,34.1,,184.46,96.76
2025-12-28,VLO,4.81,116552999000.0,34.1,,0.759,77.88,,,,,,,,,,,,,,,None,26141000000,26141000000,,,,,,None,11000000,,4.46,0.0271,,,,2.096,0.61,892000000,903000000,3.05,2019-09-30,13.64,,7184000000.0,1108000000,804000000,165000000,,,None,111000000,130000000,,None,,,,,609000000,639000000,-111000000,None,0.0553,,227000000,881000000,,,,,34000000,,,,,3.054,2.112,0.437,,,,,,,,0.0128,,,2025-10-23,quarterly,3.66,USD,pre-market,None,,0.0359,0.0524,-0.032,373.27,217000000,,,,146.48,171.2,20.0,,,,,,,27249000000,,34.1,,184.46,96.76
2025-12-28,VLO,4.81,116552999000.0,34.1,,0.759,77.88,,,,,,,,,,,,,,,None,27824000000,27824000000,,,,,,None,14000000,,4.46,0.0271,,,,2.096,0.61,917000000,931000000,3.05,2019-06-30,13.64,,7184000000.0,1109000000,808000000,160000000,,,None,112000000,64000000,,None,,,,,612000000,648000000,-112000000,None,0.0553,,201000000,908000000,,,,,12000000,,,,,3.054,2.112,0.437,,,,,,,,0.0128,,,2025-10-23,quarterly,3.66,USD,pre-market,None,,0.0359,0.0524,-0.032,373.27,199000000,,,,146.48,171.2,20.0,,,,,,,28933000000,,34.1,,184.46,96.76
2025-12-28,VLO,4.81,116552999000.0,34.1,,0.759,77.88,,,,,,,,,,,,,,,None,23744000000,23744000000,,,,,,None,14000000,,4.46,0.0271,,,,2.096,0.61,327000000,341000000,3.05,2019-03-31,13.64,,7184000000.0,519000000,218000000,51000000,,,None,112000000,105000000,,None,,,,,141000000,167000000,-112000000,None,0.0553,,211000000,308000000,,,,,22000000,,,,,3.054,2.112,0.437,,,,,,,,0.0128,,,2025-10-23,quarterly,3.66,USD,pre-market,None,,0.0359,0.0524,-0.032,373.27,209000000,,,,146.48,171.2,20.0,,,,,,,24263000000,,34.1,,184.46,96.76
2025-12-28,VLO,4.81,116552999000.0,34.1,,0.759,77.88,,,,,,,,,,,,,,,None,27197000000,27197000000,,,,,,None,13000000,,4.46,0.0271,,,,2.096,0.61,1859000000,1872000000,3.05,2018-12-31,13.64,,7184000000.0,1533000000,1227000000,205000000,,,None,114000000,None,,None,,,,,952000000,1022000000,None,None,0.0553,,234000000,1299000000,,,,,42000000,,,,,3.054,2.112,0.437,,,,,,,,0.0128,,,2025-10-23,quarterly,3.66,USD,pre-market,0,,0.0359,0.0524,-0.032,373.27,230000000,,,,146.48,171.2,20.0,,,,,,,28730000000,,34.1,,184.46,96.76
2025-12-28,VLO,4.81,116552999000.0,34.1,,0.759,77.88,,,,,,,,,,,,,,,None,29411000000,29411000000,,,,,,None,13000000,,4.46,0.0271,,,,2.096,0.61,1731000000,1744000000,3.05,2018-09-30,13.64,,7184000000.0,1438000000,1150000000,276000000,,,None,111000000,None,,None,,,,,856000000,874000000,None,None,0.0553,,219000000,1219000000,,,,,42000000,,,,,3.054,2.112,0.437,,,,,,,,0.0128,,,2025-10-23,quarterly,3.66,USD,pre-market,0,,0.0359,0.0524,-0.032,373.27,209000000,,,,146.48,171.2,20.0,,,,,,,30849000000,,34.1,,184.46,96.76
2025-12-28,VLO,4.81,116552999000.0,34.1,,0.759,77.88,,,,,,,,,,,,,,,None,29493000000,29493000000,,,,,,None,13000000,,4.46,0.0271,,,,2.096,0.61,1780000000,1793000000,3.05,2018-06-30,13.64,,7184000000.0,1522000000,1124000000,249000000,,,None,124000000,None,,None,,,,,845000000,875000000,None,None,0.0553,,269000000,1253000000,,,,,-5000000,,,,,3.054,2.112,0.437,,,,,,,,0.0128,,,2025-10-23,quarterly,3.66,USD,pre-market,0,,0.0359,0.0524,-0.032,373.27,248000000,,,,146.48,171.2,20.0,,,,,,,31015000000,,34.1,,184.46,96.76
2025-12-28,VLO,4.81,116552999000.0,34.1,,0.759,77.88,,,,,,,,,,,,,,,None,25390000000,25390000000,,,,,,None,13000000,,4.46,0.0271,,,,2.096,0.61,1294000000,1307000000,3.05,2018-03-31,13.64,,7184000000.0,1049000000,731000000,149000000,,,None,121000000,None,,None,,,,,469000000,582000000,None,None,0.0553,,248000000,801000000,,,,,51000000,,,,,3.054,2.112,0.437,,,,,,,,0.0128,,,2025-10-23,quarterly,3.66,USD,pre-market,0,,0.0359,0.0524,-0.032,373.27,238000000,,,,146.48,171.2,20.0,,,,,,,26439000000,,34.1,,184.46,96.76
2025-12-28,VLO,4.81,116552999000.0,34.1,,0.759,77.88,,,,,,,,,,,,,,,None,25284000000,25284000000,,,,,,None,13000000,,4.46,0.0271,,,,2.096,0.61,1331000000,1344000000,3.05,2017-12-31,13.64,,7184000000.0,1108000000,765000000,-1635000000,,,None,114000000,None,,None,,,,,2371000000,2400000000,None,None,0.0553,,255000000,853000000,,,,,26000000,,,,,3.054,2.112,0.437,,,,,,,,0.0128,,,2025-10-23,quarterly,3.66,USD,pre-market,0,,0.0359,0.0524,-0.032,373.27,238000000,,,,146.48,171.2,20.0,,,,,,,26392000000,,34.1,,184.46,96.76
2025-12-28,VLO,4.81,116552999000.0,34.1,,0.759,77.88,,,,,,,,,,,,,,,None,21951000000,21951000000,,,,,,None,13000000,,4.46,0.0271,,,,2.096,0.61,1825000000,1838000000,3.05,2017-09-30,13.64,,7184000000.0,1611000000,1241000000,378000000,,,None,114000000,None,,None,,,,,841000000,863000000,None,None,0.0553,,273000000,1338000000,,,,,17000000,,,,,3.054,2.112,0.437,,,,,,,,0.0128,,,2025-10-23,quarterly,3.66,USD,pre-market,0,,0.0359,0.0524,-0.032,373.27,229000000,,,,146.48,171.2,20.0,,,,,,,23562000000,,34.1,,184.46,96.76
2025-12-28,VLO,4.81,116552999000.0,34.1,,0.759,77.88,,,,,,,,,,,,,,,None,21205000000,21205000000,,,,,,None,499000000,,4.46,0.0271,,,,2.096,0.61,850000000,1349000000,3.05,2017-06-30,13.64,,7184000000.0,1049000000,768000000,196000000,,,None,119000000,None,,None,,,,,548000000,572000000,None,None,0.0553,,178000000,871000000,,,,,16000000,,,,,3.054,2.112,0.437,,,,,,,,0.0128,,,2025-10-23,quarterly,3.66,USD,pre-market,0,,0.0359,0.0524,-0.032,373.27,178000000,,,,146.48,171.2,20.0,,,,,,,22254000000,,34.1,,184.46,96.76
2025-12-28,VLO,4.81,116552999000.0,34.1,,0.759,77.88,,,,,,,,,,,,,,,None,21045000000,21045000000,,,,,,None,500000000,,4.46,0.0271,,,,2.096,0.61,538000000,1038000000,3.05,2017-03-31,13.64,,7184000000.0,727000000,433000000,112000000,,,None,121000000,None,,None,,,,,305000000,321000000,None,None,0.0553,,190000000,537000000,,,,,17000000,,,,,3.054,2.112,0.437,,,,,,,,0.0128,,,2025-10-23,quarterly,3.66,USD,pre-market,0,,0.0359,0.0524,-0.032,373.27,190000000,,,,146.48,171.2,20.0,,,,,,,21772000000,,34.1,,184.46,96.76
2025-12-28,VLO,4.81,116552999000.0,34.1,,0.759,77.88,,,,,,,,,,,,,,,None,19884000000,19884000000,,,,,,None,468000000,,4.46,0.0271,,,,2.096,0.61,620000000,1088000000,3.05,2016-12-31,13.64,,7184000000.0,828000000,529000000,113000000,,,None,112000000,None,,None,,,,,367000000,416000000,None,None,0.0553,,208000000,620000000,,,,,21000000,,,,,3.054,2.112,0.437,,,,,,,,0.0128,,,2025-10-23,quarterly,3.66,USD,pre-market,0,,0.0359,0.0524,-0.032,373.27,208000000,,,,146.48,171.2,20.0,,,,,,,20712000000,,34.1,,184.46,96.76
2025-12-28,VLO,4.81,116552999000.0,34.1,,0.759,77.88,,,,,,,,,,,,,,,None,18565000000,18565000000,,,,,,None,470000000,,4.46,0.0271,,,,2.096,0.61,892000000,1362000000,3.05,2016-09-30,13.64,,7184000000.0,1084000000,789000000,144000000,,,None,115000000,None,,None,,,,,613000000,645000000,None,None,0.0553,,192000000,892000000,,,,,12000000,,,,,3.054,2.112,0.437,,,,,,,,0.0128,,,2025-10-23,quarterly,3.66,USD,pre-market,0,,0.0359,0.0524,-0.032,373.27,192000000,,,,146.48,171.2,20.0,,,,,,,19649000000,,34.1,,184.46,96.76
2025-12-28,VLO,4.81,116552999000.0,34.1,,0.759,77.88,,,,,,,,,,,,,,,None,18138000000,18138000000,,,,,,None,471000000,,4.46,0.0271,,,,2.096,0.61,1287000000,1758000000,3.05,2016-06-30,13.64,,7184000000.0,1446000000,1134000000,291000000,,,None,111000000,None,,None,,,,,814000000,843000000,None,None,0.0553,,159000000,1231000000,,,,,14000000,,,,,3.054,2.112,0.437,,,,,,,,0.0128,,,2025-10-23,quarterly,3.66,USD,pre-market,0,,0.0359,0.0524,-0.032,373.27,159000000,,,,146.48,171.2,20.0,,,,,,,19584000000,,34.1,,184.46,96.76
2025-12-28,VLO,4.81,116552999000.0,34.1,,0.759,77.88,,,,,,,,,,,,,,,None,13699000000,13699000000,,,,,,None,485000000,,4.46,0.0271,,,,2.096,0.61,829000000,1314000000,3.05,2016-03-31,13.64,,7184000000.0,2015000000,730000000,217000000,,,None,108000000,None,,None,,,,,495000000,513000000,None,None,0.0553,,1186000000,829000000,,,,,9000000,,,,,3.054,2.112,0.437,,,,,,,,0.0128,,,2025-10-23,quarterly,3.66,USD,pre-market,0,,0.0359,0.0524,-0.032,373.27,156000000,,,,146.48,171.2,20.0,,,,,,,15714000000,,34.1,,184.46,96.76
2025-12-28,VLO,4.81,116552999000.0,34.1,,0.759,77.88,,,,,,,,,,,,,,,None,17925000000,17925000000,,,,,,None,494000000,,4.46,0.0271,,,,2.096,0.61,657000000,1151000000,3.05,2015-12-31,13.64,,7184000000.0,852000000,550000000,155000000,,,None,107000000,None,,None,,,,,298000000,395000000,None,None,0.0553,,206000000,646000000,,,,,11000000,,,,,3.054,2.112,0.437,,,,,,,,0.0128,,,2025-10-23,quarterly,3.66,USD,pre-market,0,,0.0359,0.0524,-0.032,373.27,206000000,,,,146.48,171.2,20.0,,,,,,,18777000000,,34.1,,184.46,96.76
2025-12-28,VLO,4.81,116552999000.0,34.1,,0.759,77.88,,,,,,,,,,,,,,,None,20261000000,20261000000,,,,,,None,482000000,,4.46,0.0271,,,,2.096,0.61,2142000000,2624000000,3.05,2015-09-30,13.64,,7184000000.0,2318000000,2030000000,657000000,,,None,112000000,None,,None,,,,,1377000000,1373000000,None,None,0.0553,,179000000,2139000000,,,,,3000000,,,,,3.054,2.112,0.437,,,,,,,,0.0128,,,2025-10-23,quarterly,3.66,USD,pre-market,0,,0.0359,0.0524,-0.032,373.27,179000000,,,,146.48,171.2,20.0,,,,,,,22579000000,,34.1,,184.46,96.76
2025-12-28,VLO,4.81,116552999000.0,34.1,,0.759,77.88,,,,,,,,,,,,,,,None,22862000000,22862000000,,,,,,None,425000000,,4.46,0.0271,,,,2.096,0.61,2078000000,2503000000,3.05,2015-06-30,13.64,,7184000000.0,2256000000,1973000000,608000000,,,None,113000000,None,,None,,,,,1351000000,1365000000,None,None,0.0553,,178000000,2078000000,,,,,8000000,,,,,3.054,2.112,0.437,,,,,,,,0.0128,,,2025-10-23,quarterly,3.66,USD,pre-market,0,,0.0359,0.0524,-0.032,373.27,178000000,,,,146.48,171.2,20.0,,,,,,,25118000000,,34.1,,184.46,96.76
2025-12-28,VLO,4.81,116552999000.0,34.1,,0.759,77.88,,,,,,,,,,,,,,,None,19688000000,19688000000,,,,,,None,441000000,,4.46,0.0271,,,,2.096,0.61,1495000000,1936000000,3.05,2015-03-31,13.64,,7184000000.0,1642000000,1418000000,450000000,,,None,101000000,None,,None,,,,,964000000,968000000,None,None,0.0553,,147000000,1495000000,,,,,24000000,,,,,3.054,2.112,0.437,,,,,,,,0.0128,,,2025-10-23,quarterly,3.66,USD,pre-market,0,,0.0359,0.0524,-0.032,373.27,147000000,,,,146.48,171.2,20.0,,,,,,,21330000000,,34.1,,184.46,96.76
2025-12-28,VLO,4.81,116552999000.0,34.1,,0.759,77.88,,,,,,,,,,,,,,,None,25849000000,25849000000,,,,,,None,425000000,,4.46,0.0271,,,,2.096,0.61,1796000000,2221000000,3.05,2014-12-31,13.64,,7184000000.0,2010000000,1704000000,484000000,,,None,101000000,None,,None,,,,,1155000000,1221000000,None,None,0.0553,,214000000,1796000000,,,,,9000000,,,,,3.054,2.112,0.437,,,,,,,,0.0128,,,2025-10-23,quarterly,3.66,USD,pre-market,0,,0.0359,0.0524,-0.032,373.27,214000000,,,,146.48,171.2,20.0,,,,,,,27859000000,,34.1,,184.46,96.76
2025-12-28,VLO,4.81,116552999000.0,34.1,,0.759,77.88,,,,,,,,,,,,,,,None,32558000000,32558000000,,,,,,None,430000000,,4.46,0.0271,,,,2.096,0.61,1670000000,2100000000,3.05,2014-09-30,13.64,,7184000000.0,1850000000,1583000000,521000000,,,None,98000000,None,,None,,,,,1059000000,1062000000,None,None,0.0553,,180000000,1670000000,,,,,11000000,,,,,3.054,2.112,0.437,,,,,,,,0.0128,,,2025-10-23,quarterly,3.66,USD,pre-market,0,,0.0359,0.0524,-0.032,373.27,180000000,,,,146.48,171.2,20.0,,,,,,,34408000000,,34.1,,184.46,96.76
2025-12-28,VLO,4.81,116552999000.0,34.1,,0.759,77.88,,,,,,,,,,,,,,,None,33659000000,33659000000,,,,,,None,414000000,,4.46,0.0271,,,,2.096,0.61,1085000000,1499000000,3.05,2014-06-30,13.64,,7184000000.0,1255000000,999000000,343000000,,,None,98000000,None,,None,,,,,588000000,656000000,None,None,0.0553,,170000000,1085000000,,,,,12000000,,,,,3.054,2.112,0.437,,,,,,,,0.0128,,,2025-10-23,quarterly,3.66,USD,pre-market,0,,0.0359,0.0524,-0.032,373.27,170000000,,,,146.48,171.2,20.0,,,,,,,34914000000,,34.1,,184.46,96.76
2025-12-28,VLO,4.81,116552999000.0,34.1,,0.759,77.88,,,,,,,,,,,,,,,None,32153000000,32153000000,,,,,,None,421000000,,4.46,0.0271,,,,2.096,0.61,1351000000,1772000000,3.05,2014-03-31,13.64,,7184000000.0,1510000000,1265000000,429000000,,,None,100000000,None,,None,,,,,828000000,836000000,None,None,0.0553,,160000000,1350000000,,,,,15000000,,,,,3.054,2.112,0.437,,,,,,,,0.0128,,,2025-10-23,quarterly,3.66,USD,pre-market,0,,0.0359,0.0524,-0.032,373.27,160000000,,,,146.48,171.2,20.0,,,,,,,33663000000,,34.1,,184.46,96.76
2025-12-28,VLO,4.81,116552999000.0,34.1,,0.759,77.88,,,,,,,,,,,,,,,None,32688000000,32688000000,,,,,,None,437000000,,4.46,0.0271,,,,2.096,0.61,1562000000,1999000000,3.05,2013-12-31,13.64,,7184000000.0,1741000000,1802000000,515000000,,,None,102000000,None,,None,,,,,1288000000,1287000000,None,None,0.0553,,179000000,1562000000,,,,,342000000,,,,,3.054,2.112,0.437,,,,,,,,0.0128,,,2025-10-23,quarterly,3.66,USD,pre-market,0,,0.0359,0.0524,-0.032,373.27,179000000,,,,146.48,171.2,20.0,,,,,,,34429000000,,34.1,,184.46,96.76
2025-12-28,VLO,4.81,116552999000.0,34.1,,0.759,77.88,,,,,,,,,,,,,,,None,35435000000,35435000000,,,,,,None,448000000,,4.46,0.0271,,,,2.096,0.61,532000000,980000000,3.05,2013-09-30,13.64,,7184000000.0,702000000,447000000,123000000,,,None,102000000,None,,None,,,,,312000000,324000000,None,None,0.0553,,170000000,532000000,,,,,17000000,,,,,3.054,2.112,0.437,,,,,,,,0.0128,,,2025-10-23,quarterly,3.66,USD,pre-market,0,,0.0359,0.0524,-0.032,373.27,170000000,,,,146.48,171.2,20.0,,,,,,,36137000000,,34.1,,184.46,96.76
2025-12-28,VLO,4.81,116552999000.0,34.1,,0.759,77.88,,,,,,,,,,,,,,,None,32993000000,32993000000,,,,,,None,405000000,,4.46,0.0271,,,,2.096,0.61,816000000,1221000000,3.05,2013-06-30,13.64,,7184000000.0,1041000000,741000000,276000000,,,None,78000000,None,,None,,,,,466000000,465000000,None,None,0.0553,,233000000,808000000,,,,,11000000,,,,,3.054,2.112,0.437,,,,,,,,0.0128,,,2025-10-23,quarterly,3.66,USD,pre-market,0,,0.0359,0.0524,-0.032,373.27,233000000,,,,146.48,171.2,20.0,,,,,,,34034000000,,34.1,,184.46,96.76
2025-12-28,VLO,4.81,116552999000.0,34.1,,0.759,77.88,,,,,,,,,,,,,,,None,32237000000,32237000000,,,,,,None,430000000,,4.46,0.0271,,,,2.096,0.61,1075000000,1505000000,3.05,2013-03-31,13.64,,7184000000.0,1237000000,992000000,340000000,,,None,83000000,None,,None,,,,,654000000,652000000,None,None,0.0553,,176000000,1061000000,,,,,14000000,,,,,3.054,2.112,0.437,,,,,,,,0.0128,,,2025-10-23,quarterly,3.66,USD,pre-market,0,,0.0359,0.0524,-0.032,373.27,176000000,,,,146.48,171.2,20.0,,,,,,,33474000000,,34.1,,184.46,96.76
2025-12-28,VLO,4.81,116552999000.0,34.1,,0.759,77.88,,,,,,,,,,,,,,,None,32864000000,32864000000,,,,,,None,402000000,,4.46,0.0271,,,,2.096,0.61,1594000000,1996000000,3.05,2012-12-31,13.64,,7184000000.0,1831000000,1524000000,515000000,,,None,70000000,None,,None,,,,,1010000000,1009000000,None,None,0.0553,,189000000,1584000000,,,,,10000000,,,,,3.054,2.112,0.437,,,,,,,,0.0128,,,2025-10-23,quarterly,3.66,USD,pre-market,0,,0.0359,0.0524,-0.032,373.27,189000000,,,,146.48,171.2,20.0,,,,,,,34695000000,,34.1,,184.46,96.76
2025-12-28,VLO,4.81,116552999000.0,34.1,,0.759,77.88,,,,,,,,,,,,,,,None,32898000000,32898000000,,,,,,None,402000000,,4.46,0.0271,,,,2.096,0.61,1307000000,1709000000,3.05,2012-09-30,13.64,,7184000000.0,1828000000,1237000000,564000000,,,None,70000000,None,,None,,,,,674000000,673000000,None,None,0.0553,,174000000,1309000000,,,,,-2000000,,,,,3.054,2.112,0.437,,,,,,,,0.0128,,,2025-10-23,quarterly,3.66,USD,pre-market,0,,0.0359,0.0524,-0.032,373.27,174000000,,,,146.48,171.2,20.0,,,,,,,34726000000,,34.1,,184.46,96.76
2025-12-28,VLO,4.81,116552999000.0,34.1,,0.759,77.88,,,,,,,,,,,,,,,None,33130000000,33130000000,,,,,,None,386000000,,4.46,0.0271,,,,2.096,0.61,1356000000,1742000000,3.05,2012-06-30,13.64,,7184000000.0,1532000000,1282000000,452000000,,,None,74000000,None,,None,,,,,831000000,830000000,None,None,0.0553,,171000000,1361000000,,,,,-5000000,,,,,3.054,2.112,0.437,,,,,,,,0.0128,,,2025-10-23,quarterly,3.66,USD,pre-market,0,,0.0359,0.0524,-0.032,373.27,171000000,,,,146.48,171.2,20.0,,,,,,,34662000000,,34.1,,184.46,96.76
2025-12-28,VLO,4.81,116552999000.0,34.1,,0.759,77.88,,,,,,,,,,,,,,,None,34636000000,34636000000,,,,,,None,384000000,,4.46,0.0271,,,,2.096,0.61,-238000000,146000000,3.05,2012-03-31,13.64,,7184000000.0,531000000,-337000000,95000000,,,None,99000000,None,,None,,,,,-432000000,-432000000,None,None,0.0553,,164000000,-244000000,,,,,6000000,,,,,3.054,2.112,0.437,,,,,,,,0.0128,,,2025-10-23,quarterly,3.66,USD,pre-market,0,,0.0359,0.0524,-0.032,373.27,164000000,,,,146.48,171.2,20.0,,,,,,,35167000000,,34.1,,184.46,96.76
2025-12-28,VLO,4.81,116552999000.0,34.1,,0.759,77.88,,,,,,,,,,,,,,,None,34377000000,34377000000,,,,,,None,393000000,,4.46,0.0271,,,,2.096,0.61,182000000,575000000,3.05,2011-12-31,13.64,,7184000000.0,296000000,93000000,48000000,,,None,89000000,None,,None,,,,,45000000,45000000,None,None,0.0553,,129000000,167000000,,,,,15000000,,,,,3.054,2.112,0.437,,,,,,,,0.0128,,,2025-10-23,quarterly,3.66,USD,pre-market,0,,0.0359,0.0524,-0.032,373.27,129000000,,,,146.48,171.2,20.0,,,,,,,34673000000,,34.1,,184.46,96.76
2025-12-28,VLO,4.81,116552999000.0,34.1,,0.759,77.88,,,,,,,,,,,,,,,None,31183000000,31183000000,,,,,,None,390000000,,4.46,0.0271,,,,2.096,0.61,1980000000,2370000000,3.05,2011-09-30,13.64,,7184000000.0,2530000000,1892000000,689000000,,,None,88000000,None,,None,,,,,1203000000,1203000000,None,None,0.0553,,551000000,1979000000,,,,,1000000,,,,,3.054,2.112,0.437,,,,,,,,0.0128,,,2025-10-23,quarterly,3.66,USD,pre-market,0,,0.0359,0.0524,-0.032,373.27,139000000,,,,146.48,171.2,20.0,,,,,,,33713000000,,34.1,,184.46,96.76
2025-12-28,VLO,4.81,116552999000.0,34.1,,0.759,77.88,,,,,,,,,,,,,,,None,29466000000,29466000000,,,,,,None,386000000,,4.46,0.0271,,,,2.096,0.61,1300000000,1686000000,3.05,2011-06-30,13.64,,7184000000.0,1827000000,1193000000,449000000,,,None,107000000,None,,None,,,,,744000000,744000000,None,None,0.0553,,537000000,1290000000,,,,,10000000,,,,,3.054,2.112,0.437,,,,,,,,0.0128,,,2025-10-23,quarterly,3.66,USD,pre-market,0,,0.0359,0.0524,-0.032,373.27,151000000,,,,146.48,171.2,20.0,,,,,,,31293000000,,34.1,,184.46,96.76
2025-12-28,VLO,4.81,116552999000.0,34.1,,0.759,77.88,,,,,,,,,,,,,,,None,25569000000,25569000000,,,,,,None,365000000,,4.46,0.0271,,,,2.096,0.61,261000000,626000000,3.05,2011-03-31,13.64,,7184000000.0,739000000,144000000,40000000,,,None,117000000,None,,None,,,,,98000000,104000000,None,None,0.0553,,495000000,244000000,,,,,17000000,,,,,3.054,2.112,0.437,,,,,,,,0.0128,,,2025-10-23,quarterly,3.66,USD,pre-market,0,,0.0359,0.0524,-0.032,373.27,130000000,,,,146.48,171.2,20.0,,,,,,,26308000000,,34.1,,184.46,96.76
2025-12-28,VLO,4.81,116552999000.0,34.1,,0.759,77.88,,,,,,,,,,,,,,,None,18268000000,18268000000,,,,,,None,377000000,,4.46,0.0271,,,,2.096,0.61,492000000,869000000,3.05,2010-12-31,13.64,,7184000000.0,337000000,370000000,168000000,,,None,122000000,None,,None,,,,,-438000000,202000000,None,None,0.0553,,-79000000,416000000,,,,,76000000,,,,,3.054,2.112,0.437,,,,,,,,0.0128,,,2025-10-23,quarterly,3.66,USD,pre-market,0,,0.0359,0.0524,-0.032,373.27,164000000,,,,146.48,171.2,20.0,,,,,,,18605000000,,34.1,,184.46,96.76
2025-12-28,VLO,4.81,116552999000.0,34.1,,0.759,77.88,,,,,,,,,,,,,,,None,20936000000,20936000000,,,,,,None,372000000,,4.46,0.0271,,,,2.096,0.61,571000000,943000000,3.05,2010-09-30,13.64,,7184000000.0,1274000000,470000000,178000000,,,None,119000000,None,,None,,,,,292000000,292000000,None,None,0.0553,,703000000,571000000,,,,,18000000,,,,,3.054,2.112,0.437,,,,,,,,0.0128,,,2025-10-23,quarterly,3.66,USD,pre-market,0,,0.0359,0.0524,-0.032,373.27,139000000,,,,146.48,171.2,20.0,,,,,,,22210000000,,34.1,,184.46,96.76
2025-12-28,VLO,4.81,116552999000.0,34.1,,0.759,77.88,,,,,,,,,,,,,,,None,20167000000,20167000000,,,,,,None,367000000,,4.46,0.0271,,,,2.096,0.61,905000000,1272000000,3.05,2010-06-30,13.64,,7184000000.0,1608000000,806000000,276000000,,,None,116000000,None,,None,,,,,583000000,530000000,None,None,0.0553,,685000000,921000000,,,,,1000000,,,,,3.054,2.112,0.437,,,,,,,,0.0128,,,2025-10-23,quarterly,3.66,USD,pre-market,0,,0.0359,0.0524,-0.032,373.27,131000000,,,,146.48,171.2,20.0,,,,,,,21775000000,,34.1,,184.46,96.76
2025-12-28,VLO,4.81,116552999000.0,34.1,,0.759,77.88,,,,,,,,,,,,,,,None,19048000000,19048000000,,,,,,None,357000000,,4.46,0.0271,,,,2.096,0.61,-32000000,325000000,3.05,2010-03-31,13.64,,7184000000.0,595000000,-148000000,-47000000,,,None,127000000,None,,None,,,,,-113000000,-101000000,None,None,0.0553,,627000000,-32000000,,,,,11000000,,,,,3.054,2.112,0.437,,,,,,,,0.0128,,,2025-10-23,quarterly,3.66,USD,pre-market,0,,0.0359,0.0524,-0.032,373.27,97000000,,,,146.48,171.2,20.0,,,,,,,19643000000,,34.1,,184.46,96.76
2025-12-28,VLO,4.81,116552999000.0,34.1,,0.759,77.88,,,,,,,,,,,,,,,None,16217000000,16217000000,,,,,,None,371000000,,4.46,0.0271,,,,2.096,0.61,478000000,849000000,3.05,2009-12-31,13.64,,7184000000.0,689000000,361000000,139000000,,,None,117000000,None,,None,,,,,-1408000000,0,None,None,0.0553,,589000000,445000000,,,,,None,,,,,3.054,2.112,0.437,,,,,,,,0.0128,,,2025-10-23,quarterly,3.66,USD,pre-market,0,,0.0359,0.0524,-0.032,373.27,137000000,,,,146.48,171.2,20.0,,,,,,,16906000000,,34.1,,184.46,96.76
2025-12-28,VLO,4.81,116552999000.0,34.1,,0.759,77.88,,,,,,,,,,,,,,,None,19027000000,19027000000,,,,,,None,389000000,,4.46,0.0271,,,,2.096,0.61,-230000000,159000000,3.05,2009-09-30,13.64,,7184000000.0,462000000,-814000000,-185000000,,,None,130000000,None,,None,,,,,-629000000,-629000000,None,None,0.0553,,738000000,-693000000,,,,,9000000,,,,,3.054,2.112,0.437,,,,,,,,0.0128,,,2025-10-23,quarterly,3.66,USD,pre-market,0,,0.0359,0.0524,-0.032,373.27,167000000,,,,146.48,171.2,20.0,,,,,,,19489000000,,34.1,,184.46,96.76
2025-12-28,VLO,4.81,116552999000.0,34.1,,0.759,77.88,,,,,,,,,,,,,,,None,17558000000,17558000000,,,,,,None,389000000,,4.46,0.0271,,,,2.096,0.61,-215000000,174000000,3.05,2009-06-30,13.64,,7184000000.0,367000000,-423000000,-169000000,,,None,82000000,None,,None,,,,,-254000000,-254000000,None,None,0.0553,,684000000,-317000000,,,,,-24000000,,,,,3.054,2.112,0.437,,,,,,,,0.0128,,,2025-10-23,quarterly,3.66,USD,pre-market,0,,0.0359,0.0524,-0.032,373.27,124000000,,,,146.48,171.2,20.0,,,,,,,17925000000,,34.1,,184.46,96.76
2025-12-28,VLO,4.81,116552999000.0,34.1,,0.759,77.88,,,,,,,,,,,,,,,None,12625000000,12625000000,,,,,,None,378000000,,4.46,0.0271,,,,2.096,0.61,592000000,970000000,3.05,2009-03-31,13.64,,7184000000.0,1199000000,427000000,118000000,,,None,79000000,None,,None,,,,,309000000,0,None,None,0.0553,,692000000,507000000,,,,,None,,,,,3.054,2.112,0.437,,,,,,,,0.0128,,,2025-10-23,quarterly,3.66,USD,pre-market,0,,0.0359,0.0524,-0.032,373.27,145000000,,,,146.48,171.2,20.0,,,,,,,13824000000,,34.1,,184.46,96.76
2025-12-28,VLO,4.81,116552999000.0,34.1,,0.759,77.88,,,,,,,,,,,,,,,None,16710000000,16710000000,,,,,,None,370000000,,4.46,0.0271,,,,2.096,0.61,-2907000000,-2537000000,3.05,2008-12-31,13.64,,7184000000.0,1859000000,-2944000000,334000000,,,None,116000000,None,,None,,,,,-3278000000,0,None,None,0.0553,,4766000000,-2907000000,,,,,None,,,,,3.054,2.112,0.437,,,,,,,,0.0128,,,2025-10-23,quarterly,3.66,USD,pre-market,0,,0.0359,0.0524,-0.032,373.27,559000000,,,,146.48,171.2,20.0,,,,,,,18569000000,,34.1,,184.46,96.76
2025-12-28,VLO,4.81,116552999000.0,34.1,,0.759,77.88,,,,,,,,,,,,,,,None,33685000000,33685000000,,,,,,None,370000000,,4.46,0.0271,,,,2.096,0.61,1840000000,2210000000,3.05,2008-09-30,13.64,,7184000000.0,2275000000,1795000000,643000000,,,None,112000000,None,,None,,,,,1152000000,0,None,None,0.0553,,435000000,1840000000,,,,,None,,,,,3.054,2.112,0.437,,,,,,,,0.0128,,,2025-10-23,quarterly,3.66,USD,pre-market,0,,0.0359,0.0524,-0.032,373.27,169000000,,,,146.48,171.2,20.0,,,,,,,35960000000,,34.1,,184.46,96.76
2025-12-28,VLO,4.81,116552999000.0,34.1,,0.759,77.88,,,,,,,,,,,,,,,None,34806000000,34806000000,,,,,,None,369000000,,4.46,0.0271,,,,2.096,0.61,1158000000,1527000000,3.05,2008-06-30,13.64,,7184000000.0,1834000000,1090000000,356000000,,,None,107000000,None,,None,,,,,734000000,0,None,None,0.0553,,676000000,1158000000,,,,,None,,,,,3.054,2.112,0.437,,,,,,,,0.0128,,,2025-10-23,quarterly,3.66,USD,pre-market,0,,0.0359,0.0524,-0.032,373.27,117000000,,,,146.48,171.2,20.0,,,,,,,36640000000,,34.1,,184.46,96.76
2025-12-28,VLO,4.81,116552999000.0,34.1,,0.759,77.88,,,,,,,,,,,,,,,None,26783000000,26783000000,,,,,,None,367000000,,4.46,0.0271,,,,2.096,0.61,472000000,839000000,3.05,2008-03-31,13.64,,7184000000.0,1162000000,395000000,134000000,,,None,116000000,None,,None,,,,,261000000,0,None,None,0.0553,,690000000,472000000,,,,,None,,,,,3.054,2.112,0.437,,,,,,,,0.0128,,,2025-10-23,quarterly,3.66,USD,pre-market,0,,0.0359,0.0524,-0.032,373.27,135000000,,,,146.48,171.2,20.0,,,,,,,27945000000,,34.1,,184.46,96.76
2025-12-28,VLO,4.81,116552999000.0,34.1,,0.759,77.88,,,,,,,,,,,,,,,None,27076000000,27076000000,,,,,,None,357000000,,4.46,0.0271,,,,2.096,0.61,875000000,1232000000,3.05,2007-12-31,13.64,,7184000000.0,2201000000,799000000,232000000,,,None,119000000,None,,None,,,,,1173000000,0,None,None,0.0553,,1317000000,884000000,,,,,None,,,,,3.054,2.112,0.437,,,,,,,,0.0128,,,2025-10-23,quarterly,3.66,USD,pre-market,0,,0.0359,0.0524,-0.032,373.27,638000000,,,,146.48,171.2,20.0,,,,,,,29277000000,,34.1,,184.46,96.76
2025-12-28,VLO,4.81,116552999000.0,34.1,,0.759,77.88,,,,,,,,,,,,,,,None,21846000000,21846000000,,,,,,None,344000000,,4.46,0.0271,,,,2.096,0.61,1168000000,1512000000,3.05,2007-09-30,13.64,,7184000000.0,1646000000,1190000000,342000000,,,None,148000000,None,,None,,,,,1067000000,0,None,None,0.0553,,478000000,1168000000,,,,,None,,,,,3.054,2.112,0.437,,,,,,,,0.0128,,,2025-10-23,quarterly,3.66,USD,pre-market,0,,0.0359,0.0524,-0.032,373.27,136000000,,,,146.48,171.2,20.0,,,,,,,23492000000,,34.1,,184.46,96.76
2025-12-28,VLO,4.81,116552999000.0,34.1,,0.759,77.88,,,,,,,,,,,,,,,None,20295000000,20295000000,,,,,,None,341000000,,4.46,0.0271,,,,2.096,0.61,3193000000,3534000000,3.05,2007-06-30,13.64,,7184000000.0,3704000000,3117000000,1055000000,,,None,110000000,None,,None,,,,,2046000000,0,None,None,0.0553,,511000000,3193000000,,,,,None,,,,,3.054,2.112,0.437,,,,,,,,0.0128,,,2025-10-23,quarterly,3.66,USD,pre-market,0,,0.0359,0.0524,-0.032,373.27,177000000,,,,146.48,171.2,20.0,,,,,,,23999000000,,34.1,,184.46,96.76
2025-12-28,VLO,4.81,116552999000.0,34.1,,0.759,77.88,,,,,,,,,,,,,,,None,17283000000,17283000000,,,,,,None,334000000,,4.46,0.0271,,,,2.096,0.61,1765000000,2099000000,3.05,2007-03-31,13.64,,7184000000.0,2219000000,1711000000,567000000,,,None,89000000,None,,None,,,,,948000000,0,None,None,0.0553,,454000000,1765000000,,,,,None,,,,,3.054,2.112,0.437,,,,,,,,0.0128,,,2025-10-23,quarterly,3.66,USD,pre-market,0,,0.0359,0.0524,-0.032,373.27,145000000,,,,146.48,171.2,20.0,,,,,,,19502000000,,34.1,,184.46,96.76
2025-12-28,VLO,4.81,116552999000.0,34.1,,0.759,77.88,,,,,,,,,,,,,,,None,17662000000,17662000000,,,,,,None,308000000,,4.46,0.0271,,,,2.096,0.61,1480000000,1788000000,3.05,2006-12-31,13.64,,7184000000.0,2129800000,1641000000,527000000,,,None,97000000,None,,None,,,,,1113800000,0,None,None,0.0553,,649800000,1480000000,,,,,None,,,,,3.054,2.112,0.437,,,,,,,,0.0128,,,2025-10-23,quarterly,3.66,USD,pre-market,0,,0.0359,0.0524,-0.032,373.27,558000000,,,,146.48,171.2,20.0,,,,,,,19791800000,,34.1,,184.46,96.76
2025-12-28,VLO,4.81,116552999000.0,34.1,,0.759,77.88,,,,,,,,,,,,,,,None,21348000000,21348000000,,,,,,None,294000000,,4.46,0.0271,,,,2.096,0.61,2261000000,2555000000,3.05,2006-09-30,13.64,,7184000000.0,2970800000,2439000000,836000000,,,None,91000000,None,,None,,,,,1602800000,0,None,None,0.0553,,637800000,2333000000,,,,,None,,,,,3.054,2.112,0.437,,,,,,,,0.0128,,,2025-10-23,quarterly,3.66,USD,pre-market,0,,0.0359,0.0524,-0.032,373.27,136000000,,,,146.48,171.2,20.0,,,,,,,24318800000,,34.1,,184.46,96.76
2025-12-28,VLO,4.81,116552999000.0,34.1,,0.759,77.88,,,,,,,,,,,,,,,None,23249000000,23249000000,,,,,,None,293000000,,4.46,0.0271,,,,2.096,0.61,2738000000,3031000000,3.05,2006-06-30,13.64,,7184000000.0,3531800000,2823000000,926000000,,,None,93000000,None,,None,,,,,1896800000,0,None,None,0.0553,,667800000,2864000000,,,,,None,,,,,3.054,2.112,0.437,,,,,,,,0.0128,,,2025-10-23,quarterly,3.66,USD,pre-market,0,,0.0359,0.0524,-0.032,373.27,171000000,,,,146.48,171.2,20.0,,,,,,,26780800000,,34.1,,184.46,96.76
2025-12-28,VLO,4.81,116552999000.0,34.1,,0.759,77.88,,,,,,,,,,,,,,,None,19008000000,19008000000,,,,,,None,260000000,,4.46,0.0271,,,,2.096,0.61,1333000000,1593000000,3.05,2006-03-31,13.64,,7184000000.0,1932800000,1286000000,437000000,,,None,96000000,None,,None,,,,,848800000,0,None,None,0.0553,,599800000,1333000000,,,,,None,,,,,3.054,2.112,0.437,,,,,,,,0.0128,,,2025-10-23,quarterly,3.66,USD,pre-market,0,,0.0359,0.0524,-0.032,373.27,151000000,,,,146.48,171.2,20.0,,,,,,,20940800000,,34.1,,184.46,96.76
2025-12-28,VLO,4.81,116552999000.0,34.1,,0.759,77.88,,,,,,,,,,,,,,,None,23272000000,23272000000,,,,,,None,260000000,,4.46,0.0271,,,,2.096,0.61,1997000000,2257000000,3.05,2005-12-31,13.64,,7184000000.0,2621800000,1988000000,641000000,,,None,104000000,None,,None,,,,,1346800000,0,None,None,0.0553,,624800000,1997000000,,,,,None,,,,,3.054,2.112,0.437,,,,,,,,0.0128,,,2025-10-23,quarterly,3.66,USD,pre-market,0,,0.0359,0.0524,-0.032,373.27,458000000,,,,146.48,171.2,20.0,,,,,,,25893800000,,34.1,,184.46,96.76
2025-12-28,VLO,4.81,116552999000.0,34.1,,0.759,77.88,,,,,,,,,,,,,,,None,21410000000,21410000000,,,,,,None,232000000,,4.46,0.0271,,,,2.096,0.61,1268000000,1500000000,3.05,2005-09-30,13.64,,7184000000.0,1872800000,1268000000,406000000,,,None,85000000,None,,None,,,,,861800000,0,None,None,0.0553,,561800000,1311000000,,,,,None,,,,,3.054,2.112,0.437,,,,,,,,0.0128,,,2025-10-23,quarterly,3.66,USD,pre-market,0,,0.0359,0.0524,-0.032,373.27,129000000,,,,146.48,171.2,20.0,,,,,,,23282800000,,34.1,,184.46,96.76
2025-12-28,VLO,4.81,116552999000.0,34.1,,0.759,77.88,,,,,,,,,,,,,,,None,125121000000,125121000000,,,,,,None,2774000000,,4.46,0.0271,,,,2.096,0.61,4254000000,7028000000,3.05,2024-12-31,13.64,,7184000000.0,4760000000,3698000000,692000000,,,None,556000000,556000000,,None,,,,,2770000000,3006000000,-556000000,None,0.0553,,1005000000,3755000000,,,,,None,,,,,3.054,2.112,0.437,,,,,,,,0.0128,,,2025-10-23,annual,3.66,USD,pre-market,None,,0.0359,0.0524,-0.032,373.27,961000000,,,,146.48,171.2,20.0,,,,,,,129881000000,,34.1,,184.46,96.76
2025-12-28,VLO,4.81,116552999000.0,34.1,,0.759,77.88,,,,,,,,,,,,,,,None,131877000000,131877000000,,,,,,None,2701000000,,4.46,0.0271,,,,2.096,0.61,11958000000,14659000000,3.05,2023-12-31,13.64,,7184000000.0,12889000000,11768000000,2619000000,,,None,592000000,371000000,,None,,,,,8835000000,11163000000,-209000000,None,0.0553,,1031000000,11858000000,,,,,None,,,,,3.054,2.112,0.437,,,,,,,,0.0128,,,2025-10-23,annual,3.66,USD,pre-market,None,,0.0359,0.0524,-0.032,373.27,998000000,,,,146.48,171.2,20.0,,,,,,,144766000000,,34.1,,184.46,96.76
2025-12-28,VLO,4.81,116552999000.0,34.1,,0.759,77.88,,,,,,,,,,,,,,,None,159632000000,159632000000,,,,,,None,2473000000,,4.46,0.0271,,,,2.096,0.61,15869000000,18342000000,3.05,2022-12-31,13.64,,7184000000.0,16751000000,15307000000,3428000000,,,None,562000000,562000000,,None,,,,,11528000000,11879000000,-562000000,None,0.0553,,1061000000,15690000000,,,,,179000000,,,,,3.054,2.112,0.437,,,,,,,,0.0128,,,2025-10-23,annual,3.66,USD,pre-market,None,,0.0359,0.0524,-0.032,373.27,934000000,,,,146.48,171.2,20.0,,,,,,,176383000000,,34.1,,184.46,96.76
2025-12-28,VLO,4.81,116552999000.0,34.1,,0.759,77.88,,,,,,,,,,,,,,,None,110895000000,110895000000,,,,,,None,2405000000,,4.46,0.0271,,,,2.096,0.61,2146000000,4551000000,3.05,2021-12-31,13.64,,7184000000.0,3082000000,1543000000,255000000,,,None,603000000,603000000,,None,,,,,930000000,1288000000,-603000000,None,0.0553,,952000000,2130000000,,,,,16000000,,,,,3.054,2.112,0.437,,,,,,,,0.0128,,,2025-10-23,annual,3.66,USD,pre-market,None,,0.0359,0.0524,-0.032,373.27,865000000,,,,146.48,171.2,20.0,,,,,,,113977000000,,34.1,,184.46,96.76
2025-12-28,VLO,4.81,116552999000.0,34.1,,0.759,77.88,,,,,,,,,,,,,,,None,65700000000,65700000000,,,,,,None,2351000000,,4.46,0.0271,,,,2.096,0.61,-1447000000,904000000,3.05,2020-12-31,13.64,,7184000000.0,-788000000,-2010000000,-903000000,,,None,563000000,563000000,,None,,,,,-1426000000,-1107000000,-563000000,None,0.0553,,791000000,-1579000000,,,,,132000000,,,,,3.054,2.112,0.437,,,,,,,,0.0128,,,2025-10-23,annual,3.66,USD,pre-market,None,,0.0359,0.0524,-0.032,373.27,756000000,,,,146.48,171.2,20.0,,,,,,,64912000000,,34.1,,184.46,96.76
2025-12-28,VLO,4.81,116552999000.0,34.1,,0.759,77.88,,,,,,,,,,,,,,,None,103599000000,103599000000,,,,,,None,2255000000,,4.46,0.0271,,,,2.096,0.61,3883000000,6138000000,3.05,2019-12-31,13.64,,7184000000.0,4725000000,3486000000,702000000,,,None,454000000,379000000,,None,,,,,2422000000,2784000000,-454000000,None,0.0553,,889000000,3836000000,,,,,104000000,,,,,3.054,2.112,0.437,,,,,,,,0.0128,,,2025-10-23,annual,3.66,USD,pre-market,None,,0.0359,0.0524,-0.032,373.27,868000000,,,,146.48,171.2,20.0,,,,,,,108324000000,,34.1,,184.46,96.76
2025-12-28,VLO,4.81,116552999000.0,34.1,,0.759,77.88,,,,,,,,,,,,,,,None,111491000000,111491000000,,,,,,None,2069000000,,4.46,0.0271,,,,2.096,0.61,4600000000,6669000000,3.05,2018-12-31,13.64,,7184000000.0,5542000000,4232000000,879000000,,,None,470000000,470000000,,None,,,,,3122000000,3353000000,-470000000,None,0.0553,,970000000,4572000000,,,,,130000000,,,,,3.054,2.112,0.437,,,,,,,,0.0128,,,2025-10-23,annual,3.66,USD,pre-market,0,,0.0359,0.0524,-0.032,373.27,925000000,,,,146.48,171.2,20.0,,,,,,,117033000000,,34.1,,184.46,96.76
2025-12-28,VLO,4.81,116552999000.0,34.1,,0.759,77.88,,,,,,,,,,,,,,,None,89485000000,89485000000,,,,,,None,1986000000,,4.46,0.0271,,,,2.096,0.61,3603000000,5589000000,3.05,2017-12-31,13.64,,7184000000.0,4495000000,3207000000,-949000000,,,None,468000000,468000000,,None,,,,,4065000000,4156000000,-468000000,None,0.0553,,896000000,3599000000,,,,,76000000,,,,,3.054,2.112,0.437,,,,,,,,0.0128,,,2025-10-23,annual,3.66,USD,pre-market,0,,0.0359,0.0524,-0.032,373.27,835000000,,,,146.48,171.2,20.0,,,,,,,93980000000,,34.1,,184.46,96.76
2025-12-28,VLO,4.81,116552999000.0,34.1,,0.759,77.88,,,,,,,,,,,,,,,None,71316000000,71316000000,,,,,,None,1894000000,,4.46,0.0271,,,,2.096,0.61,3621000000,5515000000,3.05,2016-12-31,13.64,,7184000000.0,4343000000,3182000000,765000000,,,None,446000000,446000000,,None,,,,,2289000000,2417000000,-446000000,None,0.0553,,715000000,3572000000,,,,,56000000,,,,,3.054,2.112,0.437,,,,,,,,0.0128,,,2025-10-23,annual,3.66,USD,pre-market,0,,0.0359,0.0524,-0.032,373.27,715000000,,,,146.48,171.2,20.0,,,,,,,75659000000,,34.1,,184.46,96.76
2025-12-28,VLO,4.81,116552999000.0,34.1,,0.759,77.88,,,,,,,,,,,,,,,None,80736000000,80736000000,,,,,,None,1842000000,,4.46,0.0271,,,,2.096,0.61,6358000000,8200000000,3.05,2015-12-31,13.64,,7184000000.0,7068000000,5971000000,1870000000,,,None,433000000,433000000,,None,,,,,3990000000,4101000000,None,None,0.0553,,710000000,6358000000,,,,,46000000,,,,,3.054,2.112,0.437,,,,,,,,0.0128,,,2025-10-23,annual,3.66,USD,pre-market,0,,0.0359,0.0524,-0.032,373.27,710000000,,,,146.48,171.2,20.0,,,,,,,87804000000,,34.1,,184.46,96.76
2025-12-28,VLO,4.81,116552999000.0,34.1,,0.759,77.88,,,,,,,,,,,,,,,None,124218000000,124218000000,,,,,,None,1690000000,,4.46,0.0271,,,,2.096,0.61,5902000000,7592000000,3.05,2014-12-31,13.64,,7184000000.0,6626000000,5552000000,1777000000,,,None,397000000,None,,None,,,,,3630000000,3775000000,None,None,0.0553,,724000000,5902000000,,,,,47000000,,,,,3.054,2.112,0.437,,,,,,,,0.0128,,,2025-10-23,annual,3.66,USD,pre-market,0,,0.0359,0.0524,-0.032,373.27,724000000,,,,146.48,171.2,20.0,,,,,,,130844000000,,34.1,,184.46,96.76
2025-12-28,VLO,4.81,116552999000.0,34.1,,0.759,77.88,,,,,,,,,,,,,,,None,133353000000,133353000000,,,,,,None,1720000000,,4.46,0.0271,,,,2.096,0.61,3987000000,5707000000,3.05,2013-12-31,13.64,,7184000000.0,4721000000,3982000000,1254000000,,,None,365000000,None,,None,,,,,2720000000,2728000000,None,None,0.0553,,758000000,3963000000,,,,,384000000,,,,,3.054,2.112,0.437,,,,,,,,0.0128,,,2025-10-23,annual,3.66,USD,pre-market,0,,0.0359,0.0524,-0.032,373.27,758000000,,,,146.48,171.2,20.0,,,,,,,138074000000,,34.1,,184.46,96.76
2025-12-28,VLO,4.81,116552999000.0,34.1,,0.759,77.88,,,,,,,,,,,,,,,None,133528000000,133528000000,,,,,,None,1574000000,,4.46,0.0271,,,,2.096,0.61,5054000000,6628000000,3.05,2012-12-31,13.64,,7184000000.0,5722000000,3706000000,1626000000,,,None,313000000,None,,None,,,,,2083000000,2080000000,None,None,0.0553,,698000000,4010000000,,,,,9000000,,,,,3.054,2.112,0.437,,,,,,,,0.0128,,,2025-10-23,annual,3.66,USD,pre-market,0,,0.0359,0.0524,-0.032,373.27,698000000,,,,146.48,171.2,20.0,,,,,,,139250000000,,34.1,,184.46,96.76
2025-12-28,VLO,4.81,116552999000.0,34.1,,0.759,77.88,,,,,,,,,,,,,,,None,121736000000,121736000000,,,,,,None,1534000000,,4.46,0.0271,,,,2.096,0.61,3723000000,5257000000,3.05,2011-12-31,13.64,,7184000000.0,4251000000,3322000000,1226000000,,,None,401000000,None,,None,,,,,2090000000,2096000000,None,None,0.0553,,571000000,3680000000,,,,,43000000,,,,,3.054,2.112,0.437,,,,,,,,0.0128,,,2025-10-23,annual,3.66,USD,pre-market,0,,0.0359,0.0524,-0.032,373.27,571000000,,,,146.48,171.2,20.0,,,,,,,125987000000,,34.1,,184.46,96.76
2025-12-28,VLO,4.81,116552999000.0,34.1,,0.759,77.88,,,,,,,,,,,,,,,None,74458000000,74458000000,,,,,,None,1405000000,,4.46,0.0271,,,,2.096,0.61,1982000000,3387000000,3.05,2010-12-31,13.64,,7184000000.0,7775000000,1498000000,575000000,,,None,484000000,None,,None,,,,,324000000,923000000,None,None,0.0553,,5897000000,1876000000,,,,,106000000,,,,,3.054,2.112,0.437,,,,,,,,0.0128,,,2025-10-23,annual,3.66,USD,pre-market,0,,0.0359,0.0524,-0.032,373.27,531000000,,,,146.48,171.2,20.0,,,,,,,82233000000,,34.1,,184.46,96.76
2025-12-28,VLO,4.81,116552999000.0,34.1,,0.759,77.88,,,,,,,,,,,,,,,None,65270000000,65270000000,,,,,,None,1527000000,,4.46,0.0271,,,,2.096,0.61,100000000,1627000000,3.05,2009-12-31,13.64,,7184000000.0,2874000000,-449000000,-97000000,,,None,408000000,None,,None,,,,,-1982000000,-352000000,None,None,0.0553,,2702000000,-58000000,,,,,17000000,,,,,3.054,2.112,0.437,,,,,,,,0.0128,,,2025-10-23,annual,3.66,USD,pre-market,0,,0.0359,0.0524,-0.032,373.27,572000000,,,,146.48,171.2,20.0,,,,,,,68144000000,,34.1,,184.46,96.76
2025-12-28,VLO,4.81,116552999000.0,34.1,,0.759,77.88,,,,,,,,,,,,,,,None,111984000000,111984000000,,,,,,None,1476000000,,4.46,0.0271,,,,2.096,0.61,676000000,2152000000,3.05,2008-12-31,13.64,,7184000000.0,7130000000,336000000,1467000000,,,None,347000000,None,,None,,,,,-1131000000,None,None,None,0.0553,,6567000000,563000000,,,,,None,,,,,3.054,2.112,0.437,,,,,,,,0.0128,,,2025-10-23,annual,3.66,USD,pre-market,None,,0.0359,0.0524,-0.032,373.27,559000000,,,,146.48,171.2,20.0,,,,,,,119114000000,,34.1,,184.46,96.76
2025-12-28,VLO,4.81,116552999000.0,34.1,,0.759,77.88,,,,,,,,,,,,,,,None,85661000000,85661000000,,,,,,None,1376000000,,4.46,0.0271,,,,2.096,0.61,6918000000,8294000000,3.05,2007-12-31,13.64,,7184000000.0,9666000000,6726000000,2161000000,,,None,0,None,,None,,,,,5234000000,None,None,None,0.0553,,2748000000,6918000000,,,,,None,,,,,3.054,2.112,0.437,,,,,,,,0.0128,,,2025-10-23,annual,3.66,USD,pre-market,None,,0.0359,0.0524,-0.032,373.27,598000000,,,,146.48,171.2,20.0,,,,,,,95327000000,,34.1,,184.46,96.76
2025-12-28,VLO,4.81,116552999000.0,34.1,,0.759,77.88,,,,,,,,,,,,,,,None,81267000000,81267000000,,,,,,None,1155000000,,4.46,0.0271,,,,2.096,0.61,7722000000,8877000000,3.05,2006-12-31,13.64,,7184000000.0,10565200000,8189000000,2726000000,,,None,0,None,,None,,,,,5462200000,None,None,None,0.0553,,2555200000,8010000000,,,,,None,,,,,3.054,2.112,0.437,,,,,,,,0.0128,,,2025-10-23,annual,3.66,USD,pre-market,None,,0.0359,0.0524,-0.032,373.27,598000000,,,,146.48,171.2,20.0,,,,,,,91832200000,,34.1,,184.46,96.76
2025-12-28,VLO,4.81,116552999000.0,34.1,,0.759,77.88,,,,,,,,,,,,,,,None,74599000000,74599000000,,,,,,None,875000000,,4.46,0.0271,,,,2.096,0.61,5268000000,6143000000,3.05,2005-12-31,13.64,,7184000000.0,7562200000,5287000000,1697000000,,,None,0,None,,None,,,,,3589200000,None,None,None,0.0553,,2103200000,5459000000,,,,,None,,,,,3.054,2.112,0.437,,,,,,,,0.0128,,,2025-10-23,annual,3.66,USD,pre-market,None,,0.0359,0.0524,-0.032,373.27,458000000,,,,146.48,171.2,20.0,,,,,,,82161200000,,34.1,,184.46,96.76
2025-12-28,VLO,4.81,116552999000.0,34.1,None,0.759,77.88,,None,4764000000,4764000000,,,,,,,,,7000000,309000000,None,74599000000,74599000000,10694000000,None,894000000,10333000000,None,None,875000000,,4.46,0.0271,,,,2.096,0.61,5268000000,6143000000,3.05,2025-09-30,13.64,None,7184000000.0,7562200000,5287000000,1697000000,None,None,None,0,None,7394000000,None,None,9687000000,None,None,3589200000,None,None,None,0.0553,,2103200000,5459000000,1013000000,3079000000,None,2430000000,None,,,,,3.054,2.112,0.437,,,,,,,,0.0128,,27741000000,2025-10-23,quarterly,3.66,USD,pre-market,None,47169000000,0.0359,0.0524,-0.032,373.27,458000000,10581000000,894000000,None,146.48,171.2,20.0,58615000000,23504000000,14729000000,31869000000,35111000000,17140000000,82161200000,23754000000,34.1,None,184.46,96.76
2025-12-28,VLO,4.81,116552999000.0,34.1,None,0.759,77.88,,None,4537000000,4537000000,,,,,,,,,7000000,312000000,None,74599000000,74599000000,11499000000,None,382000000,11073000000,None,None,875000000,,4.46,0.0271,,,,2.096,0.61,5268000000,6143000000,3.05,2025-06-30,13.64,None,7184000000.0,7562200000,5287000000,1697000000,None,None,None,0,None,7538000000,None,None,10265000000,None,None,3589200000,None,None,None,0.0553,,2103200000,5459000000,656000000,1288000000,None,2496000000,None,,,,,3.054,2.112,0.437,,,,,,,,0.0128,,28236000000,2025-10-23,quarterly,3.66,USD,pre-market,None,46425000000,0.0359,0.0524,-0.032,373.27,458000000,10647000000,382000000,27000000,146.48,171.2,20.0,59433000000,23804000000,14677000000,32486000000,35629000000,17809000000,82161200000,24078000000,34.1,None,184.46,96.76
2025-12-28,VLO,4.81,116552999000.0,34.1,None,0.759,77.88,,None,4634000000,4634000000,,,,,,,,,7000000,314000000,None,74599000000,74599000000,11982000000,None,542000000,11238000000,None,None,875000000,,4.46,0.0271,,,,2.096,0.61,5268000000,6143000000,3.05,2025-03-31,13.64,None,7184000000.0,7562200000,5287000000,1697000000,None,None,None,0,None,7119000000,None,None,10312000000,None,None,3589200000,None,None,None,0.0553,,2103200000,5459000000,599000000,1153000000,None,2456000000,None,,,,,3.054,2.112,0.437,,,,,,,,0.0128,,28549000000,2025-10-23,quarterly,3.66,USD,pre-market,None,46065000000,0.0359,0.0524,-0.032,373.27,458000000,10854000000,542000000,None,146.48,171.2,20.0,59177000000,23590000000,15143000000,32862000000,35587000000,17719000000,82161200000,23490000000,34.1,None,184.46,96.76
2025-12-28,VLO,4.81,116552999000.0,34.1,None,0.759,77.88,,1077000000,4657000000,4657000000,,,,,,,,,7000000,316000000,None,74599000000,74599000000,12092000000,None,743000000,10708000000,None,None,875000000,,4.46,0.0271,,,,2.096,0.61,5268000000,6143000000,3.05,2024-12-31,13.64,260000000,7184000000.0,7562200000,5287000000,1697000000,151000000,151000000,None,0,None,7761000000,None,None,9720000000,None,695000000,3589200000,None,None,None,0.0553,,2103200000,5459000000,611000000,670000000,None,429000000,None,,,,,3.054,2.112,0.437,,,,,,,,0.0128,,29314000000,2025-10-23,quarterly,3.66,USD,pre-market,None,47016000000,0.0359,0.0524,-0.032,373.27,458000000,11540000000,1121000000,None,146.48,171.2,20.0,60143000000,23737000000,15495000000,32622000000,36406000000,17127000000,82161200000,24512000000,34.1,None,184.46,96.76
2025-12-28,VLO,4.81,116552999000.0,34.1,None,0.759,77.88,,None,5184000000,5184000000,,,,,,,,,7000000,318000000,None,74599000000,74599000000,11516000000,None,1016000000,11073000000,None,None,875000000,,4.46,0.0271,,,,2.096,0.61,5268000000,6143000000,3.05,2024-09-30,13.64,None,7184000000.0,7562200000,5287000000,1697000000,None,None,None,0,None,7048000000,None,None,9790000000,None,None,3589200000,None,None,None,0.0553,,2103200000,5459000000,671000000,1190000000,None,2031000000,None,,,,,3.054,2.112,0.437,,,,,,,,0.0128,,29681000000,2025-10-23,quarterly,3.66,USD,pre-market,None,47074000000,0.0359,0.0524,-0.032,373.27,458000000,10806000000,1016000000,None,146.48,171.2,20.0,60382000000,23976000000,15298000000,32382000000,36406000000,17084000000,82161200000,25253000000,34.1,None,184.46,96.76
2025-12-28,VLO,4.81,116552999000.0,34.1,None,0.759,77.88,,None,5246000000,5246000000,,,,,,,,,7000000,324000000,None,74599000000,74599000000,14565000000,None,995000000,13145000000,None,None,875000000,,4.46,0.0271,,,,2.096,0.61,5268000000,6143000000,3.05,2024-06-30,13.64,None,7184000000.0,7562200000,5287000000,1697000000,None,None,None,0,None,8028000000,None,None,9746000000,None,None,3589200000,None,None,None,0.0553,,2103200000,5459000000,696000000,1065000000,None,2077000000,None,,,,,3.054,2.112,0.437,,,,,,,,0.0128,,None,2025-10-23,quarterly,3.66,USD,pre-market,None,47052000000,0.0359,0.0524,-0.032,373.27,458000000,10741000000,995000000,None,146.48,171.2,20.0,63615000000,27115000000,18318000000,35365000000,36500000000,17047000000,82161200000,25443000000,34.1,None,184.46,96.76
2025-12-28,VLO,4.81,116552999000.0,34.1,None,0.759,77.88,,None,4917000000,4917000000,,,,,,,,,7000000,331000000,None,74599000000,74599000000,12458000000,None,853000000,12150000000,None,None,875000000,,4.46,0.0271,,,,2.096,0.61,5268000000,6143000000,3.05,2024-03-31,13.64,None,7184000000.0,7562200000,5287000000,1697000000,None,None,None,0,None,7912000000,None,None,10044000000,None,None,3589200000,None,None,None,0.0553,,2103200000,5459000000,695000000,1097000000,None,2297000000,None,,,,,3.054,2.112,0.437,,,,,,,,0.0128,,None,2025-10-23,quarterly,3.66,USD,pre-market,None,46519000000,0.0359,0.0524,-0.032,373.27,458000000,10897000000,853000000,97000000,146.48,171.2,20.0,62574000000,25674000000,16149000000,33750000000,36900000000,17601000000,82161200000,26057000000,34.1,None,184.46,96.76
2025-12-28,VLO,4.81,116552999000.0,34.1,None,0.759,77.88,,3419000000,5424000000,5424000000,,,,,,,,,7000000,338000000,None,74599000000,74599000000,12567000000,None,1197000000,12525000000,None,None,875000000,,4.46,0.0271,,,,2.096,0.61,5268000000,6143000000,3.05,2023-12-31,13.64,260000000,7184000000.0,7562200000,5287000000,1697000000,183000000,183000000,None,0,None,7583000000,None,None,8021000000,None,713000000,3589200000,None,None,None,0.0553,,2103200000,5459000000,689000000,840000000,None,238000000,None,,,,,3.054,2.112,0.437,,,,,,,,0.0128,,None,2025-10-23,quarterly,3.66,USD,pre-market,None,45630000000,0.0359,0.0524,-0.032,373.27,458000000,12637000000,1766000000,111000000,146.48,171.2,20.0,63056000000,26221000000,16802000000,34532000000,36835000000,17730000000,82161200000,26346000000,34.1,None,184.46,96.76
2025-12-28,VLO,4.81,116552999000.0,34.1,None,0.759,77.88,,2291000000,5831000000,5831000000,,,,,,,,,7000000,349000000,None,74599000000,74599000000,13342000000,None,1334000000,12566000000,None,None,875000000,,4.46,0.0271,,,,2.096,0.61,5268000000,6143000000,3.05,2023-09-30,13.64,None,7184000000.0,7562200000,5287000000,1697000000,None,None,None,0,None,7513000000,None,None,10107000000,None,None,3589200000,None,None,None,0.0553,,2103200000,5459000000,19064000000,1497000000,None,2188000000,None,,,,,3.054,2.112,0.437,,,,,,,,0.0128,,30253000000,2025-10-23,quarterly,3.66,USD,pre-market,None,44774000000,0.0359,0.0524,-0.032,373.27,458000000,11441000000,1334000000,151000000,146.48,171.2,20.0,63175000000,26577000000,17592000000,35118000000,36598000000,17526000000,82161200000,25975000000,34.1,None,184.46,96.76
2025-12-28,VLO,4.81,116552999000.0,34.1,None,0.759,77.88,,2337000000,5075000000,5075000000,,,,,,,,,7000000,358000000,None,74599000000,74599000000,10825000000,None,1193000000,10888000000,None,None,875000000,,4.46,0.0271,,,,2.096,0.61,5268000000,6143000000,3.05,2023-06-30,13.64,None,7184000000.0,7562200000,5287000000,1697000000,None,None,None,0,None,6961000000,None,None,10130000000,None,None,3589200000,None,None,None,0.0553,,2103200000,5459000000,16734000000,1439000000,None,2213000000,None,,,,,3.054,2.112,0.437,,,,,,,,0.0128,,30570000000,2025-10-23,quarterly,3.66,USD,pre-market,None,42512000000,0.0359,0.0524,-0.032,373.27,458000000,11323000000,1193000000,202000000,146.48,171.2,20.0,60667000000,23695000000,14948000000,32673000000,36972000000,17725000000,82161200000,25851000000,34.1,-22586000000,184.46,96.76
2025-12-28,VLO,4.81,116552999000.0,34.1,None,0.759,77.88,,2394000000,5521000000,5521000000,,,,,,,,,7000000,369000000,None,74599000000,74599000000,10498000000,None,1258000000,9688000000,None,None,875000000,,4.46,0.0271,,,,2.096,0.61,5268000000,6143000000,3.05,2023-03-31,13.64,None,7184000000.0,7562200000,5287000000,1697000000,None,None,None,0,None,7455000000,None,None,10173000000,None,None,3589200000,None,None,None,0.0553,,2103200000,5459000000,15880000000,3564000000,None,2292000000,None,,,,,3.054,2.112,0.437,,,,,,,,0.0128,,30780000000,2025-10-23,quarterly,3.66,USD,pre-market,None,40935000000,0.0359,0.0524,-0.032,373.27,458000000,11431000000,1258000000,224000000,146.48,171.2,20.0,60177000000,23335000000,15365000000,33110000000,36842000000,17745000000,82161200000,24977000000,34.1,-21637000000,184.46,96.76
2025-12-28,VLO,4.81,116552999000.0,34.1,None,0.759,77.88,,2394000000,4862000000,4862000000,,,,,,,,,7000000,381000000,None,74599000000,74599000000,12728000000,None,861000000,11919000000,None,None,875000000,,4.46,0.0271,,,,2.096,0.61,5268000000,6143000000,3.05,2022-12-31,13.64,260000000,7184000000.0,7562200000,5287000000,1697000000,202000000,202000000,None,0,None,6752000000,None,None,8380000000,None,724000000,3589200000,None,None,None,0.0553,,2103200000,5459000000,17381000000,3184000000,None,2310000000,None,,,,,3.054,2.112,0.437,,,,,,,,0.0128,,32092000000,2025-10-23,quarterly,3.66,USD,pre-market,None,38247000000,0.0359,0.0524,-0.032,373.27,458000000,11946000000,1420000000,None,146.48,171.2,20.0,60982000000,24133000000,17461000000,35514000000,36849000000,18053000000,82161200000,23561000000,34.1,-20197000000,184.46,96.76
2025-12-28,VLO,4.81,116552999000.0,34.1,None,0.759,77.88,,1938000000,3969000000,3969000000,,,,,,,,,7000000,390000000,None,74599000000,74599000000,13003000000,None,1006000000,11581000000,None,None,875000000,,4.46,0.0271,,,,2.096,0.61,5268000000,6143000000,3.05,2022-09-30,13.64,None,7184000000.0,7562200000,5287000000,1697000000,None,None,None,0,None,6628000000,None,None,10570000000,None,None,3589200000,None,None,None,0.0553,,2103200000,5459000000,16068000000,-1710000000,None,2869000000,None,,,,,3.054,2.112,0.437,,,,,,,,0.0128,,30508000000,2025-10-23,quarterly,3.66,USD,pre-market,None,35510000000,0.0359,0.0524,-0.032,373.27,458000000,11576000000,1006000000,None,146.48,171.2,20.0,59329000000,22696000000,17237000000,35614000000,36633000000,18377000000,82161200000,23715000000,34.1,-18466000000,184.46,96.76
2025-12-28,VLO,4.81,116552999000.0,34.1,None,0.759,77.88,,None,5392000000,5392000000,,,,,,,,,7000000,404000000,None,74599000000,74599000000,16643000000,None,1022000000,14439000000,None,None,875000000,,4.46,0.0271,,,,2.096,0.61,5268000000,6143000000,3.05,2022-06-30,13.64,None,7184000000.0,7562200000,5287000000,1697000000,None,None,None,0,None,7147000000,None,None,11858000000,None,None,3589200000,None,None,None,0.0553,,2103200000,5459000000,431000000,1112000000,None,2993000000,None,,,,,3.054,2.112,0.437,,,,,,,,0.0128,,30754000000,2025-10-23,quarterly,3.66,USD,pre-market,None,33079000000,0.0359,0.0524,-0.032,373.27,458000000,12880000000,1022000000,None,146.48,171.2,20.0,64345000000,27409000000,21969000000,41612000000,36936000000,19643000000,82161200000,20969000000,34.1,-17537000000,184.46,96.76
2025-12-28,VLO,4.81,116552999000.0,34.1,None,0.759,77.88,,1966000000,2638000000,2638000000,,,,,,,,,7000000,408000000,None,74599000000,74599000000,15236000000,None,1295000000,13080000000,None,None,875000000,,4.46,0.0271,,,,2.096,0.61,5268000000,6143000000,3.05,2022-03-31,13.64,None,7184000000.0,7562200000,5287000000,1697000000,None,None,None,0,None,7174000000,None,None,11866000000,None,None,3589200000,None,None,None,0.0553,,2103200000,5459000000,16139000000,3254000000,None,3370000000,None,,,,,3.054,2.112,0.437,,,,,,,,0.0128,,30876000000,2025-10-23,quarterly,3.66,USD,pre-market,None,28785000000,0.0359,0.0524,-0.032,373.27,458000000,13161000000,1295000000,None,146.48,171.2,20.0,60402000000,23313000000,19785000000,39992000000,37089000000,20207000000,82161200000,18821000000,34.1,-15794000000,184.46,96.76
2025-12-28,VLO,4.81,116552999000.0,34.1,None,0.759,77.88,,1920000000,4122000000,4122000000,,,,,,,,,7000000,408000000,None,74599000000,74599000000,12495000000,None,1110000000,10378000000,None,None,875000000,,4.46,0.0271,,,,2.096,0.61,5268000000,6143000000,3.05,2021-12-31,13.64,260000000,7184000000.0,7562200000,5287000000,1697000000,218000000,218000000,None,0,None,6265000000,None,None,10840000000,None,734000000,3589200000,None,None,None,0.0553,,2103200000,5459000000,14900000000,2699000000,None,3404000000,None,,,,,3.054,2.112,0.437,,,,,,,,0.0128,,32131000000,2025-10-23,quarterly,3.66,USD,pre-market,None,28281000000,0.0359,0.0524,-0.032,373.27,458000000,14185000000,1579000000,None,146.48,171.2,20.0,57888000000,21165000000,16851000000,38071000000,36723000000,21220000000,82161200000,18430000000,34.1,-15677000000,184.46,96.76
2025-12-28,VLO,4.81,116552999000.0,34.1,None,0.759,77.88,,None,3498000000,3498000000,,,,,,,,,7000000,408000000,None,74599000000,74599000000,9820000000,None,1162000000,8627000000,None,None,875000000,,4.46,0.0271,,,,2.096,0.61,5268000000,6143000000,3.05,2021-09-30,13.64,None,7184000000.0,7562200000,5287000000,1697000000,None,None,None,0,None,6227000000,None,None,13071000000,None,None,3589200000,None,None,None,0.0553,,2103200000,5459000000,438000000,1539000000,None,3608000000,None,,,,,3.054,2.112,0.437,,,,,,,,0.0128,,30440000000,2025-10-23,quarterly,3.66,USD,pre-market,None,27673000000,0.0359,0.0524,-0.032,373.27,458000000,14233000000,1162000000,None,146.48,171.2,20.0,54691000000,18790000000,14313000000,36102000000,35901000000,21789000000,82161200000,17476000000,34.1,-15696000000,184.46,96.76
2025-12-28,VLO,4.81,116552999000.0,34.1,None,0.759,77.88,,None,3572000000,3572000000,,,,,,,,,7000000,407000000,None,74599000000,74599000000,10168000000,None,1044000000,9132000000,None,None,875000000,,4.46,0.0271,,,,2.096,0.61,5268000000,6143000000,3.05,2021-06-30,13.64,None,7184000000.0,7562200000,5287000000,1697000000,None,None,None,0,None,6103000000,None,None,13636000000,None,None,3589200000,None,None,None,0.0553,,2103200000,5459000000,565000000,1286000000,None,3760000000,None,,,,,3.054,2.112,0.437,,,,,,,,0.0128,,30461000000,2025-10-23,quarterly,3.66,USD,pre-market,None,27610000000,0.0359,0.0524,-0.032,373.27,458000000,14680000000,1044000000,None,146.48,171.2,20.0,55456000000,19372000000,14214000000,36752000000,36084000000,22538000000,82161200000,17651000000,34.1,-15696000000,184.46,96.76
2025-12-28,VLO,4.81,116552999000.0,34.1,None,0.759,77.88,,None,2254000000,2254000000,,,,,,,,,7000000,407000000,None,74599000000,74599000000,9113000000,None,734000000,9014000000,None,None,875000000,,4.46,0.0271,,,,2.096,0.61,5268000000,6143000000,3.05,2021-03-31,13.64,None,7184000000.0,7562200000,5287000000,1697000000,None,None,None,0,None,5881000000,None,None,13930000000,None,None,3589200000,None,None,None,0.0553,,2103200000,5459000000,442000000,1087000000,None,3616000000,None,,,,,3.054,2.112,0.437,,,,,,,,0.0128,,30379000000,2025-10-23,quarterly,3.66,USD,pre-market,None,27849000000,0.0359,0.0524,-0.032,373.27,458000000,14664000000,734000000,None,146.48,171.2,20.0,53614000000,17591000000,12307000000,34887000000,36023000000,22580000000,82161200000,17801000000,34.1,-15700000000,184.46,96.76
2025-12-28,VLO,4.81,116552999000.0,34.1,None,0.759,77.88,,1170000000,3313000000,3313000000,,,,,,,,,7000000,407000000,None,74599000000,74599000000,6082000000,None,723000000,6109000000,None,None,875000000,,4.46,0.0271,,,,2.096,0.61,5268000000,6143000000,3.05,2020-12-31,13.64,260000000,7184000000.0,7562200000,5287000000,1697000000,248000000,248000000,None,0,None,6038000000,None,None,13954000000,None,972000000,3589200000,None,None,None,0.0553,,2103200000,5459000000,384000000,654000000,None,3620000000,None,,,,,3.054,2.112,0.437,,,,,,,,0.0128,,31593000000,2025-10-23,quarterly,3.66,USD,pre-market,None,28953000000,0.0359,0.0524,-0.032,373.27,458000000,15847000000,1008000000,None,146.48,171.2,20.0,51774000000,15844000000,9283000000,32132000000,35930000000,22849000000,82161200000,18801000000,34.1,-15719000000,184.46,96.76
2025-12-28,VLO,4.81,116552999000.0,34.1,None,0.759,77.88,,None,4047000000,4047000000,,,,,,,,,7000000,407000000,None,74599000000,74599000000,5237000000,None,636000000,5601000000,None,None,875000000,,4.46,0.0271,,,,2.096,0.61,5268000000,6143000000,3.05,2020-09-30,13.64,None,7184000000.0,7562200000,5287000000,1697000000,None,None,None,0,None,5357000000,None,None,12411000000,None,None,3589200000,None,None,None,0.0553,,2103200000,5459000000,417000000,926000000,None,3720000000,None,,,,,3.054,2.112,0.437,,,,,,,,0.0128,,30729000000,2025-10-23,quarterly,3.66,USD,pre-market,None,29712000000,0.0359,0.0524,-0.032,373.27,458000000,15213000000,636000000,None,146.48,171.2,20.0,51732000000,15422000000,8122000000,31716000000,36310000000,23594000000,82161200000,19223000000,34.1,-15759000000,184.46,96.76
2025-12-28,VLO,4.81,116552999000.0,34.1,None,0.759,77.88,,None,2319000000,2319000000,,,,,,,,,7000000,407000000,None,74599000000,74599000000,4652000000,None,587000000,4152000000,None,None,875000000,,4.46,0.0271,,,,2.096,0.61,5268000000,6143000000,3.05,2020-06-30,13.64,None,7184000000.0,7562200000,5287000000,1697000000,None,None,None,0,None,5420000000,None,None,12090000000,None,None,3589200000,None,None,None,0.0553,,2103200000,5459000000,871000000,861000000,None,3770000000,None,,,,,3.054,2.112,0.437,,,,,,,,0.0128,,30653000000,2025-10-23,quarterly,3.66,USD,pre-market,None,30575000000,0.0359,0.0524,-0.032,373.27,458000000,12677000000,587000000,None,146.48,171.2,20.0,49099000000,12762000000,7300000000,28465000000,36337000000,21165000000,82161200000,19847000000,34.1,-15760000000,184.46,96.76
2025-12-28,VLO,4.81,116552999000.0,34.1,None,0.759,77.88,,None,1515000000,1515000000,,,,,,,,,7000000,408000000,None,74599000000,74599000000,5906000000,None,886000000,5392000000,None,None,875000000,,4.46,0.0271,,,,2.096,0.61,5268000000,6143000000,3.05,2020-03-31,13.64,None,7184000000.0,7562200000,5287000000,1697000000,None,None,None,0,None,3675000000,None,None,10574000000,None,None,3589200000,None,None,None,0.0553,,2103200000,5459000000,883000000,866000000,None,3847000000,None,,,,,3.054,2.112,0.437,,,,,,,,0.0128,,30526000000,2025-10-23,quarterly,3.66,USD,pre-market,None,29722000000,0.0359,0.0524,-0.032,373.27,458000000,11460000000,886000000,None,146.48,171.2,20.0,47747000000,11465000000,8732000000,28062000000,36282000000,19330000000,82161200000,18842000000,34.1,-15764000000,184.46,96.76
2025-12-28,VLO,4.81,116552999000.0,34.1,-15030000000,0.759,77.88,,1290000000,2583000000,2583000000,,,,,,,,,7000000,410000000,None,74599000000,74599000000,10205000000,None,494000000,8904000000,None,None,875000000,,4.46,0.0271,,,,2.096,0.61,5268000000,6143000000,3.05,2019-12-31,13.64,260000000,7184000000.0,7562200000,5287000000,1697000000,283000000,283000000,None,0,None,7013000000,None,None,9178000000,None,2271000000,3589200000,None,None,None,0.0553,,2103200000,5459000000,385000000,563000000,None,3887000000,None,,,,,3.054,2.112,0.437,,,,,,,,0.0128,,29264000000,2025-10-23,quarterly,3.66,USD,pre-market,None,31974000000,0.0359,0.0524,-0.032,373.27,458000000,10962000000,825000000,None,146.48,171.2,20.0,53864000000,18969000000,13160000000,31328000000,34895000000,18168000000,82161200000,21803000000,34.1,-15648000000,184.46,96.76
2025-12-28,VLO,4.81,116552999000.0,34.1,-14649000000,0.759,77.88,,None,2137000000,2137000000,,,,,,,,,7000000,413000000,None,74599000000,74599000000,9504000000,None,402000000,7994000000,None,None,875000000,,4.46,0.0271,,,,2.096,0.61,5268000000,6143000000,3.05,2019-09-30,13.64,None,7184000000.0,7562200000,5287000000,1697000000,None,None,None,0,None,6376000000,None,None,9170000000,None,None,3589200000,None,None,None,0.0553,,2103200000,5459000000,526000000,881000000,None,3421000000,None,,,,,3.054,2.112,0.437,,,,,,,,0.0128,,28890000000,2025-10-23,quarterly,3.66,USD,pre-market,None,31283000000,0.0359,0.0524,-0.032,373.27,458000000,9572000000,402000000,None,146.48,171.2,20.0,51229000000,17033000000,12130000000,29641000000,34196000000,17511000000,82161200000,21107000000,34.1,-15472000000,184.46,96.76
2025-12-28,VLO,4.81,116552999000.0,34.1,-14326000000,0.759,77.88,,None,2033000000,2033000000,,,,,,,,,7000000,417000000,None,74599000000,74599000000,10135000000,None,323000000,9050000000,None,None,875000000,,4.46,0.0271,,,,2.096,0.61,5268000000,6143000000,3.05,2019-06-30,13.64,None,7184000000.0,7562200000,5287000000,1697000000,None,None,None,0,None,6281000000,None,None,9167000000,None,330000000,3589200000,None,None,None,0.0553,,2103200000,5459000000,447000000,764000000,None,3571000000,None,,,,,3.054,2.112,0.437,,,,,,,,0.0128,,28784000000,2025-10-23,quarterly,3.66,USD,pre-market,None,31046000000,0.0359,0.0524,-0.032,373.27,458000000,9490000000,323000000,None,146.48,171.2,20.0,52022000000,17811000000,12548000000,30185000000,34211000000,17637000000,82161200000,21345000000,34.1,-15170000000,184.46,96.76
2025-12-28,VLO,4.81,116552999000.0,34.1,-13980000000,0.759,77.88,,None,2777000000,2777000000,,,,,,,,,7000000,418000000,None,74599000000,74599000000,10005000000,None,1110000000,8289000000,None,None,875000000,,4.46,0.0271,,,,2.096,0.61,5268000000,6143000000,3.05,2019-03-31,13.64,None,7184000000.0,7562200000,5287000000,1697000000,None,None,None,0,None,6554000000,None,None,9006000000,None,303000000,3589200000,None,None,None,0.0553,,2103200000,5459000000,860000000,772000000,None,3530000000,None,,,,,3.054,2.112,0.437,,,,,,,,0.0128,,28408000000,2025-10-23,quarterly,3.66,USD,pre-market,None,30810000000,0.0359,0.0524,-0.032,373.27,458000000,10116000000,1110000000,None,146.48,171.2,20.0,52095000000,18480000000,12913000000,30316000000,33615000000,17403000000,82161200000,21309000000,34.1,-14958000000,184.46,96.76
2025-12-28,VLO,4.81,116552999000.0,34.1,-13625000000,0.759,77.88,,None,2982000000,2982000000,,,,,,,,,7000000,422000000,None,74599000000,74599000000,8594000000,None,238000000,7345000000,None,None,875000000,,4.46,0.0271,,,,2.096,0.61,5268000000,6143000000,3.05,2018-12-31,13.64,260000000,7184000000.0,7562200000,5287000000,1697000000,307000000,307000000,None,0,None,6532000000,None,None,8871000000,None,542000000,3589200000,None,None,None,0.0553,,2103200000,5459000000,816000000,599000000,None,2867000000,None,,,,,3.054,2.112,0.437,,,,,,,,0.0128,,28848000000,2025-10-23,quarterly,3.66,USD,pre-market,None,31044000000,0.0359,0.0524,-0.032,373.27,458000000,9109000000,238000000,None,146.48,171.2,20.0,50155000000,17675000000,10724000000,27424000000,32480000000,16700000000,82161200000,21667000000,34.1,-14925000000,184.46,96.76
2025-12-28,VLO,4.81,116552999000.0,34.1,-13413000000,0.759,77.88,,None,3551000000,3551000000,,,,,,,,,7000000,427000000,None,74599000000,74599000000,10224000000,None,199000000,8249000000,None,None,875000000,,4.46,0.0271,,,,2.096,0.61,5268000000,6143000000,3.05,2018-09-30,13.64,0,7184000000.0,7562200000,5287000000,1697000000,0,0,None,0,None,7501000000,None,None,8877000000,None,None,3589200000,None,None,None,0.0553,,2103200000,5459000000,590000000,553000000,None,2850000000,None,,,,,3.054,2.112,0.437,,,,,,,,0.0128,,28428000000,2025-10-23,quarterly,3.66,USD,pre-market,None,30430000000,0.0359,0.0524,-0.032,373.27,458000000,9076000000,199000000,0,146.48,171.2,20.0,51894000000,19891000000,12482000000,28934000000,32003000000,16452000000,82161200000,21910000000,34.1,-14334000000,184.46,96.76
2025-12-28,VLO,4.81,116552999000.0,34.1,-13086000000,0.759,77.88,,None,4451000000,4451000000,,,,,,,,,7000000,431000000,None,74599000000,74599000000,8963000000,None,183000000,7535000000,None,None,875000000,,4.46,0.0271,,,,2.096,0.61,5268000000,6143000000,3.05,2018-06-30,13.64,0,7184000000.0,7562200000,5287000000,1697000000,0,0,None,0,None,6420000000,None,None,8876000000,None,None,3589200000,None,None,None,0.0553,,2103200000,5459000000,542000000,641000000,None,2897000000,None,,,,,3.054,2.112,0.437,,,,,,,,0.0128,,28180000000,2025-10-23,quarterly,3.66,USD,pre-market,None,29915000000,0.0359,0.0524,-0.032,373.27,458000000,9059000000,183000000,0,146.48,171.2,20.0,50678000000,18948000000,11341000000,27874000000,31730000000,16533000000,82161200000,21769000000,34.1,-13923000000,184.46,96.76
2025-12-28,VLO,4.81,116552999000.0,34.1,-12812000000,0.759,77.88,,None,4658000000,4658000000,,,,,,,,,7000000,432000000,None,74599000000,74599000000,7966000000,None,871000000,6814000000,None,None,875000000,,4.46,0.0271,,,,2.096,0.61,5268000000,6143000000,3.05,2018-03-31,13.64,0,7184000000.0,7562200000,5287000000,1697000000,0,0,None,0,None,6555000000,None,None,8086000000,None,None,3589200000,None,None,None,0.0553,,2103200000,5459000000,233000000,590000000,None,2902000000,None,,,,,3.054,2.112,0.437,,,,,,,,0.0128,,27731000000,2025-10-23,quarterly,3.66,USD,pre-market,None,29415000000,0.0359,0.0524,-0.032,373.27,458000000,8957000000,871000000,0,146.48,171.2,20.0,41185000000,18260000000,10752000000,18260000000,31116000000,15699000000,82161200000,21877000000,34.1,-13588000000,184.46,96.76
2025-12-28,VLO,4.81,116552999000.0,34.1,-12530000000,0.759,77.88,,None,5850000000,5850000000,,,,,,,,,7000000,437000000,None,74599000000,74599000000,8348000000,None,122000000,6922000000,None,None,875000000,,4.46,0.0271,,,,2.096,0.61,5268000000,6143000000,3.05,2017-12-31,13.64,0,7184000000.0,7562200000,5287000000,1697000000,142000000,142000000,None,0,None,6384000000,None,None,8750000000,None,530000000,3589200000,None,None,None,0.0553,,2103200000,5459000000,156000000,712000000,None,2729000000,None,,,,,3.054,2.112,0.437,,,,,,,,0.0128,,27480000000,2025-10-23,quarterly,3.66,USD,pre-market,None,29200000000,0.0359,0.0524,-0.032,373.27,458000000,8872000000,122000000,0,146.48,171.2,20.0,50158000000,19312000000,11071000000,27258000000,30846000000,16187000000,82161200000,21991000000,34.1,-13315000000,184.46,96.76
2025-12-28,VLO,4.81,116552999000.0,34.1,-12253000000,0.759,77.88,,None,5176000000,5176000000,,,,,,,,,7000000,441000000,None,74599000000,74599000000,6677000000,None,121000000,5959000000,None,None,875000000,,4.46,0.0271,,,,2.096,0.61,5268000000,6143000000,3.05,2017-09-30,13.64,0,7184000000.0,7562200000,5287000000,1697000000,0,0,None,0,None,6137000000,None,None,8364000000,None,None,3589200000,None,None,None,0.0553,,2103200000,5459000000,170000000,817000000,None,1908000000,None,,,,,3.054,2.112,0.437,,,,,,,,0.0128,,27274000000,2025-10-23,quarterly,3.66,USD,pre-market,None,27135000000,0.0359,0.0524,-0.032,373.27,458000000,8485000000,121000000,0,146.48,171.2,20.0,47988000000,17442000000,9130000000,26764000000,30546000000,17634000000,82161200000,20370000000,34.1,-12939000000,184.46,96.76
2025-12-28,VLO,4.81,116552999000.0,34.1,-11925000000,0.759,77.88,,None,5207000000,5207000000,,,,,,,,,7000000,446000000,None,74599000000,74599000000,5456000000,None,8487000000,4573000000,None,None,875000000,,4.46,0.0271,,,,2.096,0.61,5268000000,6143000000,3.05,2017-06-30,13.64,0,7184000000.0,7562200000,5287000000,1697000000,0,0,None,0,None,5674000000,None,None,8366000000,None,None,3589200000,None,None,None,0.0553,,2103200000,5459000000,277000000,955000000,None,1906000000,None,,,,,3.054,2.112,0.437,,,,,,,,0.0128,,27054000000,2025-10-23,quarterly,3.66,USD,pre-market,None,26603000000,0.0359,0.0524,-0.032,373.27,458000000,8487000000,121000000,0,146.48,171.2,20.0,45974000000,15731000000,7683000000,25209000000,30243000000,17526000000,82161200000,19923000000,34.1,-12660000000,184.46,96.76
2025-12-28,VLO,4.81,116552999000.0,34.1,-11580000000,0.759,77.88,,None,4463000000,4463000000,,,,,,,,,7000000,451000000,None,74599000000,74599000000,6037000000,None,120000000,5104000000,None,None,875000000,,4.46,0.0271,,,,2.096,0.61,5268000000,6143000000,3.05,2017-03-31,13.64,0,7184000000.0,7562200000,5287000000,1697000000,0,0,None,0,None,6025000000,None,None,8369000000,None,None,3589200000,None,None,None,0.0553,,2103200000,5459000000,316000000,707000000,None,1932000000,None,,,,,3.054,2.112,0.437,,,,,,,,0.0128,,26991000000,2025-10-23,quarterly,3.66,USD,pre-market,None,26366000000,0.0359,0.0524,-0.032,373.27,458000000,8489000000,120000000,0,146.48,171.2,20.0,46047000000,15908000000,7899000000,25396000000,30139000000,17497000000,82161200000,19825000000,34.1,-12310000000,184.46,96.76
2025-12-28,VLO,4.81,116552999000.0,34.1,-11261000000,0.759,77.88,,None,4816000000,4816000000,,,,,,,,,7000000,453000000,None,74599000000,74599000000,6357000000,None,115000000,5901000000,None,None,875000000,,4.46,0.0271,,,,2.096,0.61,5268000000,6143000000,3.05,2016-12-31,13.64,0,7184000000.0,7562200000,5287000000,1697000000,148000000,148000000,None,0,None,5709000000,None,None,7886000000,None,201000000,3589200000,None,None,None,0.0553,,2103200000,5459000000,374000000,694000000,None,1744000000,None,,,,,3.054,2.112,0.437,,,,,,,,0.0128,,26472000000,2025-10-23,quarterly,3.66,USD,pre-market,None,26366000000,0.0359,0.0524,-0.032,373.27,458000000,8001000000,115000000,0,146.48,171.2,20.0,46173000000,16800000000,8328000000,25319000000,29373000000,16991000000,82161200000,20024000000,34.1,-12027000000,184.46,96.76
2025-12-28,VLO,4.81,116552999000.0,34.1,-11037000000,0.759,77.88,,None,5949000000,5949000000,,,,,,,,,7000000,460000000,None,74599000000,74599000000,5368000000,None,1064000000,4722000000,None,None,875000000,,4.46,0.0271,,,,2.096,0.61,5268000000,6143000000,3.05,2016-09-30,13.64,0,7184000000.0,7562200000,5287000000,1697000000,0,0,None,0,None,5979000000,None,None,7888000000,None,None,3589200000,None,None,None,0.0553,,2103200000,5459000000,228000000,628000000,None,1654000000,None,,,,,3.054,2.112,0.437,,,,,,,,0.0128,,26518000000,2025-10-23,quarterly,3.66,USD,pre-market,None,26270000000,0.0359,0.0524,-0.032,373.27,458000000,8952000000,1064000000,0,146.48,171.2,20.0,46265000000,16878000000,8224000000,25135000000,29387000000,16911000000,82161200000,20339000000,34.1,-11926000000,184.46,96.76
2025-12-28,VLO,4.81,116552999000.0,34.1,-10774000000,0.759,77.88,,None,4925000000,4925000000,,,,,,,,,7000000,470000000,None,74599000000,74599000000,5943000000,None,864000000,4928000000,None,None,875000000,,4.46,0.0271,,,,2.096,0.61,5268000000,6143000000,3.05,2016-06-30,13.64,0,7184000000.0,7562200000,5287000000,1697000000,0,0,None,0,None,6137000000,None,None,6646000000,None,None,3589200000,None,None,None,0.0553,,2103200000,5459000000,190000000,439000000,None,1471000000,None,,,,,3.054,2.112,0.437,,,,,,,,0.0128,,26589000000,2025-10-23,quarterly,3.66,USD,pre-market,None,25933000000,0.0359,0.0524,-0.032,373.27,458000000,7510000000,864000000,0,146.48,171.2,20.0,45452000000,16180000000,8652000000,24048000000,29272000000,15396000000,82161200000,20576000000,34.1,-11417000000,184.46,96.76
2025-12-28,VLO,4.81,116552999000.0,34.1,-10530000000,0.759,77.88,,None,3778000000,3778000000,,,,,,,,,7000000,471000000,None,74599000000,74599000000,4980000000,None,128000000,4692000000,None,None,875000000,,4.46,0.0271,,,,2.096,0.61,5268000000,6143000000,3.05,2016-03-31,13.64,0,7184000000.0,7562200000,5287000000,1697000000,0,0,None,0,None,6056000000,None,None,7207000000,None,None,3589200000,None,None,None,0.0553,,2103200000,5459000000,335000000,416000000,None,1590000000,None,,,,,3.054,2.112,0.437,,,,,,,,0.0128,,26745000000,2025-10-23,quarterly,3.66,USD,pre-market,None,25401000000,0.0359,0.0524,-0.032,373.27,458000000,7335000000,128000000,0,146.48,171.2,20.0,44259000000,14861000000,6775000000,22764000000,29398000000,15989000000,82161200000,20656000000,34.1,-11007000000,184.46,96.76
2025-12-28,VLO,4.81,116552999000.0,34.1,-10204000000,0.759,77.88,,None,4114000000,4114000000,,,,,,,,,7000000,481000000,None,74599000000,74599000000,4907000000,None,127000000,4682000000,None,None,875000000,,4.46,0.0271,,,,2.096,0.61,5268000000,6143000000,3.05,2015-12-31,13.64,0,7184000000.0,7562200000,5287000000,1697000000,156000000,156000000,None,0,None,5898000000,None,None,7250000000,None,201000000,3589200000,None,None,None,0.0553,,2103200000,5459000000,204000000,554000000,None,1611000000,None,,,,,3.054,2.112,0.437,,,,,,,,0.0128,,26703000000,2025-10-23,quarterly,3.66,USD,pre-market,None,25188000000,0.0359,0.0524,-0.032,373.27,458000000,7335000000,127000000,0,146.48,171.2,20.0,44343000000,14805000000,7193000000,22989000000,29371000000,15629000000,82161200000,20527000000,34.1,-10799000000,184.46,96.76
2025-12-28,VLO,4.81,116552999000.0,34.1,-9957000000,0.759,77.88,,None,5301000000,5301000000,,,,,,,,,7000000,494000000,None,74599000000,74599000000,5679000000,None,None,4307000000,None,None,875000000,,4.46,0.0271,,,,2.096,0.61,5268000000,6143000000,3.05,2015-09-30,13.64,0,7184000000.0,7562200000,5287000000,1697000000,0,0,None,0,None,6557000000,None,None,7252000000,None,None,3589200000,None,None,None,0.0553,,2103200000,5459000000,271000000,982000000,None,1760000000,None,,,,,3.054,2.112,0.437,,,,,,,,0.0128,,26688000000,2025-10-23,quarterly,3.66,USD,pre-market,None,25130000000,0.0359,0.0524,-0.032,373.27,458000000,7381000000,129000000,0,146.48,171.2,20.0,45825000000,16827000000,8289000000,23957000000,28998000000,15668000000,82161200000,21321000000,34.1,-10095000000,184.46,96.76
2025-12-28,VLO,4.81,116552999000.0,34.1,-9710000000,0.759,77.88,,None,5764000000,5764000000,,,,,,,,,7000000,508000000,None,74599000000,74599000000,7315000000,None,None,5794000000,None,None,875000000,,4.46,0.0271,,,,2.096,0.61,5268000000,6143000000,3.05,2015-06-30,13.64,0,7184000000.0,7562200000,5287000000,1697000000,0,0,None,0,None,6618000000,None,None,7199000000,None,None,3589200000,None,None,None,0.0553,,2103200000,5459000000,298000000,844000000,None,1889000000,None,,,,,3.054,2.112,0.437,,,,,,,,0.0128,,26734000000,2025-10-23,quarterly,3.66,USD,pre-market,None,23953000000,0.0359,0.0524,-0.032,373.27,458000000,7349000000,150000000,0,146.48,171.2,20.0,47599000000,18492000000,9865000000,25593000000,29107000000,15728000000,82161200000,21453000000,34.1,-9054000000,184.46,96.76
2025-12-28,VLO,4.81,116552999000.0,34.1,-9425000000,0.759,77.88,,None,4870000000,4870000000,,,,,,,,,7000000,516000000,None,74599000000,74599000000,6010000000,None,None,2453000000,None,None,875000000,,4.46,0.0271,,,,2.096,0.61,5268000000,6143000000,3.05,2015-03-31,13.64,0,7184000000.0,7562200000,5287000000,1697000000,0,0,None,0,None,6666000000,None,None,7224000000,None,None,3589200000,None,None,None,0.0553,,2103200000,5459000000,275000000,826000000,None,1917000000,None,,,,,3.054,2.112,0.437,,,,,,,,0.0128,,26596000000,2025-10-23,quarterly,3.66,USD,pre-market,None,22804000000,0.0359,0.0524,-0.032,373.27,458000000,7424000000,200000000,0,146.48,171.2,20.0,45741000000,16788000000,8634000000,24399000000,28953000000,15765000000,82161200000,20774000000,34.1,-8390000000,184.46,96.76
2025-12-28,VLO,4.81,116552999000.0,34.1,-9198000000,0.759,77.88,,None,3689000000,3689000000,,,,,,,,,7000000,521000000,None,74599000000,74599000000,6760000000,None,606000000,5976000000,None,None,875000000,,4.46,0.0271,,,,2.096,0.61,5268000000,6143000000,3.05,2014-12-31,13.64,0,7184000000.0,7562200000,5287000000,1697000000,154000000,154000000,None,0,None,6623000000,None,None,5780000000,None,78000000,3589200000,None,None,None,0.0553,,2103200000,5459000000,326000000,972000000,None,1939000000,None,,,,,3.054,2.112,0.437,,,,,,,,0.0128,,26735000000,2025-10-23,quarterly,3.66,USD,pre-market,None,22046000000,0.0359,0.0524,-0.032,373.27,458000000,6386000000,606000000,0,146.48,171.2,20.0,45550000000,16614000000,9980000000,24306000000,28936000000,14326000000,82161200000,20677000000,34.1,-8125000000,184.46,96.76
2025-12-28,VLO,4.81,116552999000.0,34.1,-8983000000,0.759,77.88,,None,4191000000,4191000000,,,,,,,,,7000000,530000000,None,74599000000,74599000000,9939000000,None,None,6792000000,None,None,875000000,,4.46,0.0271,,,,2.096,0.61,5268000000,6143000000,3.05,2014-09-30,13.64,0,7184000000.0,7562200000,5287000000,1697000000,0,0,None,0,None,6860000000,None,None,5783000000,None,None,3589200000,None,None,None,0.0553,,2103200000,5459000000,361000000,998000000,None,1549000000,None,,,,,3.054,2.112,0.437,,,,,,,,0.0128,,26449000000,2025-10-23,quarterly,3.66,USD,pre-market,None,21034000000,0.0359,0.0524,-0.032,373.27,458000000,6383000000,600000000,0,146.48,171.2,20.0,48455000000,19666000000,13460000000,27393000000,28789000000,13933000000,82161200000,20554000000,34.1,-7773000000,184.46,96.76
2025-12-28,VLO,4.81,116552999000.0,34.1,-8748000000,0.759,77.88,,None,3480000000,3480000000,,,,,,,,,7000000,534000000,None,74599000000,74599000000,9355000000,None,None,6744000000,None,None,875000000,,4.46,0.0271,,,,2.096,0.61,5268000000,6143000000,3.05,2014-06-30,13.64,0,7184000000.0,7562200000,5287000000,1697000000,0,0,None,0,None,6526000000,None,None,5784000000,None,None,3589200000,None,None,None,0.0553,,2103200000,5459000000,399000000,860000000,None,1327000000,None,,,,,3.054,2.112,0.437,,,,,,,,0.0128,,26122000000,2025-10-23,quarterly,3.66,USD,pre-market,None,20120000000,0.0359,0.0524,-0.032,373.27,458000000,6385000000,601000000,0,146.48,171.2,20.0,47013000000,18450000000,12523000000,26293000000,28563000000,13770000000,82161200000,20211000000,34.1,-7474000000,184.46,96.76
2025-12-28,VLO,4.81,116552999000.0,34.1,-8469000000,0.759,77.88,,None,3647000000,3647000000,,,,,,,,,7000000,536000000,None,74599000000,74599000000,9617000000,None,None,7783000000,None,None,875000000,,4.46,0.0271,,,,2.096,0.61,5268000000,6143000000,3.05,2014-03-31,13.64,0,7184000000.0,7562200000,5287000000,1697000000,0,0,None,0,None,7106000000,None,None,5860000000,None,None,3589200000,None,None,None,0.0553,,2103200000,5459000000,390000000,799000000,None,1290000000,None,,,,,3.054,2.112,0.437,,,,,,,,0.0128,,25766000000,2025-10-23,quarterly,3.66,USD,pre-market,None,19665000000,0.0359,0.0524,-0.032,373.27,458000000,6564000000,704000000,0,146.48,171.2,20.0,47099000000,19030000000,12926000000,26691000000,28069000000,13765000000,82161200000,19915000000,34.1,-7168000000,184.46,96.76
2025-12-28,VLO,4.81,116552999000.0,34.1,-8226000000,0.759,77.88,,None,4292000000,4292000000,,,,,,,,,7000000,542000000,None,74599000000,74599000000,9931000000,None,None,8536000000,None,None,875000000,,4.46,0.0271,,,,2.096,0.61,5268000000,6143000000,3.05,2013-12-31,13.64,0,7184000000.0,7562200000,5287000000,1697000000,156000000,156000000,None,0,None,5758000000,None,None,6261000000,None,None,3589200000,None,None,None,0.0553,,2103200000,5459000000,401000000,771000000,None,1329000000,None,,,,,3.054,2.112,0.437,,,,,,,,0.0128,,25707000000,2025-10-23,quarterly,3.66,USD,pre-market,None,18970000000,0.0359,0.0524,-0.032,373.27,458000000,6564000000,303000000,0,146.48,171.2,20.0,47260000000,19277000000,13123000000,27314000000,27983000000,14191000000,82161200000,19460000000,34.1,-7054000000,184.46,96.76
2025-12-28,VLO,4.81,116552999000.0,34.1,-8010000000,0.759,77.88,,None,1908000000,1908000000,,,,,,,,,7000000,545000000,None,74599000000,74599000000,10998000000,None,None,7761000000,None,None,875000000,,4.46,0.0271,,,,2.096,0.61,5268000000,6143000000,3.05,2013-09-30,13.64,0,7184000000.0,7562200000,5287000000,1697000000,160000000,160000000,None,0,None,7063000000,None,None,6261000000,None,None,3589200000,None,None,None,0.0553,,2103200000,5459000000,383000000,984000000,None,1665000000,None,,,,,3.054,2.112,0.437,,,,,,,,0.0128,,25642000000,2025-10-23,quarterly,3.66,USD,pre-market,None,17804000000,0.0359,0.0524,-0.032,373.27,458000000,6564000000,303000000,0,146.48,171.2,20.0,46293000000,18593000000,13668000000,27906000000,27700000000,14238000000,82161200000,18270000000,34.1,-6856000000,184.46,96.76
2025-12-28,VLO,4.81,116552999000.0,34.1,-7701000000,0.759,77.88,,None,2398000000,2398000000,,,,,,,,,7000000,548000000,None,74599000000,74599000000,9507000000,None,None,7542000000,None,None,875000000,,4.46,0.0271,,,,2.096,0.61,5268000000,6143000000,3.05,2013-06-30,13.64,0,7184000000.0,7562200000,5287000000,1697000000,159000000,159000000,None,0,None,6446000000,None,None,6261000000,None,None,3589200000,None,None,None,0.0553,,2103200000,5459000000,382000000,901000000,None,1697000000,None,,,,,3.054,2.112,0.437,,,,,,,,0.0128,,25386000000,2025-10-23,quarterly,3.66,USD,pre-market,None,17593000000,0.0359,0.0524,-0.032,373.27,458000000,6564000000,303000000,0,146.48,171.2,20.0,44177000000,16768000000,12035000000,26152000000,27409000000,14117000000,82161200000,17920000000,34.1,-6818000000,184.46,96.76
2025-12-28,VLO,4.81,116552999000.0,34.1,-8072000000,0.759,77.88,,None,1857000000,1857000000,,,,,,,,,7000000,556000000,None,74599000000,74599000000,9821000000,None,None,7748000000,None,None,875000000,,4.46,0.0271,,,,2.096,0.61,5268000000,6143000000,3.05,2013-03-31,13.64,0,7184000000.0,7562200000,5287000000,1697000000,203000000,203000000,None,0,None,6937000000,None,None,6463000000,None,None,3589200000,None,None,None,0.0553,,2103200000,5459000000,664000000,1149000000,None,1784000000,None,,,,,3.054,2.112,0.437,,,,,,,,0.0128,,26398000000,2025-10-23,quarterly,3.66,USD,pre-market,None,17575000000,0.0359,0.0524,-0.032,373.27,458000000,6869000000,406000000,0,146.48,171.2,20.0,45501000000,17206000000,12705000000,27083000000,28295000000,14378000000,82161200000,18343000000,34.1,-6605000000,184.46,96.76
2025-12-28,VLO,4.81,116552999000.0,34.1,-7832000000,0.759,77.88,,None,1723000000,1723000000,,,,,,,,,7000000,556000000,None,74599000000,74599000000,9348000000,None,None,8167000000,None,None,875000000,,4.46,0.0271,,,,2.096,0.61,5268000000,6143000000,3.05,2012-12-31,13.64,0,7184000000.0,7562200000,5287000000,1697000000,213000000,213000000,None,0,None,5973000000,None,None,6463000000,None,None,3589200000,None,None,None,0.0553,,2103200000,5459000000,428000000,968000000,None,2130000000,None,,,,,3.054,2.112,0.437,,,,,,,,0.0128,,26300000000,2025-10-23,quarterly,3.66,USD,pre-market,None,17032000000,0.0359,0.0524,-0.032,373.27,458000000,7049000000,586000000,0,146.48,171.2,20.0,44477000000,16460000000,11929000000,26382000000,28017000000,14453000000,82161200000,18032000000,34.1,-6437000000,184.46,96.76
2025-12-28,VLO,4.81,116552999000.0,34.1,-7581000000,0.759,77.88,,None,2549000000,2549000000,,,,,,,,,7000000,556000000,None,74599000000,74599000000,9286000000,None,None,7491000000,None,None,875000000,,4.46,0.0271,,,,2.096,0.61,5268000000,6143000000,3.05,2012-09-30,13.64,0,7184000000.0,7562200000,5287000000,1697000000,216000000,216000000,None,0,None,5787000000,None,None,6463000000,None,None,3589200000,None,None,None,0.0553,,2103200000,5459000000,440000000,797000000,None,1934000000,None,,,,,3.054,2.112,0.437,,,,,,,,0.0128,,25873000000,2025-10-23,quarterly,3.66,USD,pre-market,None,16119000000,0.0359,0.0524,-0.032,373.27,458000000,7048000000,585000000,0,146.48,171.2,20.0,43792000000,16267000000,12251000000,26406000000,27525000000,14155000000,82161200000,17332000000,34.1,-6455000000,184.46,96.76
2025-12-28,VLO,4.81,116552999000.0,34.1,-7311000000,0.759,77.88,,None,1295000000,1295000000,,,,,,,,,7000000,555000000,None,74599000000,74599000000,7998000000,None,None,6911000000,None,None,875000000,,4.46,0.0271,,,,2.096,0.61,5268000000,6143000000,3.05,2012-06-30,13.64,0,7184000000.0,7562200000,5287000000,1697000000,218000000,218000000,None,0,None,5443000000,None,None,6460000000,None,None,3589200000,None,None,None,0.0553,,2103200000,5459000000,384000000,823000000,None,1896000000,None,,,,,3.054,2.112,0.437,,,,,,,,0.0128,,25521000000,2025-10-23,quarterly,3.66,USD,pre-market,None,15542000000,0.0359,0.0524,-0.032,373.27,458000000,7042000000,582000000,0,146.48,171.2,20.0,41188000000,14033000000,10798000000,24565000000,27155000000,13767000000,82161200000,16577000000,34.1,-6568000000,184.46,96.76
2025-12-28,VLO,4.81,116552999000.0,34.1,-7098000000,0.759,77.88,,None,1559000000,1559000000,,,,,,,,,7000000,551000000,None,74599000000,74599000000,9941000000,None,None,7644000000,None,None,875000000,,4.46,0.0271,,,,2.096,0.61,5268000000,6143000000,3.05,2012-03-31,13.64,0,7184000000.0,7562200000,5287000000,1697000000,227000000,227000000,None,0,None,6145000000,None,None,6460000000,None,None,3589200000,None,None,None,0.0553,,2103200000,5459000000,476000000,672000000,None,1896000000,None,,,,,3.054,2.112,0.437,,,,,,,,0.0128,,25155000000,2025-10-23,quarterly,3.66,USD,pre-market,None,14794000000,0.0359,0.0524,-0.032,373.27,458000000,7603000000,1143000000,0,146.48,171.2,20.0,42634000000,15824000000,13076000000,26642000000,26810000000,13566000000,82161200000,15959000000,34.1,-6542000000,184.46,96.76
2025-12-28,VLO,4.81,116552999000.0,34.1,-7076000000,0.759,77.88,,None,1024000000,1024000000,,,,,,,,,7000000,560000000,None,74599000000,74599000000,9472000000,None,None,8706000000,None,None,875000000,,4.46,0.0271,,,,2.096,0.61,5268000000,6143000000,3.05,2011-12-31,13.64,0,7184000000.0,7562200000,5287000000,1697000000,227000000,227000000,None,0,None,5623000000,None,None,6732000000,None,None,3589200000,None,None,None,0.0553,,2103200000,5459000000,407000000,844000000,None,1881000000,None,,,,,3.054,2.112,0.437,,,,,,,,0.0128,,25177000000,2025-10-23,quarterly,3.66,USD,pre-market,None,15309000000,0.0359,0.0524,-0.032,373.27,458000000,14473000000,1009000000,0,146.48,171.2,20.0,42783000000,15972000000,12708000000,26338000000,26811000000,13630000000,82161200000,16423000000,34.1,-6475000000,184.46,96.76
2025-12-28,VLO,4.81,116552999000.0,34.1,-6847000000,0.759,77.88,,None,2829000000,2829000000,,,,,,,,,7000000,569000000,None,74599000000,74599000000,8520000000,None,None,7514000000,None,None,875000000,,4.46,0.0271,,,,2.096,0.61,5268000000,6143000000,3.05,2011-09-30,13.64,0,7184000000.0,7562200000,5287000000,1697000000,251000000,251000000,None,0,None,5164000000,None,None,6781000000,None,None,3589200000,None,None,None,0.0553,,2103200000,5459000000,363000000,1107000000,None,1607000000,None,,,,,3.054,2.112,0.437,,,,,,,,0.0128,,24219000000,2025-10-23,quarterly,3.66,USD,pre-market,None,15347000000,0.0359,0.0524,-0.032,373.27,458000000,7648000000,867000000,0,146.48,171.2,20.0,41683000000,15870000000,11683000000,25013000000,25813000000,13330000000,82161200000,16654000000,34.1,-6491000000,184.46,96.76
2025-12-28,VLO,4.81,116552999000.0,34.1,-6660000000,0.759,77.88,,None,4107000000,4107000000,,,,,,,,,7000000,574000000,None,74599000000,74599000000,7642000000,None,None,6145000000,None,None,875000000,,4.46,0.0271,,,,2.096,0.61,5268000000,6143000000,3.05,2011-06-30,13.64,0,7184000000.0,7562200000,5287000000,1697000000,222000000,222000000,None,0,None,3988000000,None,None,6762000000,None,None,3589200000,None,None,None,0.0553,,2103200000,5459000000,447000000,1019000000,None,1740000000,None,,,,,3.054,2.112,0.437,,,,,,,,0.0128,,23206000000,2025-10-23,quarterly,3.66,USD,pre-market,None,14173000000,0.0359,0.0524,-0.032,373.27,458000000,7623000000,861000000,0,146.48,171.2,20.0,39526000000,14687000000,10231000000,23534000000,24839000000,13303000000,82161200000,15982000000,34.1,-6312000000,184.46,96.76
2025-12-28,VLO,4.81,116552999000.0,34.1,-6509000000,0.759,77.88,,None,4133000000,4133000000,,,,,,,,,7000000,573000000,None,74599000000,74599000000,8653000000,None,None,6174000000,None,None,875000000,,4.46,0.0271,,,,2.096,0.61,5268000000,6143000000,3.05,2011-03-31,13.64,0,7184000000.0,7562200000,5287000000,1697000000,225000000,225000000,None,0,None,4338000000,None,None,7517000000,None,None,3589200000,None,None,None,0.0553,,2103200000,5459000000,411000000,869000000,None,1752000000,None,,,,,3.054,2.112,0.437,,,,,,,,0.0128,,22895000000,2025-10-23,quarterly,3.66,USD,pre-market,None,13458000000,0.0359,0.0524,-0.032,373.27,458000000,7829000000,312000000,0,146.48,171.2,20.0,39592000000,15056000000,10406000000,24368000000,24536000000,13962000000,82161200000,15224000000,34.1,-6361000000,184.46,96.76
2025-12-28,VLO,4.81,116552999000.0,34.1,-6252000000,0.759,77.88,,None,3334000000,3334000000,,,,,,,,,7000000,573000000,None,74599000000,74599000000,6441000000,None,None,4926000000,None,None,875000000,,4.46,0.0271,,,,2.096,0.61,5268000000,6143000000,3.05,2010-12-31,13.64,0,7184000000.0,7562200000,5287000000,1697000000,224000000,224000000,None,0,None,4947000000,None,None,7515000000,None,None,3589200000,None,None,None,0.0553,,2103200000,5459000000,311000000,847000000,None,1767000000,None,,,,,3.054,2.112,0.437,,,,,,,,0.0128,,22669000000,2025-10-23,quarterly,3.66,USD,pre-market,None,13388000000,0.0359,0.0524,-0.032,373.27,458000000,8337000000,822000000,0,146.48,171.2,20.0,37621000000,13518000000,8784000000,22596000000,24103000000,13812000000,82161200000,15025000000,34.1,-6462000000,184.46,96.76
2025-12-28,VLO,4.81,116552999000.0,34.1,-6340000000,0.759,77.88,,None,2352000000,2352000000,,,,,,,,,7000000,568000000,None,74599000000,74599000000,6096000000,None,None,4340000000,None,None,875000000,,4.46,0.0271,,,,2.096,0.61,5268000000,6143000000,3.05,2010-09-30,13.64,0,7184000000.0,7562200000,5287000000,1697000000,224000000,224000000,None,0,None,4804000000,None,None,7513000000,None,None,3589200000,None,None,None,0.0553,,2103200000,5459000000,381000000,959000000,None,1720000000,None,,,,,3.054,2.112,0.437,,,,,,,,0.0128,,23590000000,2025-10-23,quarterly,3.66,USD,pre-market,None,13855000000,0.0359,0.0524,-0.032,373.27,458000000,8036000000,523000000,0,146.48,171.2,20.0,37276000000,11877000000,8213000000,21876000000,25399000000,13663000000,82161200000,15400000000,34.1,-6615000000,184.46,96.76
2025-12-28,VLO,4.81,116552999000.0,34.1,-6076000000,0.759,77.88,,None,2001000000,2001000000,,,,,,,,,7000000,567000000,None,74599000000,74599000000,5856000000,None,None,4201000000,None,None,875000000,,4.46,0.0271,,,,2.096,0.61,5268000000,6143000000,3.05,2010-06-30,13.64,0,7184000000.0,7562200000,5287000000,1697000000,223000000,223000000,None,0,None,4767000000,None,None,7511000000,None,None,3589200000,None,None,None,0.0553,,2103200000,5459000000,379000000,726000000,None,1731000000,None,,,,,3.054,2.112,0.437,,,,,,,,0.0128,,23363000000,2025-10-23,quarterly,3.66,USD,pre-market,None,13591000000,0.0359,0.0524,-0.032,373.27,458000000,8034000000,523000000,13000000,146.48,171.2,20.0,36477000000,11348000000,7914000000,21426000000,25129000000,13512000000,82161200000,15051000000,34.1,-6620000000,184.46,96.76
2025-12-28,VLO,4.81,116552999000.0,34.1,-5851000000,0.759,77.88,,None,1887000000,1887000000,,,,,,,,,7000000,562000000,None,74599000000,74599000000,5986000000,None,None,4005000000,None,None,875000000,,4.46,0.0271,,,,2.096,0.61,5268000000,6143000000,3.05,2010-03-31,13.64,0,7184000000.0,7562200000,5287000000,1697000000,226000000,226000000,None,0,None,4724000000,None,None,7718000000,None,None,3589200000,None,None,None,0.0553,,2103200000,5459000000,704000000,848000000,None,1855000000,None,,,,,3.054,2.112,0.437,,,,,,,,0.0128,,23335000000,2025-10-23,quarterly,3.66,USD,pre-market,None,13036000000,0.0359,0.0524,-0.032,373.27,458000000,8353000000,635000000,129000000,146.48,171.2,20.0,36465000000,11320000000,8095000000,21799000000,25145000000,13704000000,82161200000,14666000000,34.1,-6688000000,184.46,96.76
2025-12-28,VLO,4.81,116552999000.0,34.1,-5594000000,0.759,77.88,,None,825000000,825000000,,,,,,,,,7000000,562000000,None,74599000000,74599000000,5825000000,None,None,4666000000,None,None,875000000,,4.46,0.0271,,,,2.096,0.61,5268000000,6143000000,3.05,2009-12-31,13.64,0,7184000000.0,7562200000,5287000000,1697000000,227000000,227000000,None,0,None,4863000000,None,None,7163000000,None,None,3589200000,None,None,None,0.0553,,2103200000,5459000000,853000000,927000000,None,1880000000,None,,,,,3.054,2.112,0.437,,,,,,,,0.0128,,23012000000,2025-10-23,quarterly,3.66,USD,pre-market,None,13178000000,0.0359,0.0524,-0.032,373.27,458000000,7400000000,237000000,122000000,146.48,171.2,20.0,35629000000,10923000000,7798000000,20904000000,24706000000,13106000000,82161200000,14725000000,34.1,-6721000000,184.46,96.76
2025-12-28,VLO,4.81,116552999000.0,34.1,-5632000000,0.759,77.88,,None,1605000000,1605000000,,,,,,,,,7000000,561000000,None,74599000000,74599000000,5756000000,None,None,4004000000,None,None,875000000,,4.46,0.0271,,,,2.096,0.61,5268000000,6143000000,3.05,2009-09-30,13.64,0,7184000000.0,7562200000,5287000000,1697000000,229000000,229000000,None,0,None,4576000000,None,None,7162000000,None,None,3589200000,None,None,None,0.0553,,2103200000,5459000000,680000000,1057000000,None,2124000000,None,,,,,3.054,2.112,0.437,,,,,,,,0.0128,,24231000000,2025-10-23,quarterly,3.66,USD,pre-market,None,14670000000,0.0359,0.0524,-0.032,373.27,458000000,7375000000,213000000,144000000,146.48,171.2,20.0,36805000000,10865000000,7757000000,20915000000,25940000000,13158000000,82161200000,15890000000,34.1,-6830000000,184.46,96.76
2025-12-28,VLO,4.81,116552999000.0,34.1,-5404000000,0.759,77.88,,None,1623000000,1623000000,,,,,,,,,7000000,525000000,None,74599000000,74599000000,5840000000,None,None,4244000000,None,None,875000000,,4.46,0.0271,,,,2.096,0.61,5268000000,6143000000,3.05,2009-06-30,13.64,0,7184000000.0,7562200000,5287000000,1697000000,221000000,221000000,None,0,None,4561000000,None,None,7231000000,None,None,3589200000,None,None,None,0.0553,,2103200000,5459000000,745000000,754000000,None,2154000000,None,,,,,3.054,2.112,0.437,,,,,,,,0.0128,,24284000000,2025-10-23,quarterly,3.66,USD,pre-market,None,15384000000,0.0359,0.0524,-0.032,373.27,458000000,7368000000,137000000,141000000,146.48,171.2,20.0,37221000000,11173000000,7324000000,20814000000,26048000000,13490000000,82161200000,16407000000,34.1,-6856000000,184.46,96.76
2025-12-28,VLO,4.81,116552999000.0,34.1,None,0.759,77.88,,None,1715000000,1715000000,,,,,,,,,6000000,519000000,None,74599000000,74599000000,4539000000,None,None,3242000000,None,None,875000000,,4.46,0.0271,,,,2.096,0.61,5268000000,6143000000,3.05,2009-03-31,13.64,None,7184000000.0,7562200000,5287000000,1697000000,213000000,213000000,None,0,None,4669000000,None,None,7264000000,None,None,3589200000,None,None,None,0.0553,,2103200000,5459000000,842000000,883000000,None,None,None,,,,,3.054,2.112,0.437,,,,,,,,0.0128,,23532000000,2025-10-23,quarterly,3.66,USD,pre-market,None,15715000000,0.0359,0.0524,-0.032,373.27,458000000,7576000000,312000000,139000000,146.48,171.2,20.0,35776000000,10468000000,6237000000,19973000000,25308000000,13736000000,82161200000,15803000000,34.1,-6875000000,184.46,96.76
2025-12-28,VLO,4.81,116552999000.0,34.1,None,0.759,77.88,,None,940000000,940000000,,,,,,,,,6000000,519000000,None,74599000000,74599000000,4323000000,None,None,3092000000,None,None,875000000,,4.46,0.0271,,,,2.096,0.61,5268000000,6143000000,3.05,2008-12-31,13.64,None,7184000000.0,7562200000,5287000000,1697000000,224000000,224000000,None,0,None,4637000000,None,None,6264000000,None,None,3589200000,None,None,None,0.0553,,2103200000,5459000000,798000000,982000000,None,None,None,,,,,3.054,2.112,0.437,,,,,,,,0.0128,,23213000000,2025-10-23,quarterly,3.66,USD,pre-market,None,15484000000,0.0359,0.0524,-0.032,373.27,458000000,12840000000,312000000,131000000,146.48,171.2,20.0,34417000000,9450000000,6209000000,18797000000,24967000000,12588000000,82161200000,15620000000,34.1,-6884000000,184.46,96.76
2025-12-28,VLO,4.81,116552999000.0,34.1,None,0.759,77.88,,None,2767000000,2767000000,,,,,,,,,6000000,529000000,None,74599000000,74599000000,9921000000,None,None,6581000000,None,None,875000000,,4.46,0.0271,,,,2.096,0.61,5268000000,6143000000,3.05,2008-09-30,13.64,4057000000,7184000000.0,7562200000,5287000000,1697000000,252000000,252000000,None,0,None,4859000000,None,None,6264000000,None,None,3589200000,None,None,None,0.0553,,2103200000,5459000000,619000000,1638000000,None,None,None,,,,,3.054,2.112,0.437,,,,,,,,0.0128,,22743000000,2025-10-23,quarterly,3.66,USD,pre-market,None,18839000000,0.0359,0.0524,-0.032,373.27,458000000,6475000000,211000000,121000000,146.48,171.2,20.0,43807000000,14826000000,11770000000,24093000000,28981000000,12323000000,82161200000,19714000000,34.1,-6783000000,184.46,96.76
2025-12-28,VLO,4.81,116552999000.0,34.1,None,0.759,77.88,,None,1644000000,1644000000,,,,,,,,,6000000,534000000,None,74599000000,74599000000,10963000000,None,None,7721000000,None,None,875000000,,4.46,0.0271,,,,2.096,0.61,5268000000,6143000000,3.05,2008-06-30,13.64,4039000000,7184000000.0,7562200000,5287000000,1697000000,268000000,268000000,None,0,None,4904000000,None,None,6263000000,None,None,3589200000,None,None,None,0.0553,,2103200000,5459000000,983000000,1673000000,None,None,None,,,,,3.054,2.112,0.437,,,,,,,,0.0128,,22275000000,2025-10-23,quarterly,3.66,USD,pre-market,None,17765000000,0.0359,0.0524,-0.032,373.27,458000000,6475000000,212000000,100000000,146.48,171.2,20.0,43656000000,15252000000,12848000000,24976000000,28404000000,12128000000,82161200000,18680000000,34.1,-6733000000,184.46,96.76
2025-12-28,VLO,4.81,116552999000.0,34.1,None,0.759,77.88,,None,1431000000,1431000000,,,,,,,,,6000000,541000000,None,74599000000,74599000000,8635000000,None,None,6009000000,None,None,875000000,,4.46,0.0271,,,,2.096,0.61,5268000000,6143000000,3.05,2008-03-31,13.64,4060000000,7184000000.0,7562200000,5287000000,1697000000,275000000,275000000,None,0,None,4643000000,None,None,6471000000,None,None,3589200000,None,None,None,0.0553,,2103200000,5459000000,431000000,1519000000,None,None,None,,,,,3.054,2.112,0.437,,,,,,,,0.0128,,21984000000,2025-10-23,quarterly,3.66,USD,pre-market,None,17110000000,0.0359,0.0524,-0.032,373.27,458000000,6474000000,3000000,41000000,146.48,171.2,20.0,40669000000,12514000000,10157000000,22437000000,28155000000,12280000000,82161200000,18232000000,34.1,-6574000000,184.46,96.76
2025-12-28,VLO,4.81,116552999000.0,34.1,None,0.759,77.88,,None,2464000000,2464000000,,,,,,,,,6000000,541000000,None,74599000000,74599000000,9596000000,None,None,7691000000,None,None,875000000,,4.46,0.0271,,,,2.096,0.61,5268000000,6143000000,3.05,2007-12-31,13.64,4061000000,7184000000.0,7562200000,5287000000,1697000000,290000000,290000000,None,0,None,4184000000,None,None,6470000000,None,None,3589200000,None,None,None,0.0553,,2103200000,5459000000,453000000,1926000000,None,None,None,,,,,3.054,2.112,0.437,,,,,,,,0.0128,,21709000000,2025-10-23,quarterly,3.66,USD,pre-market,None,16914000000,0.0359,0.0524,-0.032,373.27,458000000,6862000000,392000000,31000000,146.48,171.2,20.0,42722000000,14792000000,11914000000,24215000000,27930000000,12301000000,82161200000,18507000000,34.1,-6097000000,184.46,96.76
2025-12-28,VLO,4.81,116552999000.0,34.1,None,0.759,77.88,,None,3109000000,3109000000,,,,,,,,,6000000,564000000,None,74599000000,74599000000,8145000000,None,None,6463000000,None,None,875000000,,4.46,0.0271,,,,2.096,0.61,5268000000,6143000000,3.05,2007-09-30,13.64,4061000000,7184000000.0,7562200000,5287000000,1697000000,298000000,298000000,None,0,None,4616000000,None,None,6854000000,None,None,3589200000,None,None,None,0.0553,,2103200000,5459000000,466000000,2037000000,None,None,None,,,,,3.054,2.112,0.437,,,,,,,,0.0128,,21224000000,2025-10-23,quarterly,3.66,USD,pre-market,None,16413000000,0.0359,0.0524,-0.032,373.27,458000000,6914000000,60000000,31000000,146.48,171.2,20.0,41861000000,14654000000,10242000000,22893000000,27207000000,12651000000,82161200000,18968000000,34.1,-5308000000,184.46,96.76
2025-12-28,VLO,4.81,116552999000.0,34.1,None,0.759,77.88,,None,2336000000,2336000000,,,,,,,,,6000000,578000000,None,74599000000,74599000000,7348000000,None,None,4693000000,None,None,875000000,,4.46,0.0271,,,,2.096,0.61,5268000000,6143000000,3.05,2007-06-30,13.64,4092000000,7184000000.0,7562200000,5287000000,1697000000,293000000,293000000,None,0,None,4578000000,None,None,6855000000,None,None,3589200000,None,None,None,0.0553,,2103200000,5459000000,1960000000,2051000000,None,None,None,,,,,3.054,2.112,0.437,,,,,,,,0.0128,,20785000000,2025-10-23,quarterly,3.66,USD,pre-market,None,15204000000,0.0359,0.0524,-0.032,373.27,458000000,6921000000,66000000,31000000,146.48,171.2,20.0,40350000000,13567000000,9465000000,22235000000,26783000000,12770000000,82161200000,18115000000,34.1,-4876000000,184.46,96.76
2025-12-28,VLO,4.81,116552999000.0,34.1,None,0.759,77.88,,None,1696000000,1696000000,,,,,,,,,6000000,615000000,None,74599000000,74599000000,6970000000,None,None,4173000000,None,None,875000000,,4.46,0.0271,,,,2.096,0.61,5268000000,6143000000,3.05,2007-03-31,13.64,4209000000,7184000000.0,7562200000,5287000000,1697000000,293000000,293000000,None,0,None,4835000000,None,None,4649000000,None,None,3589200000,None,None,None,0.0553,,2103200000,5459000000,291000000,1767000000,None,None,None,,,,,3.054,2.112,0.437,,,,,,,,0.0128,,21294000000,2025-10-23,quarterly,3.66,USD,pre-market,None,13022000000,0.0359,0.0524,-0.032,373.27,458000000,4946000000,297000000,31000000,146.48,171.2,20.0,38187000000,10995000000,9034000000,19457000000,27192000000,10423000000,82161200000,18730000000,34.1,-2074000000,184.46,96.76
2025-12-28,VLO,4.81,116552999000.0,34.1,None,0.759,77.88,,None,1590000000,1590000000,,,,,,,,,6000000,615000000,None,74599000000,74599000000,6841000000,None,None,4416000000,None,None,875000000,,4.46,0.0271,,,,2.096,0.61,5268000000,6143000000,3.05,2006-12-31,13.64,4211000000,7184000000.0,7562200000,5287000000,1697000000,303000000,303000000,None,0,None,4430000000,None,None,4657000000,None,None,3589200000,None,None,None,0.0553,,2103200000,5459000000,1846000000,1544000000,None,None,None,,,,,3.054,2.112,0.437,,,,,,,,0.0128,,21098000000,2025-10-23,quarterly,3.66,USD,pre-market,None,11951000000,0.0359,0.0524,-0.032,373.27,458000000,5175000000,475000000,31000000,146.48,171.2,20.0,37753000000,10760000000,8822000000,19148000000,26993000000,10326000000,82161200000,18605000000,34.1,-1396000000,184.46,96.76
2025-12-28,VLO,4.81,116552999000.0,34.1,None,0.759,77.88,,None,1029000000,1029000000,,,,,,,,,6000000,628000000,None,74599000000,74599000000,6144000000,None,None,3672000000,None,None,875000000,,4.46,0.0271,,,,2.096,0.61,5268000000,6143000000,3.05,2006-09-30,13.64,4263000000,7184000000.0,7562200000,5287000000,1697000000,309000000,309000000,None,0,None,4666000000,None,None,4897000000,None,None,3589200000,None,None,None,0.0553,,2103200000,5459000000,364000000,1655000000,None,None,None,,,,,3.054,2.112,0.437,,,,,,,,0.0128,,20564000000,2025-10-23,quarterly,3.66,USD,pre-market,None,10885000000,0.0359,0.0524,-0.032,373.27,458000000,5135000000,238000000,None,146.48,171.2,20.0,36642000000,9731000000,8037000000,18601000000,26911000000,10564000000,82161200000,17815000000,34.1,-1281000000,184.46,96.76
2025-12-28,VLO,4.81,116552999000.0,34.1,None,0.759,77.88,,None,937000000,937000000,,,,,,,,,6000000,636000000,None,74599000000,74599000000,6902000000,None,None,4234000000,None,None,875000000,,4.46,0.0271,,,,2.096,0.61,5268000000,6143000000,3.05,2006-06-30,13.64,4311000000,7184000000.0,7562200000,5287000000,1697000000,293000000,293000000,None,0,None,4626000000,None,None,4913000000,None,None,3589200000,None,None,None,0.0553,,2103200000,5459000000,377000000,1930000000,None,None,None,,,,,3.054,2.112,0.437,,,,,,,,0.0128,,19988000000,2025-10-23,quarterly,3.66,USD,pre-market,None,9331000000,0.0359,0.0524,-0.032,373.27,458000000,5188000000,275000000,None,146.48,171.2,20.0,36524000000,10174000000,9107000000,19760000000,26350000000,10653000000,82161200000,16764000000,34.1,-868000000,184.46,96.76
2025-12-28,VLO,4.81,116552999000.0,34.1,None,0.759,77.88,,None,436000000,436000000,,,,,,,,,6000000,644000000,None,74599000000,74599000000,6167000000,None,None,3115000000,None,None,875000000,,4.46,0.0271,,,,2.096,0.61,5268000000,6143000000,3.05,2006-03-31,13.64,4924000000,7184000000.0,7562200000,5287000000,1697000000,289000000,289000000,None,0,None,4381000000,None,None,5135000000,None,None,3589200000,None,None,None,0.0553,,2103200000,5459000000,249000000,1274000000,None,None,None,,,,,3.054,2.112,0.437,,,,,,,,0.0128,,18424000000,2025-10-23,quarterly,3.66,USD,pre-market,None,7484000000,0.0359,0.0524,-0.032,373.27,458000000,5138000000,3000000,None,146.48,171.2,20.0,33303000000,8181000000,7444000000,17905000000,25122000000,10461000000,82161200000,15398000000,34.1,-420000000,184.46,96.76
2025-12-28,VLO,4.81,116552999000.0,34.1,None,0.759,77.88,,None,436000000,436000000,,,,,,,,,6000000,644000000,None,74599000000,74599000000,5563000000,None,None,3634000000,None,None,875000000,,4.46,0.0271,,,,2.096,0.61,5268000000,6143000000,3.05,2005-12-31,13.64,4926000000,7184000000.0,7562200000,5287000000,1697000000,5224000000,5224000000,None,0,None,4039000000,None,None,5156000000,None,None,3589200000,None,None,None,0.0553,,2103200000,5459000000,237000000,1590000000,None,None,None,,,,,3.054,2.112,0.437,,,,,,,,0.0128,,17856000000,2025-10-23,quarterly,3.66,USD,pre-market,None,6673000000,0.0359,0.0524,-0.032,373.27,458000000,5378000000,222000000,30000000,146.48,171.2,20.0,32728000000,8276000000,7305000000,17678000000,24452000000,10373000000,82161200000,15050000000,34.1,-196000000,184.46,96.76
2025-12-28,VLO,4.81,116552999000.0,34.1,None,0.759,77.88,,None,737000000,737000000,,,,,,,,,3000000,587000000,None,74599000000,74599000000,5969000000,None,None,3553000000,None,None,875000000,,4.46,0.0271,,,,2.096,0.61,5268000000,6143000000,3.05,2005-09-30,13.64,4963000000,7184000000.0,7562200000,5287000000,1697000000,5270000000,5270000000,None,0,None,4475000000,None,None,6109000000,None,None,3589200000,None,None,None,0.0553,,2103200000,5459000000,347000000,1749000000,None,None,None,,,,,3.054,2.112,0.437,,,,,,,,0.0128,,17152000000,2025-10-23,quarterly,3.66,USD,pre-market,None,5359000000,0.0359,0.0524,-0.032,373.27,458000000,6378000000,269000000,None,146.48,171.2,20.0,32774000000,9112000000,7987000000,18980000000,23662000000,10993000000,82161200000,13794000000,34.1,-83000000,184.46,96.76
2025-12-28,VLO,4.81,116552999000.0,34.1,None,0.759,77.88,,1077000000,4657000000,4657000000,,,,,,,,,7000000,322000000,None,74599000000,74599000000,12092000000,None,743000000,10708000000,None,None,875000000,,4.46,0.0271,,,,2.096,0.61,5268000000,6143000000,3.05,2024-12-31,13.64,260000000,7184000000.0,7562200000,5287000000,1697000000,151000000,151000000,None,0,None,7761000000,None,None,9720000000,None,695000000,3589200000,None,None,None,0.0553,,2103200000,5459000000,611000000,670000000,None,429000000,None,,,,,3.054,2.112,0.437,,,,,,,,0.0128,,30412000000,2025-10-23,annual,3.66,USD,pre-market,None,47016000000,0.0359,0.0524,-0.032,373.27,458000000,11540000000,1121000000,None,146.48,171.2,20.0,60143000000,23737000000,15495000000,32622000000,36406000000,17127000000,82161200000,24512000000,34.1,None,184.46,96.76
2025-12-28,VLO,4.81,116552999000.0,34.1,None,0.759,77.88,,3419000000,5424000000,5424000000,,,,,,,,,7000000,353000000,None,74599000000,74599000000,12567000000,None,1197000000,12525000000,None,None,875000000,,4.46,0.0271,,,,2.096,0.61,5268000000,6143000000,3.05,2023-12-31,13.64,260000000,7184000000.0,7562200000,5287000000,1697000000,183000000,183000000,None,0,None,7583000000,None,None,8021000000,None,713000000,3589200000,None,None,None,0.0553,,2103200000,5459000000,689000000,840000000,None,238000000,None,,,,,3.054,2.112,0.437,,,,,,,,0.0128,,31345000000,2025-10-23,annual,3.66,USD,pre-market,None,45630000000,0.0359,0.0524,-0.032,373.27,458000000,12637000000,1766000000,111000000,146.48,171.2,20.0,63056000000,26221000000,16802000000,34532000000,36835000000,17730000000,82161200000,26346000000,34.1,None,184.46,96.76
2025-12-28,VLO,4.81,116552999000.0,34.1,None,0.759,77.88,,2394000000,4862000000,4862000000,,,,,,,,,7000000,396000000,None,74599000000,74599000000,12728000000,None,861000000,11919000000,None,None,875000000,,4.46,0.0271,,,,2.096,0.61,5268000000,6143000000,3.05,2022-12-31,13.64,260000000,7184000000.0,7562200000,5287000000,1697000000,202000000,202000000,None,0,None,6752000000,None,None,8380000000,None,724000000,3589200000,None,None,None,0.0553,,2103200000,5459000000,17381000000,3184000000,None,2310000000,None,,,,,3.054,2.112,0.437,,,,,,,,0.0128,,32092000000,2025-10-23,annual,3.66,USD,pre-market,None,38247000000,0.0359,0.0524,-0.032,373.27,458000000,11946000000,1420000000,None,146.48,171.2,20.0,60982000000,24133000000,17461000000,35514000000,36849000000,18053000000,82161200000,23561000000,34.1,-20197000000,184.46,96.76
2025-12-28,VLO,4.81,116552999000.0,34.1,None,0.759,77.88,,1920000000,4122000000,4122000000,,,,,,,,,7000000,407000000,None,74599000000,74599000000,12495000000,None,1110000000,10378000000,None,None,875000000,,4.46,0.0271,,,,2.096,0.61,5268000000,6143000000,3.05,2021-12-31,13.64,260000000,7184000000.0,7562200000,5287000000,1697000000,218000000,218000000,None,0,None,6265000000,None,None,10840000000,None,734000000,3589200000,None,None,None,0.0553,,2103200000,5459000000,14900000000,2699000000,None,3404000000,None,,,,,3.054,2.112,0.437,,,,,,,,0.0128,,32131000000,2025-10-23,annual,3.66,USD,pre-market,None,28281000000,0.0359,0.0524,-0.032,373.27,458000000,14185000000,1579000000,None,146.48,171.2,20.0,57888000000,21165000000,16851000000,38071000000,36723000000,21220000000,82161200000,18430000000,34.1,-15677000000,184.46,96.76
2025-12-28,VLO,4.81,116552999000.0,34.1,None,0.759,77.88,,1170000000,3313000000,3313000000,,,,,,,,,7000000,407000000,None,74599000000,74599000000,6082000000,None,723000000,6109000000,None,None,875000000,,4.46,0.0271,,,,2.096,0.61,5268000000,6143000000,3.05,2020-12-31,13.64,260000000,7184000000.0,7562200000,5287000000,1697000000,248000000,248000000,None,0,None,6038000000,None,None,13954000000,None,972000000,3589200000,None,None,None,0.0553,,2103200000,5459000000,384000000,654000000,None,3620000000,None,,,,,3.054,2.112,0.437,,,,,,,,0.0128,,31593000000,2025-10-23,annual,3.66,USD,pre-market,None,28953000000,0.0359,0.0524,-0.032,373.27,458000000,15847000000,1008000000,None,146.48,171.2,20.0,51774000000,15844000000,9283000000,32132000000,35930000000,22849000000,82161200000,18801000000,34.1,-15719000000,184.46,96.76
2025-12-28,VLO,4.81,116552999000.0,34.1,-15030000000,0.759,77.88,,1290000000,2583000000,2583000000,,,,,,,,,7000000,413000000,None,74599000000,74599000000,10205000000,None,494000000,8904000000,None,None,875000000,,4.46,0.0271,,,,2.096,0.61,5268000000,6143000000,3.05,2019-12-31,13.64,260000000,7184000000.0,7562200000,5287000000,1697000000,283000000,283000000,None,0,None,7013000000,None,None,9178000000,None,2271000000,3589200000,None,None,None,0.0553,,2103200000,5459000000,385000000,563000000,None,3887000000,None,,,,,3.054,2.112,0.437,,,,,,,,0.0128,,29264000000,2025-10-23,annual,3.66,USD,pre-market,None,31974000000,0.0359,0.0524,-0.032,373.27,458000000,10962000000,825000000,None,146.48,171.2,20.0,53864000000,18969000000,13160000000,31328000000,34895000000,18168000000,82161200000,21803000000,34.1,-15648000000,184.46,96.76
2025-12-28,VLO,4.81,116552999000.0,34.1,-13625000000,0.759,77.88,,None,2982000000,2982000000,,,,,,,,,7000000,428000000,None,74599000000,74599000000,8594000000,None,238000000,7345000000,None,None,875000000,,4.46,0.0271,,,,2.096,0.61,5268000000,6143000000,3.05,2018-12-31,13.64,260000000,7184000000.0,7562200000,5287000000,1697000000,307000000,307000000,None,0,None,6532000000,None,None,8871000000,None,542000000,3589200000,None,None,None,0.0553,,2103200000,5459000000,816000000,599000000,None,2867000000,None,,,,,3.054,2.112,0.437,,,,,,,,0.0128,,28848000000,2025-10-23,annual,3.66,USD,pre-market,None,31044000000,0.0359,0.0524,-0.032,373.27,458000000,9109000000,238000000,None,146.48,171.2,20.0,50155000000,17675000000,10724000000,27424000000,32480000000,16700000000,82161200000,21667000000,34.1,-14925000000,184.46,96.76
2025-12-28,VLO,4.81,116552999000.0,34.1,-12530000000,0.759,77.88,,None,5850000000,5850000000,,,,,,,,,7000000,444000000,None,74599000000,74599000000,8348000000,None,122000000,6922000000,None,None,875000000,,4.46,0.0271,,,,2.096,0.61,5268000000,6143000000,3.05,2017-12-31,13.64,0,7184000000.0,7562200000,5287000000,1697000000,142000000,142000000,None,0,None,6384000000,None,None,8750000000,None,530000000,3589200000,None,None,None,0.0553,,2103200000,5459000000,156000000,712000000,None,2729000000,None,,,,,3.054,2.112,0.437,,,,,,,,0.0128,,27480000000,2025-10-23,annual,3.66,USD,pre-market,None,29200000000,0.0359,0.0524,-0.032,373.27,458000000,8872000000,122000000,0,146.48,171.2,20.0,50158000000,19312000000,11071000000,27258000000,30846000000,16187000000,82161200000,21991000000,34.1,-13315000000,184.46,96.76
2025-12-28,VLO,4.81,116552999000.0,34.1,-11261000000,0.759,77.88,,None,4816000000,4816000000,,,,,,,,,7000000,464000000,None,74599000000,74599000000,6357000000,None,115000000,5901000000,None,None,875000000,,4.46,0.0271,,,,2.096,0.61,5268000000,6143000000,3.05,2016-12-31,13.64,0,7184000000.0,7562200000,5287000000,1697000000,148000000,148000000,None,0,None,5709000000,None,None,7886000000,None,201000000,3589200000,None,None,None,0.0553,,2103200000,5459000000,374000000,694000000,None,1744000000,None,,,,,3.054,2.112,0.437,,,,,,,,0.0128,,26472000000,2025-10-23,annual,3.66,USD,pre-market,None,26366000000,0.0359,0.0524,-0.032,373.27,458000000,8001000000,115000000,0,146.48,171.2,20.0,46173000000,16800000000,8328000000,25319000000,29373000000,16991000000,82161200000,20024000000,34.1,-12027000000,184.46,96.76
2025-12-28,VLO,4.81,116552999000.0,34.1,-10204000000,0.759,77.88,,None,4114000000,4114000000,,,,,,,,,7000000,500000000,None,74599000000,74599000000,4907000000,None,127000000,4682000000,None,None,875000000,,4.46,0.0271,,,,2.096,0.61,5268000000,6143000000,3.05,2015-12-31,13.64,0,7184000000.0,7562200000,5287000000,1697000000,156000000,156000000,None,0,None,5898000000,None,None,7208000000,None,201000000,3589200000,None,None,None,0.0553,,2103200000,5459000000,204000000,554000000,None,1611000000,None,,,,,3.054,2.112,0.437,,,,,,,,0.0128,,26703000000,2025-10-23,annual,3.66,USD,pre-market,None,25188000000,0.0359,0.0524,-0.032,373.27,458000000,7335000000,127000000,0,146.48,171.2,20.0,44343000000,14805000000,7193000000,22989000000,29371000000,15629000000,82161200000,20527000000,34.1,-10799000000,184.46,96.76
2025-12-28,VLO,4.81,116552999000.0,34.1,-9198000000,0.759,77.88,,None,3689000000,3689000000,,,,,,,,,7000000,530000000,None,74599000000,74599000000,6760000000,None,606000000,5976000000,None,None,875000000,,4.46,0.0271,,,,2.096,0.61,5268000000,6143000000,3.05,2014-12-31,13.64,0,7184000000.0,7562200000,5287000000,1697000000,154000000,154000000,None,0,None,6623000000,None,None,5780000000,None,78000000,3589200000,None,None,None,0.0553,,2103200000,5459000000,326000000,972000000,None,1939000000,None,,,,,3.054,2.112,0.437,,,,,,,,0.0128,,26735000000,2025-10-23,annual,3.66,USD,pre-market,None,22046000000,0.0359,0.0524,-0.032,373.27,458000000,6386000000,606000000,0,146.48,171.2,20.0,45550000000,16614000000,9980000000,24306000000,28936000000,14326000000,82161200000,20677000000,34.1,-8125000000,184.46,96.76
2025-12-28,VLO,4.81,116552999000.0,34.1,-8226000000,0.759,77.88,,None,4292000000,4292000000,,,,,,,,,7000000,548000000,None,74599000000,74599000000,9931000000,None,None,8823000000,None,None,875000000,,4.46,0.0271,,,,2.096,0.61,5268000000,6143000000,3.05,2013-12-31,13.64,0,7184000000.0,7562200000,5287000000,1697000000,156000000,156000000,None,0,None,5758000000,None,None,6261000000,None,None,3589200000,None,None,None,0.0553,,2103200000,5459000000,404000000,771000000,None,1329000000,None,,,,,3.054,2.112,0.437,,,,,,,,0.0128,,25707000000,2025-10-23,annual,3.66,USD,pre-market,None,18970000000,0.0359,0.0524,-0.032,373.27,458000000,6564000000,303000000,0,146.48,171.2,20.0,47260000000,19277000000,13123000000,27314000000,27983000000,14191000000,82161200000,19460000000,34.1,-7054000000,184.46,96.76
2025-12-28,VLO,4.81,116552999000.0,34.1,-7832000000,0.759,77.88,,None,1723000000,1723000000,,,,,,,,,7000000,556000000,None,74599000000,74599000000,9348000000,None,None,8336000000,None,None,875000000,,4.46,0.0271,,,,2.096,0.61,5268000000,6143000000,3.05,2012-12-31,13.64,0,7184000000.0,7562200000,5287000000,1697000000,213000000,213000000,None,0,None,5973000000,None,None,6463000000,None,None,3589200000,None,None,None,0.0553,,2103200000,5459000000,428000000,968000000,None,2130000000,None,,,,,3.054,2.112,0.437,,,,,,,,0.0128,,26300000000,2025-10-23,annual,3.66,USD,pre-market,None,17032000000,0.0359,0.0524,-0.032,373.27,458000000,7049000000,586000000,0,146.48,171.2,20.0,44477000000,16460000000,11929000000,26382000000,28017000000,14453000000,82161200000,18032000000,34.1,-6437000000,184.46,96.76
2025-12-28,VLO,4.81,116552999000.0,34.1,-7076000000,0.759,77.88,,None,1024000000,1024000000,,,,,,,,,7000000,569000000,None,74599000000,74599000000,9472000000,None,None,8918000000,None,None,875000000,,4.46,0.0271,,,,2.096,0.61,5268000000,6143000000,3.05,2011-12-31,13.64,0,7184000000.0,7562200000,5287000000,1697000000,227000000,227000000,None,0,None,5623000000,None,None,6732000000,None,None,3589200000,None,None,None,0.0553,,2103200000,5459000000,407000000,844000000,None,1881000000,None,,,,,3.054,2.112,0.437,,,,,,,,0.0128,,25177000000,2025-10-23,annual,3.66,USD,pre-market,None,15309000000,0.0359,0.0524,-0.032,373.27,458000000,14473000000,1009000000,0,146.48,171.2,20.0,42783000000,15972000000,12708000000,26338000000,26811000000,13630000000,82161200000,16423000000,34.1,-6475000000,184.46,96.76
2025-12-28,VLO,4.81,116552999000.0,34.1,-6252000000,0.759,77.88,,None,3334000000,3334000000,,,,,,,,,7000000,568000000,None,74599000000,74599000000,6441000000,None,None,4926000000,None,None,875000000,,4.46,0.0271,,,,2.096,0.61,5268000000,6143000000,3.05,2010-12-31,13.64,0,7184000000.0,7562200000,5287000000,1697000000,224000000,224000000,None,0,None,4947000000,None,None,7515000000,None,None,3589200000,None,None,None,0.0553,,2103200000,5459000000,311000000,847000000,None,1767000000,None,,,,,3.054,2.112,0.437,,,,,,,,0.0128,,22669000000,2025-10-23,annual,3.66,USD,pre-market,None,13388000000,0.0359,0.0524,-0.032,373.27,458000000,8337000000,822000000,0,146.48,171.2,20.0,37621000000,13518000000,8784000000,22596000000,24103000000,13812000000,82161200000,15025000000,34.1,-6462000000,184.46,96.76
2025-12-28,VLO,4.81,116552999000.0,34.1,-5594000000,0.759,77.88,,None,825000000,825000000,,,,,,,,,7000000,541000000,None,74599000000,74599000000,5760000000,None,None,4661000000,None,None,875000000,,4.46,0.0271,,,,2.096,0.61,5268000000,6143000000,3.05,2009-12-31,13.64,0,7184000000.0,7562200000,5287000000,1697000000,227000000,227000000,None,0,None,4863000000,None,None,7163000000,None,None,3589200000,None,None,None,0.0553,,2103200000,5459000000,853000000,992000000,None,1880000000,None,,,,,3.054,2.112,0.437,,,,,,,,0.0128,,23012000000,2025-10-23,annual,3.66,USD,pre-market,None,13178000000,0.0359,0.0524,-0.032,373.27,458000000,7400000000,237000000,122000000,146.48,171.2,20.0,35629000000,10923000000,7798000000,20904000000,24706000000,13106000000,82161200000,14725000000,34.1,-6721000000,184.46,96.76
2025-12-28,VLO,4.81,116552999000.0,34.1,None,0.759,77.88,,None,940000000,940000000,,,,,,,,,6000000,524000000,None,74599000000,74599000000,4446000000,None,None,2897000000,None,None,875000000,,4.46,0.0271,,,,2.096,0.61,5268000000,6143000000,3.05,2008-12-31,13.64,None,7184000000.0,7562200000,5287000000,1697000000,224000000,224000000,None,0,None,4637000000,None,None,6264000000,None,None,3589200000,None,None,None,0.0553,,2103200000,5459000000,798000000,859000000,None,None,None,,,,,3.054,2.112,0.437,,,,,,,,0.0128,,23213000000,2025-10-23,annual,3.66,USD,pre-market,None,15484000000,0.0359,0.0524,-0.032,373.27,458000000,12840000000,312000000,131000000,146.48,171.2,20.0,34417000000,9450000000,6209000000,18797000000,24967000000,12588000000,82161200000,15620000000,34.1,-6884000000,184.46,96.76
2025-12-28,VLO,4.81,116552999000.0,34.1,None,0.759,77.88,,None,2464000000,2464000000,,,,,,,,,6000000,579000000,None,74599000000,74599000000,9596000000,None,None,7691000000,None,None,875000000,,4.46,0.0271,,,,2.096,0.61,5268000000,6143000000,3.05,2007-12-31,13.64,4061000000,7184000000.0,7562200000,5287000000,1697000000,290000000,290000000,None,0,None,4184000000,None,None,6470000000,None,None,3589200000,None,None,None,0.0553,,2103200000,5459000000,453000000,1926000000,None,None,None,,,,,3.054,2.112,0.437,,,,,,,,0.0128,,21709000000,2025-10-23,annual,3.66,USD,pre-market,None,16914000000,0.0359,0.0524,-0.032,373.27,458000000,6862000000,392000000,31000000,146.48,171.2,20.0,42722000000,14792000000,11914000000,24215000000,27930000000,12301000000,82161200000,18507000000,34.1,-6097000000,184.46,96.76
2025-12-28,VLO,4.81,116552999000.0,34.1,None,0.759,77.88,,None,1590000000,1590000000,,,,,,,,,6000000,632000000,None,74599000000,74599000000,6841000000,None,None,4416000000,None,None,875000000,,4.46,0.0271,,,,2.096,0.61,5268000000,6143000000,3.05,2006-12-31,13.64,4211000000,7184000000.0,7562200000,5287000000,1697000000,303000000,303000000,None,0,None,4430000000,None,None,4657000000,None,None,3589200000,None,None,None,0.0553,,2103200000,5459000000,1846000000,1544000000,None,None,None,,,,,3.054,2.112,0.437,,,,,,,,0.0128,,21098000000,2025-10-23,annual,3.66,USD,pre-market,None,11951000000,0.0359,0.0524,-0.032,373.27,458000000,5175000000,476000000,31000000,146.48,171.2,20.0,37753000000,10760000000,8822000000,19148000000,26993000000,10326000000,82161200000,18605000000,34.1,-1396000000,184.46,96.76
2025-12-28,VLO,4.81,116552999000.0,34.1,None,0.759,77.88,,None,436000000,436000000,,,,,,,,,6000000,588000000,None,74599000000,74599000000,5563000000,None,None,3564000000,None,None,875000000,,4.46,0.0271,,,,2.096,0.61,5268000000,6143000000,3.05,2005-12-31,13.64,4926000000,7184000000.0,7562200000,5287000000,1697000000,298000000,298000000,None,0,None,4039000000,None,None,5156000000,None,None,3589200000,None,None,None,0.0553,,2103200000,5459000000,237000000,1590000000,None,None,None,,,,,3.054,2.112,0.437,,,,,,,,0.0128,,17856000000,2025-10-23,annual,3.66,USD,pre-market,None,6673000000,0.0359,0.0524,-0.032,373.27,458000000,5378000000,222000000,30000000,146.48,171.2,20.0,32728000000,8276000000,7305000000,17678000000,24452000000,10373000000,82161200000,15050000000,34.1,-196000000,184.46,96.76
2025-12-28,VLO,4.81,116552999000.0,34.1,None,0.759,77.88,177000000,None,436000000,436000000,-1199000000,-379000000,None,None,111000000,None,None,None,6000000,588000000,None,74599000000,74599000000,5563000000,None,None,3564000000,None,None,875000000,836000000,4.46,0.0271,351000000,351000000,None,2.096,0.61,5268000000,6143000000,3.05,2025-09-30,13.64,4926000000,7184000000.0,7562200000,5287000000,1697000000,298000000,298000000,None,0,None,4039000000,None,None,5156000000,None,None,1066000000,None,None,None,0.0553,1881000000,2103200000,5459000000,237000000,1590000000,None,None,None,None,None,None,None,3.054,2.112,0.437,None,None,None,None,None,-922000000,None,0.0128,None,17856000000,2025-10-23,quarterly,3.66,USD,pre-market,None,6673000000,0.0359,0.0524,-0.032,373.27,458000000,5378000000,222000000,30000000,146.48,171.2,20.0,32728000000,8276000000,7305000000,17678000000,24452000000,10373000000,82161200000,15050000000,34.1,-196000000,184.46,96.76
2025-12-28,VLO,4.81,116552999000.0,34.1,None,0.759,77.88,249000000,None,436000000,436000000,-849000000,-412000000,None,None,-693000000,None,None,None,6000000,588000000,None,74599000000,74599000000,5563000000,None,None,3564000000,None,None,875000000,814000000,4.46,0.0271,354000000,354000000,None,2.096,0.61,5268000000,6143000000,3.05,2025-06-30,13.64,4926000000,7184000000.0,7562200000,5287000000,1697000000,298000000,298000000,None,0,None,4039000000,None,None,5156000000,None,None,663000000,None,None,None,0.0553,936000000,2103200000,5459000000,237000000,1590000000,None,None,None,None,None,None,None,3.054,2.112,0.437,None,None,None,None,None,-366000000,None,0.0128,None,17856000000,2025-10-23,quarterly,3.66,USD,pre-market,None,6673000000,0.0359,0.0524,-0.032,373.27,458000000,5378000000,222000000,30000000,146.48,171.2,20.0,32728000000,8276000000,7305000000,17678000000,24452000000,10373000000,82161200000,15050000000,34.1,-196000000,184.46,96.76
2025-12-28,VLO,4.81,116552999000.0,34.1,None,0.759,77.88,249000000,None,436000000,436000000,-382000000,-635000000,None,None,693000000,None,None,None,6000000,588000000,None,74599000000,74599000000,5563000000,None,None,3564000000,None,None,875000000,691000000,4.46,0.0271,356000000,356000000,None,2.096,0.61,5268000000,6143000000,3.05,2025-03-31,13.64,4926000000,7184000000.0,7562200000,5287000000,1697000000,298000000,298000000,None,0,None,4039000000,None,None,5156000000,None,None,-652000000,None,None,None,0.0553,952000000,2103200000,5459000000,237000000,1590000000,None,None,None,None,None,None,None,3.054,2.112,0.437,None,None,None,None,None,-274000000,None,0.0128,None,17856000000,2025-10-23,quarterly,3.66,USD,pre-market,None,6673000000,0.0359,0.0524,-0.032,373.27,458000000,5378000000,222000000,30000000,146.48,171.2,20.0,32728000000,8276000000,7305000000,17678000000,24452000000,10373000000,82161200000,15050000000,34.1,-196000000,184.46,96.76
2025-12-28,VLO,4.81,116552999000.0,34.1,None,0.759,77.88,303000000,None,436000000,436000000,-784000000,-544000000,None,None,-860000000,None,None,None,6000000,588000000,None,74599000000,74599000000,5563000000,None,None,3564000000,None,None,875000000,698000000,4.46,0.0271,339000000,339000000,None,2.096,0.61,5268000000,6143000000,3.05,2024-12-31,13.64,4926000000,7184000000.0,7562200000,5287000000,1697000000,298000000,298000000,None,0,None,4039000000,None,None,5156000000,None,None,357000000,None,None,None,0.0553,1070000000,2103200000,5459000000,237000000,1590000000,None,None,None,None,None,None,None,3.054,2.112,0.437,None,None,None,None,None,-259000000,None,0.0128,None,17856000000,2025-10-23,quarterly,3.66,USD,pre-market,None,6673000000,0.0359,0.0524,-0.032,373.27,458000000,5378000000,222000000,30000000,146.48,171.2,20.0,32728000000,8276000000,7305000000,17678000000,24452000000,10373000000,82161200000,15050000000,34.1,-196000000,184.46,96.76
2025-12-28,VLO,4.81,116552999000.0,34.1,None,0.759,77.88,210000000,None,436000000,436000000,-1074000000,-408000000,None,None,1077000000,None,None,None,6000000,588000000,None,74599000000,74599000000,5563000000,None,None,3564000000,None,None,875000000,685000000,4.46,0.0271,342000000,342000000,None,2.096,0.61,5268000000,6143000000,3.05,2024-09-30,13.64,4926000000,7184000000.0,7562200000,5287000000,1697000000,298000000,298000000,None,0,None,4039000000,None,None,5156000000,None,None,363000000,None,None,None,0.0553,1295000000,2103200000,5459000000,237000000,1590000000,None,None,None,None,None,None,None,3.054,2.112,0.437,None,None,None,None,None,-560000000,None,0.0128,None,17856000000,2025-10-23,quarterly,3.66,USD,pre-market,None,6673000000,0.0359,0.0524,-0.032,373.27,458000000,5378000000,222000000,30000000,146.48,171.2,20.0,32728000000,8276000000,7305000000,17678000000,24452000000,10373000000,82161200000,15050000000,34.1,-196000000,184.46,96.76
2025-12-28,VLO,4.81,116552999000.0,34.1,None,0.759,77.88,420000000,None,436000000,436000000,-1547000000,-392000000,None,None,-147000000,None,None,None,6000000,588000000,None,74599000000,74599000000,5563000000,None,None,3564000000,None,None,875000000,696000000,4.46,0.0271,347000000,347000000,None,2.096,0.61,5268000000,6143000000,3.05,2024-06-30,13.64,4926000000,7184000000.0,7562200000,5287000000,1697000000,298000000,298000000,None,0,None,4039000000,None,None,5156000000,None,None,877000000,None,None,None,0.0553,2472000000,2103200000,5459000000,237000000,1590000000,None,None,None,None,None,None,None,3.054,2.112,0.437,None,None,None,None,None,-1033000000,None,0.0128,None,17856000000,2025-10-23,quarterly,3.66,USD,pre-market,None,6673000000,0.0359,0.0524,-0.032,373.27,458000000,5378000000,222000000,30000000,146.48,171.2,20.0,32728000000,8276000000,7305000000,17678000000,24452000000,10373000000,82161200000,15050000000,34.1,-196000000,184.46,96.76
2025-12-28,VLO,4.81,116552999000.0,34.1,None,0.759,77.88,661000000,None,436000000,436000000,-1734000000,-547000000,None,None,-356000000,None,None,None,6000000,588000000,None,74599000000,74599000000,5563000000,None,None,3564000000,None,None,875000000,695000000,4.46,0.0271,356000000,356000000,None,2.096,0.61,5268000000,6143000000,3.05,2024-03-31,13.64,4926000000,7184000000.0,7562200000,5287000000,1697000000,298000000,298000000,None,0,None,4039000000,None,None,5156000000,None,None,1242000000,None,None,None,0.0553,1846000000,2103200000,5459000000,237000000,1590000000,None,None,None,None,None,None,None,3.054,2.112,0.437,None,None,None,None,None,-1023000000,None,0.0128,None,17856000000,2025-10-23,quarterly,3.66,USD,pre-market,None,6673000000,0.0359,0.0524,-0.032,373.27,458000000,5378000000,222000000,30000000,146.48,171.2,20.0,32728000000,8276000000,7305000000,17678000000,24452000000,10373000000,82161200000,15050000000,34.1,-196000000,184.46,96.76
2025-12-28,VLO,4.81,116552999000.0,34.1,None,0.759,77.88,540000000,None,436000000,436000000,-1296000000,-483000000,None,None,36000000,None,None,None,6000000,588000000,None,74599000000,74599000000,5563000000,None,None,3564000000,None,None,875000000,690000000,4.46,0.0271,346000000,346000000,None,2.096,0.61,5268000000,6143000000,3.05,2023-12-31,13.64,4926000000,7184000000.0,7562200000,5287000000,1697000000,298000000,298000000,None,0,None,4039000000,None,None,5156000000,None,None,1199000000,None,None,None,0.0553,1239000000,2103200000,5459000000,237000000,1590000000,None,None,None,None,None,None,None,3.054,2.112,0.437,None,None,None,None,None,-956000000,None,0.0128,None,17856000000,2025-10-23,quarterly,3.66,USD,pre-market,None,6673000000,0.0359,0.0524,-0.032,373.27,458000000,5378000000,222000000,30000000,146.48,171.2,20.0,32728000000,8276000000,7305000000,17678000000,24452000000,10373000000,82161200000,15050000000,34.1,-196000000,184.46,96.76
2025-12-28,VLO,4.81,116552999000.0,34.1,None,0.759,77.88,220000000,None,436000000,436000000,-2125000000,-1382000000,None,None,-647000000,None,None,None,6000000,588000000,None,74599000000,74599000000,5563000000,None,None,3564000000,None,None,875000000,682000000,4.46,0.0271,360000000,360000000,None,2.096,0.61,5268000000,6143000000,3.05,2023-09-30,13.64,4926000000,7184000000.0,7562200000,5287000000,1697000000,298000000,298000000,None,0,None,4039000000,None,None,5156000000,None,None,2663000000,None,None,None,0.0553,3308000000,2103200000,5459000000,237000000,1590000000,None,None,None,None,None,None,None,3.054,2.112,0.437,None,None,None,None,None,-1787000000,None,0.0128,None,17856000000,2025-10-23,quarterly,3.66,USD,pre-market,None,6673000000,0.0359,0.0524,-0.032,373.27,458000000,5378000000,222000000,30000000,146.48,171.2,20.0,32728000000,8276000000,7305000000,17678000000,24452000000,10373000000,82161200000,15050000000,34.1,-196000000,184.46,96.76
2025-12-28,VLO,4.81,116552999000.0,34.1,None,0.759,77.88,170000000,None,436000000,436000000,-1522000000,-529000000,-539000000,None,568000000,None,None,None,6000000,588000000,None,74599000000,74599000000,5563000000,None,None,3564000000,None,None,875000000,669000000,4.46,0.0271,367000000,367000000,None,2.096,0.61,5268000000,6143000000,3.05,2023-06-30,13.64,4926000000,7184000000.0,7562200000,5287000000,1697000000,298000000,298000000,None,0,None,4039000000,None,None,5156000000,None,None,2122000000,None,None,None,0.0553,1512000000,2103200000,5459000000,237000000,1590000000,None,None,None,None,None,None,None,3.054,2.112,0.437,None,None,None,None,None,-942000000,None,0.0128,None,17856000000,2025-10-23,quarterly,3.66,USD,pre-market,None,6673000000,0.0359,0.0524,-0.032,373.27,458000000,5378000000,222000000,30000000,146.48,171.2,20.0,32728000000,8276000000,7305000000,17678000000,24452000000,10373000000,82161200000,15050000000,34.1,-196000000,184.46,96.76
2025-12-28,VLO,4.81,116552999000.0,34.1,None,0.759,77.88,265000000,None,436000000,436000000,-1998000000,-549000000,623000000,None,-641000000,None,None,None,6000000,588000000,None,74599000000,74599000000,5563000000,None,None,3564000000,None,None,875000000,660000000,4.46,0.0271,379000000,379000000,None,2.096,0.61,5268000000,6143000000,3.05,2023-03-31,13.64,4926000000,7184000000.0,7562200000,5287000000,1697000000,298000000,298000000,None,0,None,4039000000,None,None,5156000000,None,None,3146000000,None,None,None,0.0553,3170000000,2103200000,5459000000,237000000,1590000000,None,None,None,None,None,None,None,3.054,2.112,0.437,None,None,None,None,None,-1451000000,None,0.0128,None,17856000000,2025-10-23,quarterly,3.66,USD,pre-market,None,6673000000,0.0359,0.0524,-0.032,373.27,458000000,5378000000,222000000,30000000,146.48,171.2,20.0,32728000000,8276000000,7305000000,17678000000,24452000000,10373000000,82161200000,15050000000,34.1,-196000000,184.46,96.76
2025-12-28,VLO,4.81,116552999000.0,34.1,None,0.759,77.88,417000000,None,436000000,436000000,-2580000000,-2805000000,781000000,None,31000000,None,None,None,6000000,588000000,None,74599000000,74599000000,5563000000,None,None,3564000000,None,None,875000000,633000000,4.46,0.0271,376000000,376000000,None,2.096,0.61,5268000000,6143000000,3.05,2022-12-31,13.64,4926000000,7184000000.0,7562200000,5287000000,1697000000,298000000,298000000,None,0,None,4039000000,None,None,5156000000,None,None,3232000000,None,None,None,0.0553,4096000000,2103200000,5459000000,237000000,1590000000,None,None,None,None,None,None,None,3.054,2.112,0.437,None,None,None,None,None,-1808000000,None,0.0128,None,17856000000,2025-10-23,quarterly,3.66,USD,pre-market,None,6673000000,0.0359,0.0524,-0.032,373.27,458000000,5378000000,222000000,30000000,146.48,171.2,20.0,32728000000,8276000000,7305000000,17678000000,24452000000,10373000000,82161200000,15050000000,34.1,-196000000,184.46,96.76
2025-12-28,VLO,4.81,116552999000.0,34.1,None,0.759,77.88,463000000,None,436000000,436000000,-2627000000,-610000000,-1192000000,None,353000000,None,None,None,6000000,588000000,None,74599000000,74599000000,5563000000,None,None,3564000000,None,None,875000000,632000000,4.46,0.0271,386000000,386000000,None,2.096,0.61,5268000000,6143000000,3.05,2022-09-30,13.64,4926000000,7184000000.0,7562200000,5287000000,1697000000,298000000,298000000,None,0,None,4039000000,None,None,5156000000,None,None,2912000000,None,None,None,0.0553,2045000000,2103200000,5459000000,237000000,1590000000,None,None,None,None,None,None,None,3.054,2.112,0.437,None,None,None,None,None,-877000000,None,0.0128,None,17856000000,2025-10-23,quarterly,3.66,USD,pre-market,None,6673000000,0.0359,0.0524,-0.032,373.27,458000000,5378000000,222000000,30000000,146.48,171.2,20.0,32728000000,8276000000,7305000000,17678000000,24452000000,10373000000,82161200000,15050000000,34.1,-196000000,184.46,96.76
2025-12-28,VLO,4.81,116552999000.0,34.1,None,0.759,77.88,417000000,None,436000000,436000000,-2414000000,-619000000,2812000000,None,-116000000,None,None,None,6000000,588000000,None,74599000000,74599000000,5563000000,None,None,3564000000,None,None,875000000,602000000,4.46,0.0271,399000000,399000000,None,2.096,0.61,5268000000,6143000000,3.05,2022-06-30,13.64,4926000000,7184000000.0,7562200000,5287000000,1697000000,298000000,298000000,None,0,None,4039000000,None,None,5156000000,None,None,4768000000,None,None,None,0.0553,5845000000,2103200000,5459000000,237000000,1590000000,None,None,None,None,None,None,None,3.054,2.112,0.437,None,None,None,None,None,-1748000000,None,0.0128,None,17856000000,2025-10-23,quarterly,3.66,USD,pre-market,None,6673000000,0.0359,0.0524,-0.032,373.27,458000000,5378000000,222000000,30000000,146.48,171.2,20.0,32728000000,8276000000,7305000000,17678000000,24452000000,10373000000,82161200000,15050000000,34.1,-196000000,184.46,96.76
2025-12-28,VLO,4.81,116552999000.0,34.1,None,0.759,77.88,384000000,None,436000000,436000000,-1228000000,-841000000,-1481000000,None,-940000000,None,None,None,6000000,588000000,None,74599000000,74599000000,5563000000,None,None,3564000000,None,None,875000000,606000000,4.46,0.0271,401000000,401000000,None,2.096,0.61,5268000000,6143000000,3.05,2022-03-31,13.64,4926000000,7184000000.0,7562200000,5287000000,1697000000,298000000,298000000,None,0,None,4039000000,None,None,5156000000,None,None,967000000,None,None,None,0.0553,588000000,2103200000,5459000000,237000000,1590000000,None,None,None,None,None,None,None,3.054,2.112,0.437,None,None,None,None,None,-144000000,None,0.0128,None,17856000000,2025-10-23,quarterly,3.66,USD,pre-market,None,6673000000,0.0359,0.0524,-0.032,373.27,458000000,5378000000,222000000,30000000,146.48,171.2,20.0,32728000000,8276000000,7305000000,17678000000,24452000000,10373000000,82161200000,15050000000,34.1,-196000000,184.46,96.76
2025-12-28,VLO,4.81,116552999000.0,34.1,None,0.759,77.88,508000000,None,436000000,436000000,-1107000000,-747000000,600000000,None,-21000000,None,None,None,6000000,588000000,None,74599000000,74599000000,5563000000,None,None,3564000000,None,None,875000000,598000000,4.46,0.0271,401000000,401000000,None,2.096,0.61,5268000000,6143000000,3.05,2021-12-31,13.64,4926000000,7184000000.0,7562200000,5287000000,1697000000,298000000,298000000,None,0,None,4039000000,None,None,5156000000,None,None,1009000000,None,None,None,0.0553,2454000000,2103200000,5459000000,237000000,1590000000,None,None,None,None,None,None,None,3.054,2.112,0.437,None,None,None,None,None,-12000000,None,0.0128,None,17856000000,2025-10-23,quarterly,3.66,USD,pre-market,None,6673000000,0.0359,0.0524,-0.032,373.27,458000000,5378000000,222000000,30000000,146.48,171.2,20.0,32728000000,8276000000,7305000000,17678000000,24452000000,10373000000,82161200000,15050000000,34.1,-196000000,184.46,96.76
2025-12-28,VLO,4.81,116552999000.0,34.1,None,0.759,77.88,463000000,None,436000000,436000000,-873000000,-576000000,None,None,-185000000,None,None,None,6000000,588000000,None,74599000000,74599000000,5563000000,None,None,3564000000,None,None,875000000,641000000,4.46,0.0271,400000000,400000000,None,2.096,0.61,5268000000,6143000000,3.05,2021-09-30,13.64,4926000000,7184000000.0,7562200000,5287000000,1697000000,298000000,298000000,None,0,None,4039000000,None,None,5156000000,None,None,463000000,None,None,None,0.0553,1449000000,2103200000,5459000000,237000000,1590000000,None,None,None,None,None,None,None,3.054,2.112,0.437,None,None,None,None,None,-15000000,None,0.0128,None,17856000000,2025-10-23,quarterly,3.66,USD,pre-market,None,6673000000,0.0359,0.0524,-0.032,373.27,458000000,5378000000,222000000,30000000,146.48,171.2,20.0,32728000000,8276000000,7305000000,17678000000,24452000000,10373000000,82161200000,15050000000,34.1,-196000000,184.46,96.76
2025-12-28,VLO,4.81,116552999000.0,34.1,None,0.759,77.88,355000000,None,436000000,436000000,-427000000,-256000000,1325000000,None,-222000000,None,None,None,6000000,588000000,None,74599000000,74599000000,5563000000,None,None,3564000000,None,None,875000000,588000000,4.46,0.0271,401000000,401000000,None,2.096,0.61,5268000000,6143000000,3.05,2021-06-30,13.64,4926000000,7184000000.0,7562200000,5287000000,1697000000,298000000,298000000,None,0,None,4039000000,None,None,5156000000,None,None,292000000,None,None,None,0.0553,2008000000,2103200000,5459000000,237000000,1590000000,None,None,None,None,None,None,None,3.054,2.112,0.437,None,None,None,None,None,-1000000,None,0.0128,None,17856000000,2025-10-23,quarterly,3.66,USD,pre-market,None,6673000000,0.0359,0.0524,-0.032,373.27,458000000,5378000000,222000000,30000000,146.48,171.2,20.0,32728000000,8276000000,7305000000,17678000000,24452000000,10373000000,82161200000,15050000000,34.1,-196000000,184.46,96.76
2025-12-28,VLO,4.81,116552999000.0,34.1,None,0.759,77.88,339000000,None,436000000,436000000,-439000000,-580000000,-1071000000,None,175000000,None,None,None,6000000,588000000,None,74599000000,74599000000,5563000000,None,None,3564000000,None,None,875000000,578000000,4.46,0.0271,400000000,400000000,None,2.096,0.61,5268000000,6143000000,3.05,2021-03-31,13.64,4926000000,7184000000.0,7562200000,5287000000,1697000000,298000000,298000000,None,0,None,4039000000,None,None,5156000000,None,None,-622000000,None,None,None,0.0553,-52000000,2103200000,5459000000,237000000,1590000000,None,None,None,None,None,None,None,3.054,2.112,0.437,None,None,None,None,None,-14000000,None,0.0128,None,17856000000,2025-10-23,quarterly,3.66,USD,pre-market,None,6673000000,0.0359,0.0524,-0.032,373.27,458000000,5378000000,222000000,30000000,146.48,171.2,20.0,32728000000,8276000000,7305000000,17678000000,24452000000,10373000000,82161200000,15050000000,34.1,-196000000,184.46,96.76
2025-12-28,VLO,4.81,116552999000.0,34.1,None,0.759,77.88,506000000,None,436000000,436000000,-393000000,-573000000,-870000000,None,-570000000,None,None,None,6000000,588000000,None,74599000000,74599000000,5563000000,None,None,3564000000,None,None,875000000,577000000,4.46,0.0271,400000000,400000000,None,2.096,0.61,5268000000,6143000000,3.05,2020-12-31,13.64,4926000000,7184000000.0,7562200000,5287000000,1697000000,298000000,298000000,None,0,None,4039000000,None,None,5156000000,None,None,-309000000,None,None,None,0.0553,96000000,2103200000,5459000000,237000000,1590000000,None,None,None,None,None,None,None,3.054,2.112,0.437,None,None,None,None,None,-9000000,None,0.0128,None,17856000000,2025-10-23,quarterly,3.66,USD,pre-market,None,6673000000,0.0359,0.0524,-0.032,373.27,458000000,5378000000,222000000,30000000,146.48,171.2,20.0,32728000000,8276000000,7305000000,17678000000,24452000000,10373000000,82161200000,15050000000,34.1,-196000000,184.46,96.76
2025-12-28,VLO,4.81,116552999000.0,34.1,None,0.759,77.88,407000000,None,436000000,436000000,2035000000,-513000000,1687000000,None,441000000,None,None,None,6000000,588000000,None,74599000000,74599000000,5563000000,None,None,3564000000,None,None,875000000,614000000,4.46,0.0271,399000000,399000000,None,2.096,0.61,5268000000,6143000000,3.05,2020-09-30,13.64,4926000000,7184000000.0,7562200000,5287000000,1697000000,298000000,298000000,None,0,None,4039000000,None,None,5156000000,None,None,-379000000,None,None,None,0.0553,165000000,2103200000,5459000000,237000000,1590000000,None,None,None,None,None,None,None,3.054,2.112,0.437,None,None,None,None,None,-147000000,None,0.0128,None,17856000000,2025-10-23,quarterly,3.66,USD,pre-market,None,6673000000,0.0359,0.0524,-0.032,373.27,458000000,5378000000,222000000,30000000,146.48,171.2,20.0,32728000000,8276000000,7305000000,17678000000,24452000000,10373000000,82161200000,15050000000,34.1,-196000000,184.46,96.76
2025-12-28,VLO,4.81,116552999000.0,34.1,None,0.759,77.88,440000000,None,436000000,436000000,630000000,-582000000,784000000,None,509000000,None,None,None,6000000,588000000,None,74599000000,74599000000,5563000000,None,None,3564000000,None,None,875000000,578000000,4.46,0.0271,400000000,400000000,None,2.096,0.61,5268000000,6143000000,3.05,2020-06-30,13.64,4926000000,7184000000.0,7562200000,5287000000,1697000000,298000000,298000000,None,0,None,4039000000,None,None,5156000000,None,None,1335000000,None,None,None,0.0553,736000000,2103200000,5459000000,237000000,1590000000,None,None,None,None,None,None,None,3.054,2.112,0.437,None,None,None,None,None,-147000000,None,0.0128,None,17856000000,2025-10-23,quarterly,3.66,USD,pre-market,None,6673000000,0.0359,0.0524,-0.032,373.27,458000000,5378000000,222000000,30000000,146.48,171.2,20.0,32728000000,8276000000,7305000000,17678000000,24452000000,10373000000,82161200000,15050000000,34.1,-196000000,184.46,96.76
2025-12-28,VLO,4.81,116552999000.0,34.1,None,0.759,77.88,435000000,None,436000000,436000000,-195000000,-757000000,-1001000000,None,627000000,None,None,None,6000000,588000000,None,74599000000,74599000000,5563000000,None,None,3564000000,None,None,875000000,582000000,4.46,0.0271,401000000,401000000,None,2.096,0.61,5268000000,6143000000,3.05,2020-03-31,13.64,4926000000,7184000000.0,7562200000,5287000000,1697000000,298000000,298000000,None,0,None,4039000000,None,None,5156000000,None,None,-1754000000,None,None,None,0.0553,-49000000,2103200000,5459000000,237000000,1590000000,None,None,None,None,None,None,None,3.054,2.112,0.437,None,None,None,None,None,-147000000,None,0.0128,None,17856000000,2025-10-23,quarterly,3.66,USD,pre-market,None,6673000000,0.0359,0.0524,-0.032,373.27,458000000,5378000000,222000000,30000000,146.48,171.2,20.0,32728000000,8276000000,7305000000,17678000000,24452000000,10373000000,82161200000,15050000000,34.1,-196000000,184.46,96.76
2025-12-28,VLO,4.81,116552999000.0,34.1,None,0.759,77.88,588000000,None,436000000,436000000,-523000000,-811000000,374000000,None,-511000000,None,None,None,6000000,588000000,None,74599000000,74599000000,5563000000,None,None,3564000000,None,None,875000000,571000000,4.46,0.0271,369000000,369000000,None,2.096,0.61,5268000000,6143000000,3.05,2019-12-31,13.64,4926000000,7184000000.0,7562200000,5287000000,1697000000,298000000,298000000,None,0,None,4039000000,None,None,5156000000,None,None,1060000000,None,None,None,0.0553,1708000000,2103200000,5459000000,237000000,1590000000,None,None,None,None,None,None,None,3.054,2.112,0.437,None,None,None,None,None,-222000000,None,0.0128,None,17856000000,2025-10-23,quarterly,3.66,USD,pre-market,None,6673000000,0.0359,0.0524,-0.032,373.27,458000000,5378000000,222000000,30000000,146.48,171.2,20.0,32728000000,8276000000,7305000000,17678000000,24452000000,10373000000,82161200000,15050000000,34.1,-196000000,184.46,96.76
2025-12-28,VLO,4.81,116552999000.0,34.1,None,0.759,77.88,435000000,None,436000000,436000000,-649000000,-635000000,145000000,None,-152000000,None,None,None,6000000,588000000,None,74599000000,74599000000,5563000000,None,None,3564000000,None,None,875000000,567000000,4.46,0.0271,372000000,372000000,None,2.096,0.61,5268000000,6143000000,3.05,2019-09-30,13.64,4926000000,7184000000.0,7562200000,5287000000,1697000000,298000000,298000000,None,0,None,4039000000,None,None,5156000000,None,None,609000000,None,None,None,0.0553,1429000000,2103200000,5459000000,237000000,1590000000,None,None,None,None,None,None,None,3.054,2.112,0.437,None,None,None,None,None,-307000000,None,0.0128,None,17856000000,2025-10-23,quarterly,3.66,USD,pre-market,None,6673000000,0.0359,0.0524,-0.032,373.27,458000000,5378000000,222000000,30000000,146.48,171.2,20.0,32728000000,8276000000,7305000000,17678000000,24452000000,10373000000,82161200000,15050000000,34.1,-196000000,184.46,96.76
2025-12-28,VLO,4.81,116552999000.0,34.1,None,0.759,77.88,511000000,None,436000000,436000000,-1447000000,-808000000,-738000000,None,250000000,None,None,None,6000000,588000000,None,74599000000,74599000000,5563000000,None,None,3564000000,None,None,875000000,566000000,4.46,0.0271,376000000,376000000,None,2.096,0.61,5268000000,6143000000,3.05,2019-06-30,13.64,4926000000,7184000000.0,7562200000,5287000000,1697000000,298000000,298000000,None,0,None,4039000000,None,None,5156000000,None,None,648000000,None,None,None,0.0553,1517000000,2103200000,5459000000,237000000,1590000000,None,None,None,None,None,None,None,3.054,2.112,0.437,None,None,None,None,None,-212000000,None,0.0128,None,17856000000,2025-10-23,quarterly,3.66,USD,pre-market,None,6673000000,0.0359,0.0524,-0.032,373.27,458000000,5378000000,222000000,30000000,146.48,171.2,20.0,32728000000,8276000000,7305000000,17678000000,24452000000,10373000000,82161200000,15050000000,34.1,-196000000,184.46,96.76
2025-12-28,VLO,4.81,116552999000.0,34.1,None,0.759,77.88,463000000,None,436000000,436000000,-378000000,-747000000,-248000000,None,28000000,None,None,None,6000000,588000000,None,74599000000,74599000000,5563000000,None,None,3564000000,None,None,875000000,551000000,4.46,0.0271,375000000,375000000,None,2.096,0.61,5268000000,6143000000,3.05,2019-03-31,13.64,4926000000,7184000000.0,7562200000,5287000000,1697000000,298000000,298000000,None,0,None,4039000000,None,None,5156000000,None,None,167000000,None,None,None,0.0553,877000000,2103200000,5459000000,237000000,1590000000,None,None,None,None,None,None,None,3.054,2.112,0.437,None,None,None,None,None,-986000000,None,0.0128,None,17856000000,2025-10-23,quarterly,3.66,USD,pre-market,None,6673000000,0.0359,0.0524,-0.032,373.27,458000000,5378000000,222000000,30000000,146.48,171.2,20.0,32728000000,8276000000,7305000000,17678000000,24452000000,10373000000,82161200000,15050000000,34.1,-196000000,184.46,96.76
2025-12-28,VLO,4.81,116552999000.0,34.1,None,0.759,77.88,815000000,None,436000000,436000000,-987000000,-1160000000,-569000000,-100000000,937000000,None,None,None,6000000,588000000,None,74599000000,74599000000,5563000000,None,None,3564000000,None,None,875000000,531000000,4.46,0.0271,338000000,338000000,None,2.096,0.61,5268000000,6143000000,3.05,2018-12-31,13.64,4926000000,7184000000.0,7562200000,5287000000,1697000000,298000000,298000000,None,0,None,4039000000,None,None,5156000000,None,None,952000000,None,None,None,0.0553,1678000000,2103200000,5459000000,237000000,1590000000,None,None,None,None,None,None,None,3.054,2.112,0.437,None,None,None,None,None,-627000000,None,0.0128,None,17856000000,2025-10-23,quarterly,3.66,USD,pre-market,None,6673000000,0.0359,0.0524,-0.032,373.27,458000000,5378000000,222000000,30000000,146.48,171.2,20.0,32728000000,8276000000,7305000000,17678000000,24452000000,10373000000,82161200000,15050000000,34.1,-196000000,184.46,96.76
2025-12-28,VLO,4.81,116552999000.0,34.1,None,0.759,77.88,439000000,None,436000000,436000000,-779000000,-636000000,-900000000,19000000,-1088000000,None,None,None,6000000,588000000,None,74599000000,74599000000,5563000000,None,None,3564000000,None,None,875000000,517000000,4.46,0.0271,341000000,341000000,None,2.096,0.61,5268000000,6143000000,3.05,2018-09-30,13.64,4926000000,7184000000.0,7562200000,5287000000,1697000000,298000000,298000000,None,0,None,4039000000,None,None,5156000000,None,None,856000000,None,None,None,0.0553,496000000,2103200000,5459000000,237000000,1590000000,None,None,None,None,None,None,None,3.054,2.112,0.437,None,None,None,None,None,-434000000,None,0.0128,None,17856000000,2025-10-23,quarterly,3.66,USD,pre-market,None,6673000000,0.0359,0.0524,-0.032,373.27,458000000,5378000000,222000000,30000000,146.48,171.2,20.0,32728000000,8276000000,7305000000,17678000000,24452000000,10373000000,82161200000,15050000000,34.1,-196000000,184.46,96.76
2025-12-28,VLO,4.81,116552999000.0,34.1,None,0.759,77.88,434000000,None,436000000,436000000,-829000000,-1380000000,-207000000,-57000000,80000000,None,None,None,6000000,588000000,None,74599000000,74599000000,5563000000,None,None,3564000000,None,None,875000000,523000000,4.46,0.0271,345000000,345000000,None,2.096,0.61,5268000000,6143000000,3.05,2018-06-30,13.64,4926000000,7184000000.0,7562200000,5287000000,1697000000,298000000,298000000,None,0,None,4039000000,None,None,5156000000,None,None,845000000,None,None,None,0.0553,2059000000,2103200000,5459000000,237000000,1590000000,None,None,None,None,None,None,None,3.054,2.112,0.437,None,None,None,None,None,-327000000,None,0.0128,None,17856000000,2025-10-23,quarterly,3.66,USD,pre-market,None,6673000000,0.0359,0.0524,-0.032,373.27,458000000,5378000000,222000000,30000000,146.48,171.2,20.0,32728000000,8276000000,7305000000,17678000000,24452000000,10373000000,82161200000,15050000000,34.1,-196000000,184.46,96.76
2025-12-28,VLO,4.81,116552999000.0,34.1,None,0.759,77.88,384000000,None,436000000,436000000,-573000000,-752000000,-1192000000,-5000000,-126000000,None,None,None,6000000,588000000,None,74599000000,74599000000,5563000000,None,None,3564000000,None,None,875000000,498000000,4.46,0.0271,345000000,345000000,None,2.096,0.61,5268000000,6143000000,3.05,2018-03-31,13.64,4926000000,7184000000.0,7562200000,5287000000,1697000000,298000000,298000000,None,0,None,4039000000,None,None,5156000000,None,None,582000000,None,None,None,0.0553,138000000,2103200000,5459000000,237000000,1590000000,None,None,None,None,None,None,None,3.054,2.112,0.437,None,None,None,None,None,-320000000,None,0.0128,None,17856000000,2025-10-23,quarterly,3.66,USD,pre-market,None,6673000000,0.0359,0.0524,-0.032,373.27,458000000,5378000000,222000000,30000000,146.48,171.2,20.0,32728000000,8276000000,7305000000,17678000000,24452000000,10373000000,82161200000,15050000000,34.1,-196000000,184.46,96.76
2025-12-28,VLO,4.81,116552999000.0,34.1,None,0.759,77.88,466000000,None,436000000,436000000,-329000000,-642000000,674000000,-15000000,-231000000,None,None,None,6000000,588000000,None,74599000000,74599000000,5563000000,None,None,3564000000,None,None,875000000,490000000,4.46,0.0271,306000000,306000000,None,2.096,0.61,5268000000,6143000000,3.05,2017-12-31,13.64,4926000000,7184000000.0,7562200000,5287000000,1697000000,298000000,298000000,None,0,None,4039000000,None,None,5156000000,None,None,2371000000,None,None,None,0.0553,1660000000,2103200000,5459000000,237000000,1590000000,None,None,None,None,None,None,None,3.054,2.112,0.437,None,None,None,None,None,-421000000,None,0.0128,None,17856000000,2025-10-23,quarterly,3.66,USD,pre-market,None,6673000000,0.0359,0.0524,-0.032,373.27,458000000,5378000000,222000000,30000000,146.48,171.2,20.0,32728000000,8276000000,7305000000,17678000000,24452000000,10373000000,82161200000,15050000000,34.1,-196000000,184.46,96.76
2025-12-28,VLO,4.81,116552999000.0,34.1,None,0.759,77.88,341000000,None,436000000,436000000,-615000000,-566000000,-31000000,113000000,-408000000,None,None,None,6000000,588000000,None,74599000000,74599000000,5563000000,None,None,3564000000,None,None,875000000,497000000,4.46,0.0271,309000000,309000000,None,2.096,0.61,5268000000,6143000000,3.05,2017-09-30,13.64,4926000000,7184000000.0,7562200000,5287000000,1697000000,298000000,298000000,None,0,None,4039000000,None,None,5156000000,None,None,863000000,None,None,None,0.0553,1037000000,2103200000,5459000000,237000000,1590000000,None,None,None,None,None,None,None,3.054,2.112,0.437,None,None,None,None,None,-291000000,None,0.0128,None,17856000000,2025-10-23,quarterly,3.66,USD,pre-market,None,6673000000,0.0359,0.0524,-0.032,373.27,458000000,5378000000,222000000,30000000,146.48,171.2,20.0,32728000000,8276000000,7305000000,17678000000,24452000000,10373000000,82161200000,15050000000,34.1,-196000000,184.46,96.76
2025-12-28,VLO,4.81,116552999000.0,34.1,None,0.759,77.88,293000000,None,436000000,436000000,-676000000,-460000000,744000000,83000000,414000000,None,None,None,6000000,588000000,None,74599000000,74599000000,5563000000,None,None,3564000000,None,None,875000000,499000000,4.46,0.0271,312000000,312000000,None,2.096,0.61,5268000000,6143000000,3.05,2017-06-30,13.64,4926000000,7184000000.0,7562200000,5287000000,1697000000,298000000,298000000,None,0,None,4039000000,None,None,5156000000,None,None,572000000,None,None,None,0.0553,1797000000,2103200000,5459000000,237000000,1590000000,None,None,None,None,None,None,None,3.054,2.112,0.437,None,None,None,None,None,-346000000,None,0.0128,None,17856000000,2025-10-23,quarterly,3.66,USD,pre-market,None,6673000000,0.0359,0.0524,-0.032,373.27,458000000,5378000000,222000000,30000000,146.48,171.2,20.0,32728000000,8276000000,7305000000,17678000000,24452000000,10373000000,82161200000,15050000000,34.1,-196000000,184.46,96.76
2025-12-28,VLO,4.81,116552999000.0,34.1,None,0.759,77.88,279000000,None,436000000,436000000,-652000000,-714000000,-353000000,25000000,-291000000,None,None,None,6000000,588000000,None,74599000000,74599000000,5563000000,None,None,3564000000,None,None,875000000,500000000,4.46,0.0271,315000000,315000000,None,2.096,0.61,5268000000,6143000000,3.05,2017-03-31,13.64,4926000000,7184000000.0,7562200000,5287000000,1697000000,298000000,298000000,None,0,None,4039000000,None,None,5156000000,None,None,321000000,None,None,None,0.0553,988000000,2103200000,5459000000,237000000,1590000000,None,None,None,None,None,None,None,3.054,2.112,0.437,None,None,None,None,None,-314000000,None,0.0128,None,17856000000,2025-10-23,quarterly,3.66,USD,pre-market,None,6673000000,0.0359,0.0524,-0.032,373.27,458000000,5378000000,222000000,30000000,146.48,171.2,20.0,32728000000,8276000000,7305000000,17678000000,24452000000,10373000000,82161200000,15050000000,34.1,-196000000,184.46,96.76
2025-12-28,VLO,4.81,116552999000.0,34.1,None,0.759,77.88,366000000,None,436000000,436000000,-1433000000,-622000000,-1133000000,-76000000,214000000,None,None,None,6000000,588000000,None,74599000000,74599000000,5563000000,None,None,3564000000,None,None,875000000,468000000,4.46,0.0271,271000000,271000000,None,2.096,0.61,5268000000,6143000000,3.05,2016-12-31,13.64,4926000000,7184000000.0,7562200000,5287000000,1697000000,298000000,298000000,None,0,None,4039000000,None,None,5156000000,None,None,367000000,None,None,None,0.0553,998000000,2103200000,5459000000,237000000,1590000000,None,None,None,None,None,None,None,3.054,2.112,0.437,None,None,None,None,None,-169000000,None,0.0128,None,17856000000,2025-10-23,quarterly,3.66,USD,pre-market,None,6673000000,0.0359,0.0524,-0.032,373.27,458000000,5378000000,222000000,30000000,146.48,171.2,20.0,32728000000,8276000000,7305000000,17678000000,24452000000,10373000000,82161200000,15050000000,34.1,-196000000,184.46,96.76
2025-12-28,VLO,4.81,116552999000.0,34.1,None,0.759,77.88,302000000,None,436000000,436000000,658000000,-453000000,1024000000,-44000000,135000000,None,None,None,6000000,588000000,None,74599000000,74599000000,5563000000,None,None,3564000000,None,None,875000000,470000000,4.46,0.0271,276000000,276000000,None,2.096,0.61,5268000000,6143000000,3.05,2016-09-30,13.64,4926000000,7184000000.0,7562200000,5287000000,1697000000,298000000,298000000,None,0,None,4039000000,None,None,5156000000,None,None,645000000,None,None,None,0.0553,863000000,2103200000,5459000000,237000000,1590000000,None,None,None,None,None,None,None,3.054,2.112,0.437,None,None,None,None,None,-502000000,None,0.0128,None,17856000000,2025-10-23,quarterly,3.66,USD,pre-market,None,6673000000,0.0359,0.0524,-0.032,373.27,458000000,5378000000,222000000,30000000,146.48,171.2,20.0,32728000000,8276000000,7305000000,17678000000,24452000000,10373000000,82161200000,15050000000,34.1,-196000000,184.46,96.76
2025-12-28,VLO,4.81,116552999000.0,34.1,None,0.759,77.88,294000000,None,436000000,436000000,-693000000,-450000000,1147000000,-29000000,275000000,None,None,None,6000000,588000000,None,74599000000,74599000000,5563000000,None,None,3564000000,None,None,875000000,471000000,4.46,0.0271,282000000,282000000,None,2.096,0.61,5268000000,6143000000,3.05,2016-06-30,13.64,4926000000,7184000000.0,7562200000,5287000000,1697000000,298000000,298000000,None,0,None,4039000000,None,None,5156000000,None,None,814000000,None,None,None,0.0553,2319000000,2103200000,5459000000,237000000,1590000000,None,None,None,None,None,None,None,3.054,2.112,0.437,None,None,None,None,None,-400000000,None,0.0128,None,17856000000,2025-10-23,quarterly,3.66,USD,pre-market,None,6673000000,0.0359,0.0524,-0.032,373.27,458000000,5378000000,222000000,30000000,146.48,171.2,20.0,32728000000,8276000000,7305000000,17678000000,24452000000,10373000000,82161200000,15050000000,34.1,-196000000,184.46,96.76
2025-12-28,VLO,4.81,116552999000.0,34.1,None,0.759,77.88,316000000,None,436000000,436000000,-544000000,-481000000,-336000000,49000000,147000000,None,None,None,6000000,588000000,None,74599000000,74599000000,5563000000,None,None,3564000000,None,None,875000000,485000000,4.46,0.0271,282000000,282000000,None,2.096,0.61,5268000000,6143000000,3.05,2016-03-31,13.64,4926000000,7184000000.0,7562200000,5287000000,1697000000,298000000,298000000,None,0,None,4039000000,None,None,5156000000,None,None,495000000,None,None,None,0.0553,640000000,2103200000,5459000000,237000000,1590000000,None,None,None,None,None,None,None,3.054,2.112,0.437,None,None,None,None,None,-265000000,None,0.0128,None,17856000000,2025-10-23,quarterly,3.66,USD,pre-market,None,6673000000,0.0359,0.0524,-0.032,373.27,458000000,5378000000,222000000,30000000,146.48,171.2,20.0,32728000000,8276000000,7305000000,17678000000,24452000000,10373000000,82161200000,15050000000,34.1,-196000000,184.46,96.76
2025-12-28,VLO,4.81,116552999000.0,34.1,None,0.759,77.88,432000000,None,436000000,436000000,-818000000,-808000000,-1187000000,-48000000,790000000,None,None,None,6000000,588000000,None,74599000000,74599000000,5563000000,None,None,3564000000,None,None,875000000,494000000,4.46,0.0271,240000000,240000000,None,2.096,0.61,5268000000,6143000000,3.05,2015-12-31,13.64,4926000000,7184000000.0,7562200000,5287000000,1697000000,298000000,298000000,None,0,None,4039000000,None,None,5156000000,None,None,298000000,None,None,None,0.0553,487000000,2103200000,5459000000,237000000,1590000000,None,None,None,None,None,None,None,3.054,2.112,0.437,None,None,None,None,None,-767000000,None,0.0128,None,17856000000,2025-10-23,quarterly,3.66,USD,pre-market,None,6673000000,0.0359,0.0524,-0.032,373.27,458000000,5378000000,222000000,30000000,146.48,171.2,20.0,32728000000,8276000000,7305000000,17678000000,24452000000,10373000000,82161200000,15050000000,34.1,-196000000,184.46,96.76
2025-12-28,VLO,4.81,116552999000.0,34.1,None,0.759,77.88,358000000,None,436000000,436000000,-1295000000,-465000000,-463000000,-65000000,-26000000,None,None,None,6000000,588000000,None,74599000000,74599000000,5563000000,None,None,3564000000,None,None,875000000,482000000,4.46,0.0271,199000000,199000000,None,2.096,0.61,5268000000,6143000000,3.05,2015-09-30,13.64,4926000000,7184000000.0,7562200000,5287000000,1697000000,298000000,298000000,None,0,None,4039000000,None,None,5156000000,None,None,1373000000,None,None,None,0.0553,1362000000,2103200000,5459000000,237000000,1590000000,None,None,None,None,None,None,None,3.054,2.112,0.437,None,None,None,None,None,-1079000000,None,0.0128,None,17856000000,2025-10-23,quarterly,3.66,USD,pre-market,None,6673000000,0.0359,0.0524,-0.032,373.27,458000000,5378000000,222000000,30000000,146.48,171.2,20.0,32728000000,8276000000,7305000000,17678000000,24452000000,10373000000,82161200000,15050000000,34.1,-196000000,184.46,96.76
2025-12-28,VLO,4.81,116552999000.0,34.1,None,0.759,77.88,370000000,None,436000000,436000000,-958000000,-501000000,894000000,24000000,147000000,None,None,None,6000000,588000000,None,74599000000,74599000000,5563000000,None,None,3564000000,None,None,875000000,425000000,4.46,0.0271,198000000,198000000,None,2.096,0.61,5268000000,6143000000,3.05,2015-06-30,13.64,4926000000,7184000000.0,7562200000,5287000000,1697000000,298000000,298000000,None,0,None,4039000000,None,None,5156000000,None,None,1365000000,None,None,None,0.0553,2329000000,2103200000,5459000000,237000000,1590000000,None,None,None,None,None,None,None,3.054,2.112,0.437,None,None,None,None,None,-667000000,None,0.0128,None,17856000000,2025-10-23,quarterly,3.66,USD,pre-market,None,6673000000,0.0359,0.0524,-0.032,373.27,458000000,5378000000,222000000,30000000,146.48,171.2,20.0,32728000000,8276000000,7305000000,17678000000,24452000000,10373000000,82161200000,15050000000,34.1,-196000000,184.46,96.76
2025-12-28,VLO,4.81,116552999000.0,34.1,None,0.759,77.88,458000000,None,436000000,436000000,526000000,-713000000,1181000000,-65000000,-166000000,None,None,None,6000000,588000000,None,74599000000,74599000000,5563000000,None,None,3564000000,None,None,875000000,441000000,4.46,0.0271,211000000,211000000,None,2.096,0.61,5268000000,6143000000,3.05,2015-03-31,13.64,4926000000,7184000000.0,7562200000,5287000000,1697000000,298000000,298000000,None,0,None,4039000000,None,None,5156000000,None,None,968000000,None,None,None,0.0553,1433000000,2103200000,5459000000,237000000,1590000000,None,None,None,None,None,None,None,3.054,2.112,0.437,None,None,None,None,None,-325000000,None,0.0128,None,17856000000,2025-10-23,quarterly,3.66,USD,pre-market,None,6673000000,0.0359,0.0524,-0.032,373.27,458000000,5378000000,222000000,30000000,146.48,171.2,20.0,32728000000,8276000000,7305000000,17678000000,24452000000,10373000000,82161200000,15050000000,34.1,-196000000,184.46,96.76
2025-12-28,VLO,4.81,116552999000.0,34.1,None,0.759,77.88,700000000,None,436000000,436000000,-614000000,-858000000,-502000000,-27000000,150000000,None,None,None,6000000,588000000,None,74599000000,74599000000,5563000000,None,None,3564000000,None,None,875000000,425000000,4.46,0.0271,147000000,147000000,None,2.096,0.61,5268000000,6143000000,3.05,2014-12-31,13.64,4926000000,7184000000.0,7562200000,5287000000,1697000000,298000000,298000000,None,0,None,4039000000,None,None,5156000000,None,None,1220000000,None,None,None,0.0553,997000000,2103200000,5459000000,237000000,1590000000,None,None,None,None,None,None,None,3.054,2.112,0.437,None,None,None,None,None,-497000000,None,0.0128,None,17856000000,2025-10-23,quarterly,3.66,USD,pre-market,None,6673000000,0.0359,0.0524,-0.032,373.27,458000000,5378000000,222000000,30000000,146.48,171.2,20.0,32728000000,8276000000,7305000000,17678000000,24452000000,10373000000,82161200000,15050000000,34.1,-196000000,184.46,96.76
2025-12-28,VLO,4.81,116552999000.0,34.1,None,0.759,77.88,499000000,None,436000000,436000000,-489000000,-620000000,711000000,-46000000,-443000000,None,None,None,6000000,588000000,None,74599000000,74599000000,5563000000,None,None,3564000000,None,None,875000000,430000000,4.46,0.0271,149000000,149000000,None,2.096,0.61,5268000000,6143000000,3.05,2014-09-30,13.64,4926000000,7184000000.0,7562200000,5287000000,1697000000,298000000,298000000,None,0,None,4039000000,None,None,5156000000,None,None,1062000000,None,None,None,0.0553,1866000000,2103200000,5459000000,237000000,1590000000,None,None,None,None,None,None,None,3.054,2.112,0.437,None,None,None,None,None,-344000000,None,0.0128,None,17856000000,2025-10-23,quarterly,3.66,USD,pre-market,None,6673000000,0.0359,0.0524,-0.032,373.27,458000000,5378000000,222000000,30000000,146.48,171.2,20.0,32728000000,8276000000,7305000000,17678000000,24452000000,10373000000,82161200000,15050000000,34.1,-196000000,184.46,96.76
2025-12-28,VLO,4.81,116552999000.0,34.1,None,0.759,77.88,566000000,None,436000000,436000000,-515000000,-808000000,-167000000,22000000,635000000,None,None,None,6000000,588000000,None,74599000000,74599000000,5563000000,None,None,3564000000,None,None,875000000,414000000,4.46,0.0271,136000000,136000000,None,2.096,0.61,5268000000,6143000000,3.05,2014-06-30,13.64,4926000000,7184000000.0,7562200000,5287000000,1697000000,298000000,298000000,None,0,None,4039000000,None,None,5156000000,None,None,593000000,None,None,None,0.0553,1134000000,2103200000,5459000000,237000000,1590000000,None,None,None,None,None,None,None,3.054,2.112,0.437,None,None,None,None,None,-229000000,None,0.0128,None,17856000000,2025-10-23,quarterly,3.66,USD,pre-market,None,6673000000,0.0359,0.0524,-0.032,373.27,458000000,5378000000,222000000,30000000,146.48,171.2,20.0,32728000000,8276000000,7305000000,17678000000,24452000000,10373000000,82161200000,15050000000,34.1,-196000000,184.46,96.76
2025-12-28,VLO,4.81,116552999000.0,34.1,None,0.759,77.88,388000000,None,436000000,436000000,-312000000,-558000000,-645000000,-19000000,-1356000000,None,None,None,6000000,588000000,None,74599000000,74599000000,5563000000,None,None,3564000000,None,None,875000000,421000000,4.46,0.0271,134000000,134000000,None,2.096,0.61,5268000000,6143000000,3.05,2014-03-31,13.64,4926000000,7184000000.0,7562200000,5287000000,1697000000,298000000,298000000,None,0,None,4039000000,None,None,5156000000,None,None,836000000,None,None,None,0.0553,244000000,2103200000,5459000000,237000000,1590000000,None,None,None,None,None,None,None,3.054,2.112,0.437,None,None,None,None,None,-226000000,None,0.0128,None,17856000000,2025-10-23,quarterly,3.66,USD,pre-market,None,6673000000,0.0359,0.0524,-0.032,373.27,458000000,5378000000,222000000,30000000,146.48,171.2,20.0,32728000000,8276000000,7305000000,17678000000,24452000000,10373000000,82161200000,15050000000,34.1,-196000000,184.46,96.76
2025-12-28,VLO,4.81,116552999000.0,34.1,None,0.759,77.88,431000000,None,436000000,436000000,395000000,-539000000,2384000000,-1000000,1322000000,None,None,None,6000000,588000000,None,74599000000,74599000000,5563000000,None,None,3564000000,None,None,875000000,437000000,4.46,0.0271,120000000,120000000,None,2.096,0.61,5268000000,6143000000,3.05,2013-12-31,13.64,4926000000,7184000000.0,7562200000,5287000000,1697000000,298000000,298000000,None,0,None,4039000000,None,None,5156000000,None,None,1287000000,None,None,None,0.0553,2529000000,2103200000,5459000000,237000000,1590000000,None,None,None,None,None,None,None,3.054,2.112,0.437,None,None,None,None,None,-339000000,None,0.0128,None,17856000000,2025-10-23,quarterly,3.66,USD,pre-market,None,6673000000,0.0359,0.0524,-0.032,373.27,458000000,5378000000,222000000,30000000,146.48,171.2,20.0,32728000000,8276000000,7305000000,17678000000,24452000000,10373000000,82161200000,15050000000,34.1,-196000000,184.46,96.76
2025-12-28,VLO,4.81,116552999000.0,34.1,None,0.759,77.88,479000000,None,436000000,436000000,-145000000,-590000000,-490000000,24000000,-511000000,None,None,None,6000000,588000000,None,74599000000,74599000000,5563000000,None,None,3564000000,None,None,875000000,448000000,4.46,0.0271,122000000,122000000,None,2.096,0.61,5268000000,6143000000,3.05,2013-09-30,13.64,4926000000,7184000000.0,7562200000,5287000000,1697000000,298000000,298000000,None,0,None,4039000000,None,None,5156000000,None,None,324000000,None,None,None,0.0553,221000000,2103200000,5459000000,237000000,1590000000,None,None,None,None,None,None,None,3.054,2.112,0.437,None,None,None,None,None,-29000000,None,0.0128,None,17856000000,2025-10-23,quarterly,3.66,USD,pre-market,None,6673000000,0.0359,0.0524,-0.032,373.27,458000000,5378000000,222000000,30000000,146.48,171.2,20.0,32728000000,8276000000,7305000000,17678000000,24452000000,10373000000,82161200000,15050000000,34.1,-196000000,184.46,96.76
2025-12-28,VLO,4.81,116552999000.0,34.1,None,0.759,77.88,634000000,None,436000000,436000000,109000000,-823000000,541000000,-10000000,250000000,None,None,None,6000000,588000000,None,74599000000,74599000000,5563000000,None,None,3564000000,None,None,875000000,405000000,4.46,0.0271,109000000,109000000,None,2.096,0.61,5268000000,6143000000,3.05,2013-06-30,13.64,4926000000,7184000000.0,7562200000,5287000000,1697000000,298000000,298000000,None,0,None,4039000000,None,None,5156000000,None,None,465000000,None,None,None,0.0553,1265000000,2103200000,5459000000,237000000,1590000000,None,None,None,None,None,None,None,3.054,2.112,0.437,None,None,None,None,None,-256000000,None,0.0128,None,17856000000,2025-10-23,quarterly,3.66,USD,pre-market,None,6673000000,0.0359,0.0524,-0.032,373.27,458000000,5378000000,222000000,30000000,146.48,171.2,20.0,32728000000,8276000000,7305000000,17678000000,24452000000,10373000000,82161200000,15050000000,34.1,-196000000,184.46,96.76
2025-12-28,VLO,4.81,116552999000.0,34.1,None,0.759,77.88,577000000,None,436000000,436000000,-522000000,-860000000,134000000,-33000000,-1074000000,None,None,None,6000000,588000000,None,74599000000,74599000000,5563000000,None,None,3564000000,None,None,875000000,430000000,4.46,0.0271,111000000,111000000,None,2.096,0.61,5268000000,6143000000,3.05,2013-03-31,13.64,4926000000,7184000000.0,7562200000,5287000000,1697000000,298000000,298000000,None,0,None,4039000000,None,None,5156000000,None,None,652000000,None,None,None,0.0553,1549000000,2103200000,5459000000,237000000,1590000000,None,None,None,None,None,None,None,3.054,2.112,0.437,None,None,None,None,None,-304000000,None,0.0128,None,17856000000,2025-10-23,quarterly,3.66,USD,pre-market,None,6673000000,0.0359,0.0524,-0.032,373.27,458000000,5378000000,222000000,30000000,146.48,171.2,20.0,32728000000,8276000000,7305000000,17678000000,24452000000,10373000000,82161200000,15050000000,34.1,-196000000,184.46,96.76
2025-12-28,VLO,4.81,116552999000.0,34.1,None,0.759,77.88,802000000,None,436000000,436000000,-188000000,-778000000,-826000000,-23000000,-166000000,None,None,None,6000000,588000000,None,74599000000,74599000000,5563000000,None,None,3564000000,None,None,875000000,402000000,4.46,0.0271,97000000,97000000,None,2.096,0.61,5268000000,6143000000,3.05,2012-12-31,13.64,4926000000,7184000000.0,7562200000,5287000000,1697000000,298000000,298000000,None,0,None,4039000000,None,None,5156000000,None,None,1009000000,None,None,None,0.0553,163000000,2103200000,5459000000,237000000,1590000000,None,None,None,None,None,None,None,3.054,2.112,0.437,None,None,None,None,None,-133000000,None,0.0128,None,17856000000,2025-10-23,quarterly,3.66,USD,pre-market,None,6673000000,0.0359,0.0524,-0.032,373.27,458000000,5378000000,222000000,30000000,146.48,171.2,20.0,32728000000,8276000000,7305000000,17678000000,24452000000,10373000000,82161200000,15050000000,34.1,-196000000,184.46,96.76
2025-12-28,VLO,4.81,116552999000.0,34.1,None,0.759,77.88,445000000,None,436000000,436000000,-54000000,-832000000,160000000,12000000,-314000000,None,None,None,6000000,588000000,None,74599000000,74599000000,5563000000,None,None,3564000000,None,None,875000000,402000000,4.46,0.0271,97000000,97000000,None,2.096,0.61,5268000000,6143000000,3.05,2012-09-30,13.64,4926000000,7184000000.0,7562200000,5287000000,1697000000,298000000,298000000,None,0,None,4039000000,None,None,5156000000,None,None,673000000,None,None,None,0.0553,2113000000,2103200000,5459000000,237000000,1590000000,None,None,None,None,None,None,None,3.054,2.112,0.437,None,None,None,None,None,-1000000,None,0.0128,None,17856000000,2025-10-23,quarterly,3.66,USD,pre-market,None,6673000000,0.0359,0.0524,-0.032,373.27,458000000,5378000000,222000000,30000000,146.48,171.2,20.0,32728000000,8276000000,7305000000,17678000000,24452000000,10373000000,82161200000,15050000000,34.1,-196000000,184.46,96.76
2025-12-28,VLO,4.81,116552999000.0,34.1,None,0.759,77.88,800000000,None,436000000,436000000,-672000000,-867000000,830000000,None,669000000,None,None,None,6000000,588000000,None,74599000000,74599000000,5563000000,None,None,3564000000,None,None,875000000,386000000,4.46,0.0271,83000000,83000000,None,2.096,0.61,5268000000,6143000000,3.05,2012-06-30,13.64,4926000000,7184000000.0,7562200000,5287000000,1697000000,298000000,298000000,None,0,None,4039000000,None,None,5156000000,None,None,830000000,None,None,None,0.0553,1290000000,2103200000,5459000000,237000000,1590000000,None,None,None,None,None,None,None,3.054,2.112,0.437,None,None,None,None,None,-41000000,None,0.0128,None,17856000000,2025-10-23,quarterly,3.66,USD,pre-market,None,6673000000,0.0359,0.0524,-0.032,373.27,458000000,5378000000,222000000,30000000,146.48,171.2,20.0,32728000000,8276000000,7305000000,17678000000,24452000000,10373000000,82161200000,15050000000,34.1,-196000000,184.46,96.76
2025-12-28,VLO,4.81,116552999000.0,34.1,None,0.759,77.88,884000000,None,436000000,436000000,-319000000,-874000000,535000000,24000000,-471000000,None,None,None,6000000,588000000,None,74599000000,74599000000,5563000000,None,None,3564000000,None,None,875000000,384000000,4.46,0.0271,83000000,83000000,None,2.096,0.61,5268000000,6143000000,3.05,2012-03-31,13.64,4926000000,7184000000.0,7562200000,5287000000,1697000000,298000000,298000000,None,0,None,4039000000,None,None,5156000000,None,None,-432000000,None,None,None,0.0553,1704000000,2103200000,5459000000,237000000,1590000000,None,None,None,None,None,None,None,3.054,2.112,0.437,None,None,None,None,None,-106000000,None,0.0128,None,17856000000,2025-10-23,quarterly,3.66,USD,pre-market,None,6673000000,0.0359,0.0524,-0.032,373.27,458000000,5378000000,222000000,30000000,146.48,171.2,20.0,32728000000,8276000000,7305000000,17678000000,24452000000,10373000000,82161200000,15050000000,34.1,-196000000,184.46,96.76
2025-12-28,VLO,4.81,116552999000.0,34.1,None,0.759,77.88,771000000,None,436000000,436000000,-64000000,-1477000000,-1805000000,26000000,-248000000,None,None,None,6000000,588000000,None,74599000000,74599000000,5563000000,None,None,3564000000,None,None,875000000,393000000,4.46,0.0271,84000000,84000000,None,2.096,0.61,5268000000,6143000000,3.05,2011-12-31,13.64,4926000000,7184000000.0,7562200000,5287000000,1697000000,298000000,298000000,None,0,None,4039000000,None,None,5156000000,None,None,45000000,None,None,None,0.0553,-290000000,2103200000,5459000000,237000000,1590000000,None,None,None,None,None,None,None,3.054,2.112,0.437,None,None,None,None,None,-79000000,None,0.0128,None,17856000000,2025-10-23,quarterly,3.66,USD,pre-market,None,6673000000,0.0359,0.0524,-0.032,373.27,458000000,5378000000,222000000,30000000,146.48,171.2,20.0,32728000000,8276000000,7305000000,17678000000,24452000000,10373000000,82161200000,15050000000,34.1,-196000000,184.46,96.76
2025-12-28,VLO,4.81,116552999000.0,34.1,None,0.759,77.88,615000000,None,436000000,436000000,-273000000,-2327000000,-1278000000,-52000000,-87000000,None,None,None,6000000,588000000,None,74599000000,74599000000,5563000000,None,None,3564000000,None,None,875000000,390000000,4.46,0.0271,28000000,28000000,None,2.096,0.61,5268000000,6143000000,3.05,2011-09-30,13.64,4926000000,7184000000.0,7562200000,5287000000,1697000000,298000000,298000000,None,0,None,4039000000,None,None,5156000000,None,None,1203000000,None,None,None,0.0553,1374000000,2103200000,5459000000,237000000,1590000000,None,None,None,None,None,None,None,3.054,2.112,0.437,None,None,None,None,None,-270000000,None,0.0128,None,17856000000,2025-10-23,quarterly,3.66,USD,pre-market,None,6673000000,0.0359,0.0524,-0.032,373.27,458000000,5378000000,222000000,30000000,146.48,171.2,20.0,32728000000,8276000000,7305000000,17678000000,24452000000,10373000000,82161200000,15050000000,34.1,-196000000,184.46,96.76
2025-12-28,VLO,4.81,116552999000.0,34.1,None,0.759,77.88,232000000,None,436000000,436000000,-217000000,-711000000,-26000000,6000000,356000000,None,None,None,6000000,588000000,None,74599000000,74599000000,5563000000,None,None,3564000000,None,None,875000000,386000000,4.46,0.0271,29000000,29000000,None,2.096,0.61,5268000000,6143000000,3.05,2011-06-30,13.64,4926000000,7184000000.0,7562200000,5287000000,1697000000,298000000,298000000,None,0,None,4039000000,None,None,5156000000,None,None,743000000,None,None,None,0.0553,896000000,2103200000,5459000000,237000000,1590000000,None,None,None,None,None,None,None,3.054,2.112,0.437,None,None,None,None,None,18000000,None,0.0128,None,17856000000,2025-10-23,quarterly,3.66,USD,pre-market,None,6673000000,0.0359,0.0524,-0.032,373.27,458000000,5378000000,222000000,30000000,146.48,171.2,20.0,32728000000,8276000000,7305000000,17678000000,24452000000,10373000000,82161200000,15050000000,34.1,-196000000,184.46,96.76
2025-12-28,VLO,4.81,116552999000.0,34.1,None,0.759,77.88,737000000,None,436000000,436000000,-512000000,-783000000,799000000,36000000,622000000,None,None,None,6000000,588000000,None,74599000000,74599000000,5563000000,None,None,3564000000,None,None,875000000,365000000,4.46,0.0271,28000000,28000000,None,2.096,0.61,5268000000,6143000000,3.05,2011-03-31,13.64,4926000000,7184000000.0,7562200000,5287000000,1697000000,298000000,298000000,None,0,None,4039000000,None,None,5156000000,None,None,98000000,None,None,None,0.0553,2058000000,2103200000,5459000000,237000000,1590000000,None,None,None,None,None,None,None,3.054,2.112,0.437,None,None,None,None,None,21000000,None,0.0128,None,17856000000,2025-10-23,quarterly,3.66,USD,pre-market,None,6673000000,0.0359,0.0524,-0.032,373.27,458000000,5378000000,222000000,30000000,146.48,171.2,20.0,32728000000,8276000000,7305000000,17678000000,24452000000,10373000000,82161200000,15050000000,34.1,-196000000,184.46,96.76
2025-12-28,VLO,4.81,116552999000.0,34.1,None,0.759,77.88,94000000,None,436000000,436000000,269000000,256000000,982000000,34000000,-486000000,None,None,None,6000000,588000000,None,74599000000,74599000000,5563000000,None,None,3564000000,None,None,875000000,377000000,4.46,0.0271,29000000,29000000,None,2.096,0.61,5268000000,6143000000,3.05,2010-12-31,13.64,4926000000,7184000000.0,7562200000,5287000000,1697000000,298000000,298000000,None,0,None,4039000000,None,None,5156000000,None,None,-438000000,None,None,None,0.0553,423000000,2103200000,5459000000,237000000,1590000000,None,None,None,None,None,None,None,3.054,2.112,0.437,None,None,None,None,None,-12000000,None,0.0128,None,17856000000,2025-10-23,quarterly,3.66,USD,pre-market,None,6673000000,0.0359,0.0524,-0.032,373.27,458000000,5378000000,222000000,30000000,146.48,171.2,20.0,32728000000,8276000000,7305000000,17678000000,24452000000,10373000000,82161200000,15050000000,34.1,-196000000,184.46,96.76
2025-12-28,VLO,4.81,116552999000.0,34.1,None,0.759,77.88,851000000,None,436000000,436000000,-28000000,-504000000,351000000,31000000,-23000000,None,None,None,6000000,588000000,None,74599000000,74599000000,5563000000,None,None,3564000000,None,None,875000000,372000000,4.46,0.0271,28000000,28000000,None,2.096,0.61,5268000000,6143000000,3.05,2010-09-30,13.64,4926000000,7184000000.0,7562200000,5287000000,1697000000,298000000,298000000,None,0,None,4039000000,None,None,5156000000,None,None,292000000,None,None,None,0.0553,852000000,2103200000,5459000000,237000000,1590000000,None,None,None,None,None,None,None,3.054,2.112,0.437,None,None,None,None,None,1244000000,None,0.0128,None,17856000000,2025-10-23,quarterly,3.66,USD,pre-market,None,6673000000,0.0359,0.0524,-0.032,373.27,458000000,5378000000,222000000,30000000,146.48,171.2,20.0,32728000000,8276000000,7305000000,17678000000,24452000000,10373000000,82161200000,15050000000,34.1,-196000000,184.46,96.76
2025-12-28,VLO,4.81,116552999000.0,34.1,None,0.759,77.88,403000000,None,436000000,436000000,-341000000,-301000000,114000000,-32000000,-66000000,None,None,None,6000000,588000000,None,74599000000,74599000000,5563000000,None,None,3564000000,None,None,875000000,367000000,4.46,0.0271,29000000,29000000,None,2.096,0.61,5268000000,6143000000,3.05,2010-06-30,13.64,4926000000,7184000000.0,7562200000,5287000000,1697000000,298000000,298000000,None,0,None,4039000000,None,None,5156000000,None,None,583000000,None,None,None,0.0553,788000000,2103200000,5459000000,237000000,1590000000,None,None,None,None,None,None,None,3.054,2.112,0.437,None,None,None,None,None,-2468000000,None,0.0128,None,17856000000,2025-10-23,quarterly,3.66,USD,pre-market,None,6673000000,0.0359,0.0524,-0.032,373.27,458000000,5378000000,222000000,30000000,146.48,171.2,20.0,32728000000,8276000000,7305000000,17678000000,24452000000,10373000000,82161200000,15050000000,34.1,-196000000,184.46,96.76
2025-12-28,VLO,4.81,116552999000.0,34.1,None,0.759,77.88,382000000,None,436000000,436000000,916000000,-856000000,1062000000,20000000,168000000,None,None,None,6000000,588000000,None,74599000000,74599000000,5563000000,None,None,3564000000,None,None,875000000,357000000,4.46,0.0271,28000000,28000000,None,2.096,0.61,5268000000,6143000000,3.05,2010-03-31,13.64,4926000000,7184000000.0,7562200000,5287000000,1697000000,298000000,298000000,None,0,None,4039000000,None,None,5156000000,None,None,-113000000,None,None,None,0.0553,982000000,2103200000,5459000000,237000000,1590000000,None,None,None,None,None,None,None,3.054,2.112,0.437,None,None,None,None,None,-1000000,None,0.0128,None,17856000000,2025-10-23,quarterly,3.66,USD,pre-market,None,6673000000,0.0359,0.0524,-0.032,373.27,458000000,5378000000,222000000,30000000,146.48,171.2,20.0,32728000000,8276000000,7305000000,17678000000,24452000000,10373000000,82161200000,15050000000,34.1,-196000000,184.46,96.76
2025-12-28,VLO,4.81,116552999000.0,34.1,None,0.759,77.88,507000000,None,436000000,436000000,-54000000,-609000000,None,None,-275000000,None,None,None,6000000,588000000,None,74599000000,74599000000,5563000000,None,None,3564000000,None,None,875000000,371000000,4.46,0.0271,85000000,85000000,None,2.096,0.61,5268000000,6143000000,3.05,2009-12-31,13.64,4926000000,7184000000.0,7562200000,5287000000,1697000000,298000000,298000000,None,0,None,4039000000,None,None,5156000000,None,None,-1408000000,None,None,None,0.0553,-117000000,2103200000,5459000000,237000000,1590000000,None,None,None,None,None,None,None,3.054,2.112,0.437,None,None,None,None,None,-4000000,None,0.0128,None,17856000000,2025-10-23,quarterly,3.66,USD,pre-market,None,6673000000,0.0359,0.0524,-0.032,373.27,458000000,5378000000,222000000,30000000,146.48,171.2,20.0,32728000000,8276000000,7305000000,17678000000,24452000000,10373000000,82161200000,15050000000,34.1,-196000000,184.46,96.76
2025-12-28,VLO,4.81,116552999000.0,34.1,None,0.759,77.88,469000000,None,436000000,436000000,-85000000,-509000000,None,None,26000000,None,None,None,6000000,588000000,None,74599000000,74599000000,5563000000,None,None,3564000000,None,None,875000000,389000000,4.46,0.0271,84000000,84000000,None,2.096,0.61,5268000000,6143000000,3.05,2009-09-30,13.64,4926000000,7184000000.0,7562200000,5287000000,1697000000,298000000,298000000,None,0,None,4039000000,None,None,5156000000,None,None,-629000000,None,None,None,0.0553,533000000,2103200000,5459000000,237000000,1590000000,None,None,None,None,None,None,None,3.054,2.112,0.437,None,None,None,None,None,-998000000,None,0.0128,None,17856000000,2025-10-23,quarterly,3.66,USD,pre-market,None,6673000000,0.0359,0.0524,-0.032,373.27,458000000,5378000000,222000000,30000000,146.48,171.2,20.0,32728000000,8276000000,7305000000,17678000000,24452000000,10373000000,82161200000,15050000000,34.1,-196000000,184.46,96.76
2025-12-28,VLO,4.81,116552999000.0,34.1,None,0.759,77.88,616000000,None,436000000,436000000,514000000,-1265000000,None,None,222000000,None,None,None,6000000,588000000,None,74599000000,74599000000,5563000000,None,None,3564000000,None,None,875000000,389000000,4.46,0.0271,78000000,78000000,None,2.096,0.61,5268000000,6143000000,3.05,2009-06-30,13.64,4926000000,7184000000.0,7562200000,5287000000,1697000000,298000000,298000000,None,0,None,4039000000,None,None,5156000000,None,None,-254000000,None,None,None,0.0553,626000000,2103200000,5459000000,237000000,1590000000,None,None,None,None,None,None,None,3.054,2.112,0.437,None,None,None,None,None,0,None,0.0128,None,17856000000,2025-10-23,quarterly,3.66,USD,pre-market,None,6673000000,0.0359,0.0524,-0.032,373.27,458000000,5378000000,222000000,30000000,146.48,171.2,20.0,32728000000,8276000000,7305000000,17678000000,24452000000,10373000000,82161200000,15050000000,34.1,-196000000,184.46,96.76
2025-12-28,VLO,4.81,116552999000.0,34.1,None,0.759,77.88,735000000,None,436000000,436000000,914000000,-909000000,None,None,-50000000,None,None,None,6000000,588000000,None,74599000000,74599000000,5563000000,None,None,3564000000,None,None,875000000,378000000,4.46,0.0271,77000000,77000000,None,2.096,0.61,5268000000,6143000000,3.05,2009-03-31,13.64,4926000000,7184000000.0,7562200000,5287000000,1697000000,298000000,298000000,None,0,None,4039000000,None,None,5156000000,None,None,309000000,None,None,None,0.0553,781000000,2103200000,5459000000,237000000,1590000000,None,None,None,None,None,None,None,3.054,2.112,0.437,None,None,None,None,None,998000000,None,0.0128,None,17856000000,2025-10-23,quarterly,3.66,USD,pre-market,None,6673000000,0.0359,0.0524,-0.032,373.27,458000000,5378000000,222000000,30000000,146.48,171.2,20.0,32728000000,8276000000,7305000000,17678000000,24452000000,10373000000,82161200000,15050000000,34.1,-196000000,184.46,96.76
2025-12-28,VLO,4.81,116552999000.0,34.1,None,0.759,77.88,939000000,None,436000000,436000000,-265000000,-1053000000,None,None,137000000,None,None,None,6000000,588000000,None,74599000000,74599000000,5563000000,None,None,3564000000,None,None,875000000,370000000,4.46,0.0271,78000000,78000000,None,2.096,0.61,5268000000,6143000000,3.05,2008-12-31,13.64,4926000000,7184000000.0,7562200000,5287000000,1697000000,298000000,298000000,None,0,None,4039000000,None,None,5156000000,None,None,-3278000000,None,None,None,0.0553,-485000000,2103200000,5459000000,237000000,1590000000,None,None,None,None,None,None,None,3.054,2.112,0.437,None,None,None,None,None,-181000000,None,0.0128,None,17856000000,2025-10-23,quarterly,3.66,USD,pre-market,None,6673000000,0.0359,0.0524,-0.032,373.27,458000000,5378000000,222000000,30000000,146.48,171.2,20.0,32728000000,8276000000,7305000000,17678000000,24452000000,10373000000,82161200000,15050000000,34.1,-196000000,184.46,96.76
2025-12-28,VLO,4.81,116552999000.0,34.1,None,0.759,77.88,673000000,None,436000000,436000000,-147000000,-389000000,None,None,23000000,None,None,None,6000000,588000000,None,74599000000,74599000000,5563000000,None,None,3564000000,None,None,875000000,370000000,4.46,0.0271,78000000,78000000,None,2.096,0.61,5268000000,6143000000,3.05,2008-09-30,13.64,4926000000,7184000000.0,7562200000,5287000000,1697000000,298000000,298000000,None,0,None,4039000000,None,None,5156000000,None,None,1152000000,None,None,None,0.0553,1675000000,2103200000,5459000000,237000000,1590000000,None,None,None,None,None,None,None,3.054,2.112,0.437,None,None,None,None,None,-74000000,None,0.0128,None,17856000000,2025-10-23,quarterly,3.66,USD,pre-market,None,6673000000,0.0359,0.0524,-0.032,373.27,458000000,5378000000,222000000,30000000,146.48,171.2,20.0,32728000000,8276000000,7305000000,17678000000,24452000000,10373000000,82161200000,15050000000,34.1,-196000000,184.46,96.76
2025-12-28,VLO,4.81,116552999000.0,34.1,None,0.759,77.88,641000000,None,436000000,436000000,-254000000,-704000000,None,None,-396000000,None,None,None,6000000,588000000,None,74599000000,74599000000,5563000000,None,None,3564000000,None,None,875000000,369000000,4.46,0.0271,79000000,79000000,None,2.096,0.61,5268000000,6143000000,3.05,2008-06-30,13.64,4926000000,7184000000.0,7562200000,5287000000,1697000000,298000000,298000000,None,0,None,4039000000,None,None,5156000000,None,None,734000000,None,None,None,0.0553,1174000000,2103200000,5459000000,237000000,1590000000,None,None,None,None,None,None,None,3.054,2.112,0.437,None,None,None,None,None,-182000000,None,0.0128,None,17856000000,2025-10-23,quarterly,3.66,USD,pre-market,None,6673000000,0.0359,0.0524,-0.032,373.27,458000000,5378000000,222000000,30000000,146.48,171.2,20.0,32728000000,8276000000,7305000000,17678000000,24452000000,10373000000,82161200000,15050000000,34.1,-196000000,184.46,96.76
2025-12-28,VLO,4.81,116552999000.0,34.1,None,0.759,77.88,537000000,None,436000000,436000000,-941000000,-716000000,None,None,-469000000,None,None,None,6000000,588000000,None,74599000000,74599000000,5563000000,None,None,3564000000,None,None,875000000,367000000,4.46,0.0271,64000000,64000000,None,2.096,0.61,5268000000,6143000000,3.05,2008-03-31,13.64,4926000000,7184000000.0,7562200000,5287000000,1697000000,298000000,298000000,None,0,None,4039000000,None,None,5156000000,None,None,261000000,None,None,None,0.0553,628000000,2103200000,5459000000,237000000,1590000000,None,None,None,None,None,None,None,3.054,2.112,0.437,None,None,None,None,None,-518000000,None,0.0128,None,17856000000,2025-10-23,quarterly,3.66,USD,pre-market,None,6673000000,0.0359,0.0524,-0.032,373.27,458000000,5378000000,222000000,30000000,146.48,171.2,20.0,32728000000,8276000000,7305000000,17678000000,24452000000,10373000000,82161200000,15050000000,34.1,-196000000,184.46,96.76
2025-12-28,VLO,4.81,116552999000.0,34.1,None,0.759,77.88,707000000,None,436000000,436000000,-1045000000,-850000000,None,None,446000000,None,None,None,6000000,588000000,None,74599000000,74599000000,5563000000,None,None,3564000000,None,None,875000000,357000000,4.46,0.0271,66000000,66000000,None,2.096,0.61,5268000000,6143000000,3.05,2007-12-31,13.64,4926000000,7184000000.0,7562200000,5287000000,1697000000,298000000,298000000,None,0,None,4039000000,None,None,5156000000,None,None,567000000,None,None,None,0.0553,1252000000,2103200000,5459000000,237000000,1590000000,None,None,None,None,None,None,None,3.054,2.112,0.437,None,None,None,None,None,-1037000000,None,0.0128,None,17856000000,2025-10-23,quarterly,3.66,USD,pre-market,None,6673000000,0.0359,0.0524,-0.032,373.27,458000000,5378000000,222000000,30000000,146.48,171.2,20.0,32728000000,8276000000,7305000000,17678000000,24452000000,10373000000,82161200000,15050000000,34.1,-196000000,184.46,96.76
2025-12-28,VLO,4.81,116552999000.0,34.1,None,0.759,77.88,511000000,None,436000000,436000000,-603000000,1719000000,None,None,-57000000,None,None,None,6000000,588000000,None,74599000000,74599000000,5563000000,None,None,3564000000,None,None,875000000,344000000,4.46,0.0271,66000000,66000000,None,2.096,0.61,5268000000,6143000000,3.05,2007-09-30,13.64,4926000000,7184000000.0,7562200000,5287000000,1697000000,298000000,298000000,None,0,None,4039000000,None,None,5156000000,None,None,1274000000,None,None,None,0.0553,-345000000,2103200000,5459000000,237000000,1590000000,None,None,None,None,None,None,None,3.054,2.112,0.437,None,None,None,None,None,-570000000,None,0.0128,None,17856000000,2025-10-23,quarterly,3.66,USD,pre-market,None,6673000000,0.0359,0.0524,-0.032,373.27,458000000,5378000000,222000000,30000000,146.48,171.2,20.0,32728000000,8276000000,7305000000,17678000000,24452000000,10373000000,82161200000,15050000000,34.1,-196000000,184.46,96.76
2025-12-28,VLO,4.81,116552999000.0,34.1,None,0.759,77.88,491000000,None,436000000,436000000,-1123000000,-728000000,None,None,-236000000,None,None,None,6000000,588000000,None,74599000000,74599000000,5563000000,None,None,3564000000,None,None,875000000,341000000,4.46,0.0271,66000000,66000000,None,2.096,0.61,5268000000,6143000000,3.05,2007-06-30,13.64,4926000000,7184000000.0,7562200000,5287000000,1697000000,298000000,298000000,None,0,None,4039000000,None,None,5156000000,None,None,2249000000,None,None,None,0.0553,2465000000,2103200000,5459000000,237000000,1590000000,None,None,None,None,None,None,None,3.054,2.112,0.437,None,None,None,None,None,-3277000000,None,0.0128,None,17856000000,2025-10-23,quarterly,3.66,USD,pre-market,None,6673000000,0.0359,0.0524,-0.032,373.27,458000000,5378000000,222000000,30000000,146.48,171.2,20.0,32728000000,8276000000,7305000000,17678000000,24452000000,10373000000,82161200000,15050000000,34.1,-196000000,184.46,96.76
2025-12-28,VLO,4.81,116552999000.0,34.1,None,0.759,77.88,551000000,None,436000000,436000000,-1060000000,-723000000,None,None,-402000000,None,None,None,6000000,588000000,None,74599000000,74599000000,5563000000,None,None,3564000000,None,None,875000000,334000000,4.46,0.0271,73000000,73000000,None,2.096,0.61,5268000000,6143000000,3.05,2007-03-31,13.64,4926000000,7184000000.0,7562200000,5287000000,1697000000,298000000,298000000,None,0,None,4039000000,None,None,5156000000,None,None,1144000000,None,None,None,0.0553,1886000000,2103200000,5459000000,237000000,1590000000,None,None,None,None,None,None,None,3.054,2.112,0.437,None,None,None,None,None,-904000000,None,0.0128,None,17856000000,2025-10-23,quarterly,3.66,USD,pre-market,None,6673000000,0.0359,0.0524,-0.032,373.27,458000000,5378000000,222000000,30000000,146.48,171.2,20.0,32728000000,8276000000,7305000000,17678000000,24452000000,10373000000,82161200000,15050000000,34.1,-196000000,184.46,96.76
2025-12-28,VLO,4.81,116552999000.0,34.1,None,0.759,77.88,856000000,None,436000000,436000000,-191000000,-459000000,None,None,219000000,None,None,None,6000000,588000000,None,74599000000,74599000000,5563000000,None,None,3564000000,None,None,875000000,308000000,4.46,0.0271,48000000,48000000,None,2.096,0.61,5268000000,6143000000,3.05,2006-12-31,13.64,4926000000,7184000000.0,7562200000,5287000000,1697000000,298000000,298000000,None,0,None,4039000000,None,None,5156000000,None,None,1114000000,None,None,None,0.0553,1216000000,2103200000,5459000000,237000000,1590000000,None,None,None,None,None,None,None,3.054,2.112,0.437,None,None,None,None,None,-202000000,None,0.0128,None,17856000000,2025-10-23,quarterly,3.66,USD,pre-market,None,6673000000,0.0359,0.0524,-0.032,373.27,458000000,5378000000,222000000,30000000,146.48,171.2,20.0,32728000000,8276000000,7305000000,17678000000,24452000000,10373000000,82161200000,15050000000,34.1,-196000000,184.46,96.76
2025-12-28,VLO,4.81,116552999000.0,34.1,None,0.759,77.88,743000000,None,436000000,436000000,-704000000,-479000000,None,None,None,None,None,None,6000000,588000000,None,74599000000,74599000000,5563000000,None,None,3564000000,None,None,875000000,294000000,4.46,0.0271,49000000,49000000,None,2.096,0.61,5268000000,6143000000,3.05,2006-09-30,13.64,4926000000,7184000000.0,7562200000,5287000000,1697000000,298000000,298000000,None,0,None,4039000000,None,None,5156000000,None,None,1603000000,None,None,None,0.0553,1273000000,2103200000,5459000000,237000000,1590000000,None,None,None,None,None,None,None,3.054,2.112,0.437,None,None,None,None,None,-631000000,None,0.0128,None,17856000000,2025-10-23,quarterly,3.66,USD,pre-market,None,6673000000,0.0359,0.0524,-0.032,373.27,458000000,5378000000,222000000,30000000,146.48,171.2,20.0,32728000000,8276000000,7305000000,17678000000,24452000000,10373000000,82161200000,15050000000,34.1,-196000000,184.46,96.76
2025-12-28,VLO,4.81,116552999000.0,34.1,None,0.759,77.88,813000000,None,436000000,436000000,-566000000,-1020000000,None,None,None,None,None,None,6000000,588000000,None,74599000000,74599000000,5563000000,None,None,3564000000,None,None,875000000,293000000,4.46,0.0271,49000000,49000000,None,2.096,0.61,5268000000,6143000000,3.05,2006-06-30,13.64,4926000000,7184000000.0,7562200000,5287000000,1697000000,298000000,298000000,None,0,None,4039000000,None,None,5156000000,None,None,1897000000,None,None,None,0.0553,2083000000,2103200000,5459000000,237000000,1590000000,None,None,None,None,None,None,None,3.054,2.112,0.437,None,None,None,None,None,-597000000,None,0.0128,None,17856000000,2025-10-23,quarterly,3.66,USD,pre-market,None,6673000000,0.0359,0.0524,-0.032,373.27,458000000,5378000000,222000000,30000000,146.48,171.2,20.0,32728000000,8276000000,7305000000,17678000000,24452000000,10373000000,82161200000,15050000000,34.1,-196000000,184.46,96.76
2025-12-28,VLO,4.81,116552999000.0,34.1,None,0.759,77.88,775000000,None,436000000,436000000,-727000000,-1013000000,None,None,None,None,None,None,6000000,588000000,None,74599000000,74599000000,5563000000,None,None,3564000000,None,None,875000000,260000000,4.46,0.0271,38000000,38000000,None,2.096,0.61,5268000000,6143000000,3.05,2006-03-31,13.64,4926000000,7184000000.0,7562200000,5287000000,1697000000,298000000,298000000,None,0,None,4039000000,None,None,5156000000,None,None,849000000,None,None,None,0.0553,1740000000,2103200000,5459000000,237000000,1590000000,None,None,None,None,None,None,None,3.054,2.112,0.437,None,None,None,None,None,-590000000,None,0.0128,None,17856000000,2025-10-23,quarterly,3.66,USD,pre-market,None,6673000000,0.0359,0.0524,-0.032,373.27,458000000,5378000000,222000000,30000000,146.48,171.2,20.0,32728000000,8276000000,7305000000,17678000000,24452000000,10373000000,82161200000,15050000000,34.1,-196000000,184.46,96.76
2025-12-28,VLO,4.81,116552999000.0,34.1,None,0.759,77.88,844000000,None,436000000,436000000,-1327000000,-931000000,None,None,372000000,None,None,None,6000000,588000000,None,74599000000,74599000000,5563000000,None,None,3564000000,None,None,875000000,260000000,4.46,0.0271,31000000,31000000,None,2.096,0.61,5268000000,6143000000,3.05,2005-12-31,13.64,4926000000,7184000000.0,7562200000,5287000000,1697000000,298000000,298000000,None,0,None,4039000000,None,None,5156000000,None,None,1347000000,None,None,None,0.0553,1954000000,2103200000,5459000000,237000000,1590000000,None,None,None,None,None,None,None,3.054,2.112,0.437,None,None,None,None,None,-383000000,None,0.0128,None,17856000000,2025-10-23,quarterly,3.66,USD,pre-market,None,6673000000,0.0359,0.0524,-0.032,373.27,458000000,5378000000,222000000,30000000,146.48,171.2,20.0,32728000000,8276000000,7305000000,17678000000,24452000000,10373000000,82161200000,15050000000,34.1,-196000000,184.46,96.76
2025-12-28,VLO,4.81,116552999000.0,34.1,None,0.759,77.88,513000000,None,436000000,436000000,650000000,-2950000000,None,None,31000000,None,None,None,6000000,588000000,None,74599000000,74599000000,5563000000,None,None,3564000000,None,None,875000000,232000000,4.46,0.0271,27000000,27000000,None,2.096,0.61,5268000000,6143000000,3.05,2005-09-30,13.64,4926000000,7184000000.0,7562200000,5287000000,1697000000,298000000,298000000,None,0,None,4039000000,None,None,5156000000,None,None,862000000,None,None,None,0.0553,2082000000,2103200000,5459000000,237000000,1590000000,None,None,None,None,None,None,None,3.054,2.112,0.437,None,None,None,None,None,-5000000,None,0.0128,None,17856000000,2025-10-23,quarterly,3.66,USD,pre-market,None,6673000000,0.0359,0.0524,-0.032,373.27,458000000,5378000000,222000000,30000000,146.48,171.2,20.0,32728000000,8276000000,7305000000,17678000000,24452000000,10373000000,82161200000,15050000000,34.1,-196000000,184.46,96.76
2025-12-28,VLO,4.81,116552999000.0,34.1,None,0.759,77.88,907000000,None,436000000,436000000,-5049000000,-1981000000,None,None,-286000000,None,None,None,6000000,588000000,None,74599000000,74599000000,5563000000,None,None,3564000000,None,None,875000000,2774000000,4.46,0.0271,1384000000,1384000000,None,2.096,0.61,5268000000,6143000000,3.05,2024-12-31,13.64,4926000000,7184000000.0,7562200000,5287000000,1697000000,298000000,298000000,None,0,None,4039000000,None,None,5156000000,None,None,2770000000,None,None,None,0.0553,6683000000,2103200000,5459000000,237000000,1590000000,None,None,None,None,None,None,None,3.054,2.112,0.437,None,None,None,None,None,-2875000000,None,0.0128,None,17856000000,2025-10-23,annual,3.66,USD,pre-market,None,6673000000,0.0359,0.0524,-0.032,373.27,458000000,5378000000,222000000,30000000,146.48,171.2,20.0,32728000000,8276000000,7305000000,17678000000,24452000000,10373000000,82161200000,15050000000,34.1,-196000000,184.46,96.76
2025-12-28,VLO,4.81,116552999000.0,34.1,None,0.759,77.88,911000000,None,436000000,436000000,-6941000000,-1865000000,None,None,-684000000,None,None,None,6000000,588000000,None,74599000000,74599000000,5563000000,None,None,3564000000,None,None,875000000,2701000000,4.46,0.0271,1452000000,1452000000,None,2.096,0.61,5268000000,6143000000,3.05,2023-12-31,13.64,4926000000,7184000000.0,7562200000,5287000000,1697000000,298000000,298000000,None,0,None,4039000000,None,None,5156000000,None,None,9149000000,None,None,None,0.0553,9229000000,2103200000,5459000000,237000000,1590000000,None,None,None,None,None,None,None,3.054,2.112,0.437,None,None,None,None,None,-5136000000,None,0.0128,None,17856000000,2025-10-23,annual,3.66,USD,pre-market,None,6673000000,0.0359,0.0524,-0.032,373.27,458000000,5378000000,222000000,30000000,146.48,171.2,20.0,32728000000,8276000000,7305000000,17678000000,24452000000,10373000000,82161200000,15050000000,34.1,-196000000,184.46,96.76
2025-12-28,VLO,4.81,116552999000.0,34.1,None,0.759,77.88,1681000000,None,436000000,436000000,-8849000000,-2805000000,920000000,None,-672000000,None,None,None,6000000,588000000,None,74599000000,74599000000,5563000000,None,None,3564000000,None,None,875000000,2473000000,4.46,0.0271,1562000000,1562000000,None,2.096,0.61,5268000000,6143000000,3.05,2022-12-31,13.64,4926000000,7184000000.0,7562200000,5287000000,1697000000,298000000,298000000,None,0,None,4039000000,None,None,5156000000,None,None,11879000000,None,None,None,0.0553,661000000,2103200000,5459000000,237000000,1590000000,None,None,None,None,None,None,None,3.054,2.112,0.437,None,None,None,None,None,-4577000000,None,0.0128,None,17856000000,2025-10-23,annual,3.66,USD,pre-market,None,6673000000,0.0359,0.0524,-0.032,373.27,458000000,5378000000,222000000,30000000,146.48,171.2,20.0,32728000000,8276000000,7305000000,17678000000,24452000000,10373000000,82161200000,15050000000,34.1,-196000000,184.46,96.76
2025-12-28,VLO,4.81,116552999000.0,34.1,None,0.759,77.88,1665000000,None,436000000,436000000,-2846000000,-2159000000,854000000,None,-253000000,None,None,None,6000000,588000000,None,74599000000,74599000000,5563000000,None,None,3564000000,None,None,875000000,2405000000,4.46,0.0271,1602000000,1602000000,None,2.096,0.61,5268000000,6143000000,3.05,2021-12-31,13.64,4926000000,7184000000.0,7562200000,5287000000,1697000000,298000000,298000000,None,0,None,4039000000,None,None,5156000000,None,None,1288000000,None,None,None,0.0553,439000000,2103200000,5459000000,237000000,1590000000,None,None,None,None,None,None,None,3.054,2.112,0.437,None,None,None,None,None,-27000000,None,0.0128,None,17856000000,2025-10-23,annual,3.66,USD,pre-market,None,6673000000,0.0359,0.0524,-0.032,373.27,458000000,5378000000,222000000,30000000,146.48,171.2,20.0,32728000000,8276000000,7305000000,17678000000,24452000000,10373000000,82161200000,15050000000,34.1,-196000000,184.46,96.76
2025-12-28,VLO,4.81,116552999000.0,34.1,None,0.759,77.88,1788000000,None,436000000,436000000,2077000000,-2425000000,600000000,None,1007000000,None,None,None,6000000,588000000,None,74599000000,74599000000,5563000000,None,None,3564000000,None,None,875000000,2351000000,4.46,0.0271,1600000000,1600000000,None,2.096,0.61,5268000000,6143000000,3.05,2020-12-31,13.64,4926000000,7184000000.0,7562200000,5287000000,1697000000,298000000,298000000,None,0,None,4039000000,None,None,5156000000,None,None,-1107000000,None,None,None,0.0553,1018000000,2103200000,5459000000,237000000,1590000000,None,None,None,None,None,None,None,3.054,2.112,0.437,None,None,None,None,None,-156000000,None,0.0128,None,17856000000,2025-10-23,annual,3.66,USD,pre-market,None,6673000000,0.0359,0.0524,-0.032,373.27,458000000,5378000000,222000000,30000000,146.48,171.2,20.0,32728000000,8276000000,7305000000,17678000000,24452000000,10373000000,82161200000,15050000000,34.1,-196000000,184.46,96.76
2025-12-28,VLO,4.81,116552999000.0,34.1,None,0.759,77.88,1997000000,None,436000000,436000000,-2997000000,-3001000000,-467000000,None,-385000000,None,None,None,6000000,588000000,None,74599000000,74599000000,5563000000,None,None,3564000000,None,None,875000000,2255000000,4.46,0.0271,1492000000,1492000000,None,2.096,0.61,5268000000,6143000000,3.05,2019-12-31,13.64,4926000000,7184000000.0,7562200000,5287000000,1697000000,298000000,298000000,None,0,None,4039000000,None,None,5156000000,None,None,2784000000,None,None,None,0.0553,315000000,2103200000,5459000000,237000000,1590000000,None,None,None,None,None,None,None,3.054,2.112,0.437,None,None,None,None,None,-1727000000,None,0.0128,None,17856000000,2025-10-23,annual,3.66,USD,pre-market,None,6673000000,0.0359,0.0524,-0.032,373.27,458000000,5378000000,222000000,30000000,146.48,171.2,20.0,32728000000,8276000000,7305000000,17678000000,24452000000,10373000000,82161200000,15050000000,34.1,-196000000,184.46,96.76
2025-12-28,VLO,4.81,116552999000.0,34.1,None,0.759,77.88,2072000000,None,436000000,436000000,-3168000000,-3928000000,-2868000000,-143000000,-197000000,None,None,None,6000000,588000000,None,74599000000,74599000000,5563000000,None,None,3564000000,None,None,875000000,2069000000,4.46,0.0271,1369000000,1369000000,None,2.096,0.61,5268000000,6143000000,3.05,2018-12-31,13.64,4926000000,7184000000.0,7562200000,5287000000,1697000000,298000000,298000000,None,0,None,4039000000,None,None,5156000000,None,None,3122000000,None,None,None,0.0553,4371000000,2103200000,5459000000,237000000,1590000000,None,None,None,None,None,None,None,3.054,2.112,0.437,None,None,None,None,None,-1708000000,None,0.0128,None,17856000000,2025-10-23,annual,3.66,USD,pre-market,None,6673000000,0.0359,0.0524,-0.032,373.27,458000000,5378000000,222000000,30000000,146.48,171.2,20.0,32728000000,8276000000,7305000000,17678000000,24452000000,10373000000,82161200000,15050000000,34.1,-196000000,184.46,96.76
2025-12-28,VLO,4.81,116552999000.0,34.1,None,0.759,77.88,1379000000,None,436000000,436000000,-2272000000,-2382000000,1034000000,206000000,-516000000,None,None,None,6000000,588000000,None,74599000000,74599000000,5563000000,None,None,3564000000,None,None,875000000,1986000000,4.46,0.0271,1242000000,1242000000,None,2.096,0.61,5268000000,6143000000,3.05,2017-12-31,13.64,4926000000,7184000000.0,7562200000,5287000000,1697000000,298000000,298000000,None,0,None,4039000000,None,None,5156000000,None,None,4065000000,None,None,None,0.0553,5482000000,2103200000,5459000000,237000000,1590000000,None,None,None,None,None,None,None,3.054,2.112,0.437,None,None,None,None,None,-1372000000,None,0.0128,None,17856000000,2025-10-23,annual,3.66,USD,pre-market,None,6673000000,0.0359,0.0524,-0.032,373.27,458000000,5378000000,222000000,30000000,146.48,171.2,20.0,32728000000,8276000000,7305000000,17678000000,24452000000,10373000000,82161200000,15050000000,34.1,-196000000,184.46,96.76
2025-12-28,VLO,4.81,116552999000.0,34.1,None,0.759,77.88,1278000000,None,436000000,436000000,-2012000000,-2006000000,702000000,-100000000,771000000,None,None,None,6000000,588000000,None,74599000000,74599000000,5563000000,None,None,3564000000,None,None,875000000,1894000000,4.46,0.0271,1111000000,1111000000,None,2.096,0.61,5268000000,6143000000,3.05,2016-12-31,13.64,4926000000,7184000000.0,7562200000,5287000000,1697000000,298000000,298000000,None,0,None,4039000000,None,None,5156000000,None,None,2289000000,None,None,None,0.0553,4820000000,2103200000,5459000000,237000000,1590000000,None,None,None,None,None,None,None,3.054,2.112,0.437,None,None,None,None,None,-1336000000,None,0.0128,None,17856000000,2025-10-23,annual,3.66,USD,pre-market,None,6673000000,0.0359,0.0524,-0.032,373.27,458000000,5378000000,222000000,30000000,146.48,171.2,20.0,32728000000,8276000000,7305000000,17678000000,24452000000,10373000000,82161200000,15050000000,34.1,-196000000,184.46,96.76
2025-12-28,VLO,4.81,116552999000.0,34.1,None,0.759,77.88,1618000000,None,436000000,436000000,-2545000000,-2487000000,425000000,-154000000,-222000000,None,None,None,6000000,588000000,None,74599000000,74599000000,5563000000,None,None,3564000000,None,None,875000000,1842000000,4.46,0.0271,848000000,848000000,None,2.096,0.61,5268000000,6143000000,3.05,2015-12-31,13.64,4926000000,7184000000.0,7562200000,5287000000,1697000000,298000000,298000000,None,0,None,4039000000,None,None,5156000000,None,None,3990000000,None,None,None,0.0553,5611000000,2103200000,5459000000,237000000,1590000000,None,None,None,None,None,None,None,3.054,2.112,0.437,None,None,None,None,None,-2838000000,None,0.0128,None,17856000000,2025-10-23,annual,3.66,USD,pre-market,None,6673000000,0.0359,0.0524,-0.032,373.27,458000000,5378000000,222000000,30000000,146.48,171.2,20.0,32728000000,8276000000,7305000000,17678000000,24452000000,10373000000,82161200000,15050000000,34.1,-196000000,184.46,96.76
2025-12-28,VLO,4.81,116552999000.0,34.1,None,0.759,77.88,2153000000,None,436000000,436000000,-1930000000,-2844000000,-603000000,-70000000,-1014000000,None,None,None,6000000,588000000,None,74599000000,74599000000,5563000000,None,None,3564000000,None,None,875000000,1690000000,4.46,0.0271,566000000,566000000,None,2.096,0.61,5268000000,6143000000,3.05,2014-12-31,13.64,4926000000,7184000000.0,7562200000,5287000000,1697000000,298000000,298000000,None,0,None,4039000000,None,None,5156000000,None,None,3711000000,None,None,None,0.0553,4241000000,2103200000,5459000000,237000000,1590000000,None,None,None,None,None,None,None,3.054,2.112,0.437,None,None,None,None,None,-1296000000,None,0.0128,None,17856000000,2025-10-23,annual,3.66,USD,pre-market,None,6673000000,0.0359,0.0524,-0.032,373.27,458000000,5378000000,222000000,30000000,146.48,171.2,20.0,32728000000,8276000000,7305000000,17678000000,24452000000,10373000000,82161200000,15050000000,34.1,-196000000,184.46,96.76
2025-12-28,VLO,4.81,116552999000.0,34.1,None,0.759,77.88,2121000000,None,436000000,436000000,-163000000,-2812000000,2569000000,-20000000,-13000000,None,None,None,6000000,588000000,None,74599000000,74599000000,5563000000,None,None,3564000000,None,None,875000000,1720000000,4.46,0.0271,462000000,462000000,None,2.096,0.61,5268000000,6143000000,3.05,2013-12-31,13.64,4926000000,7184000000.0,7562200000,5287000000,1697000000,298000000,298000000,None,0,None,4039000000,None,None,5156000000,None,None,2728000000,None,None,None,0.0553,5564000000,2103200000,5459000000,237000000,1590000000,None,None,None,None,None,None,None,3.054,2.112,0.437,None,None,None,None,None,-928000000,None,0.0128,None,17856000000,2025-10-23,annual,3.66,USD,pre-market,None,6673000000,0.0359,0.0524,-0.032,373.27,458000000,5378000000,222000000,30000000,146.48,171.2,20.0,32728000000,8276000000,7305000000,17678000000,24452000000,10373000000,82161200000,15050000000,34.1,-196000000,184.46,96.76
2025-12-28,VLO,4.81,116552999000.0,34.1,None,0.759,77.88,2931000000,None,436000000,436000000,-1233000000,-3351000000,699000000,13000000,-282000000,None,None,None,6000000,588000000,None,74599000000,74599000000,5563000000,None,None,3564000000,None,None,875000000,1574000000,4.46,0.0271,360000000,360000000,None,2.096,0.61,5268000000,6143000000,3.05,2012-12-31,13.64,4926000000,7184000000.0,7562200000,5287000000,1697000000,298000000,298000000,None,0,None,4039000000,None,None,5156000000,None,None,2080000000,None,None,None,0.0553,5270000000,2103200000,5459000000,237000000,1590000000,None,None,None,None,None,None,None,3.054,2.112,0.437,None,None,None,None,None,-281000000,None,0.0128,None,17856000000,2025-10-23,annual,3.66,USD,pre-market,None,6673000000,0.0359,0.0524,-0.032,373.27,458000000,5378000000,222000000,30000000,146.48,171.2,20.0,32728000000,8276000000,7305000000,17678000000,24452000000,10373000000,82161200000,15050000000,34.1,-196000000,184.46,96.76
2025-12-28,VLO,4.81,116552999000.0,34.1,None,0.759,77.88,2355000000,None,436000000,436000000,-1066000000,-5298000000,-2310000000,16000000,643000000,None,None,None,6000000,588000000,None,74599000000,74599000000,5563000000,None,None,3564000000,None,None,875000000,1534000000,4.46,0.0271,169000000,169000000,None,2.096,0.61,5268000000,6143000000,3.05,2011-12-31,13.64,4926000000,7184000000.0,7562200000,5287000000,1697000000,298000000,298000000,None,0,None,4039000000,None,None,5156000000,None,None,2089000000,None,None,None,0.0553,4038000000,2103200000,5459000000,237000000,1590000000,None,None,None,None,None,None,None,3.054,2.112,0.437,None,None,None,None,None,-349000000,None,0.0128,None,17856000000,2025-10-23,annual,3.66,USD,pre-market,None,6673000000,0.0359,0.0524,-0.032,373.27,458000000,5378000000,222000000,30000000,146.48,171.2,20.0,32728000000,8276000000,7305000000,17678000000,24452000000,10373000000,82161200000,15050000000,34.1,-196000000,184.46,96.76
2025-12-28,VLO,4.81,116552999000.0,34.1,None,0.759,77.88,1730000000,None,436000000,436000000,816000000,-1405000000,2509000000,53000000,-407000000,None,None,None,6000000,588000000,None,74599000000,74599000000,5563000000,None,None,3564000000,None,None,875000000,1473000000,4.46,0.0271,114000000,114000000,None,2.096,0.61,5268000000,6143000000,3.05,2010-12-31,13.64,4926000000,7184000000.0,7562200000,5287000000,1697000000,298000000,298000000,None,0,None,4039000000,None,None,5156000000,None,None,324000000,None,None,None,0.0553,3045000000,2103200000,5459000000,237000000,1590000000,None,None,None,None,None,None,None,3.054,2.112,0.437,None,None,None,None,None,-13000000,None,0.0128,None,17856000000,2025-10-23,annual,3.66,USD,pre-market,None,6673000000,0.0359,0.0524,-0.032,373.27,458000000,5378000000,222000000,30000000,146.48,171.2,20.0,32728000000,8276000000,7305000000,17678000000,24452000000,10373000000,82161200000,15050000000,34.1,-196000000,184.46,96.76
2025-12-28,VLO,4.81,116552999000.0,34.1,None,0.759,77.88,2327000000,None,436000000,436000000,1289000000,-3292000000,-115000000,65000000,-77000000,None,None,None,6000000,588000000,None,74599000000,74599000000,5563000000,None,None,3564000000,None,None,875000000,1527000000,4.46,0.0271,324000000,324000000,None,2.096,0.61,5268000000,6143000000,3.05,2009-12-31,13.64,4926000000,7184000000.0,7562200000,5287000000,1697000000,298000000,298000000,None,0,None,4039000000,None,None,5156000000,None,None,-1982000000,None,None,None,0.0553,1823000000,2103200000,5459000000,237000000,1590000000,None,None,None,None,None,None,None,3.054,2.112,0.437,None,None,None,None,None,-4000000,None,0.0128,None,17856000000,2025-10-23,annual,3.66,USD,pre-market,None,6673000000,0.0359,0.0524,-0.032,373.27,458000000,5378000000,222000000,30000000,146.48,171.2,20.0,32728000000,8276000000,7305000000,17678000000,24452000000,10373000000,82161200000,15050000000,34.1,-196000000,184.46,96.76
2025-12-28,VLO,4.81,116552999000.0,34.1,None,0.759,77.88,2790000000,None,436000000,436000000,-1607000000,-2862000000,None,None,-705000000,None,None,None,6000000,588000000,None,74599000000,74599000000,5563000000,None,None,3564000000,None,None,875000000,1476000000,4.46,0.0271,299000000,299000000,None,2.096,0.61,5268000000,6143000000,3.05,2008-12-31,13.64,4926000000,7184000000.0,7562200000,5287000000,1697000000,298000000,298000000,None,0,None,4039000000,None,None,5156000000,None,None,-1131000000,None,None,None,0.0553,2992000000,2103200000,5459000000,237000000,1590000000,None,None,None,None,None,None,None,3.054,2.112,0.437,None,None,None,None,None,-955000000,None,0.0128,None,17856000000,2025-10-23,annual,3.66,USD,pre-market,None,6673000000,0.0359,0.0524,-0.032,373.27,458000000,5378000000,222000000,30000000,146.48,171.2,20.0,32728000000,8276000000,7305000000,17678000000,24452000000,10373000000,82161200000,15050000000,34.1,-196000000,184.46,96.76
2025-12-28,VLO,4.81,116552999000.0,34.1,None,0.759,77.88,2260000000,None,436000000,436000000,-3831000000,-582000000,None,None,-249000000,None,None,None,6000000,588000000,None,74599000000,74599000000,5563000000,None,None,3564000000,None,None,875000000,1376000000,4.46,0.0271,271000000,271000000,None,2.096,0.61,5268000000,6143000000,3.05,2007-12-31,13.64,4926000000,7184000000.0,7562200000,5287000000,1697000000,298000000,298000000,None,0,None,4039000000,None,None,5156000000,None,None,5234000000,None,None,None,0.0553,5258000000,2103200000,5459000000,237000000,1590000000,None,None,None,None,None,None,None,3.054,2.112,0.437,None,None,None,None,None,-5788000000,None,0.0128,None,17856000000,2025-10-23,annual,3.66,USD,pre-market,None,6673000000,0.0359,0.0524,-0.032,373.27,458000000,5378000000,222000000,30000000,146.48,171.2,20.0,32728000000,8276000000,7305000000,17678000000,24452000000,10373000000,82161200000,15050000000,34.1,-196000000,184.46,96.76
2025-12-28,VLO,4.81,116552999000.0,34.1,None,0.759,77.88,3187000000,None,436000000,436000000,-2188000000,-2971000000,None,None,-405000000,None,None,None,6000000,588000000,None,74599000000,74599000000,5563000000,None,None,3564000000,None,None,875000000,1155000000,4.46,0.0271,184000000,184000000,None,2.096,0.61,5268000000,6143000000,3.05,2006-12-31,13.64,4926000000,7184000000.0,7562200000,5287000000,1697000000,298000000,298000000,None,0,None,4039000000,None,None,5156000000,None,None,5463000000,None,None,None,0.0553,6312000000,2103200000,5459000000,237000000,1590000000,None,None,None,None,None,None,None,3.054,2.112,0.437,None,None,None,None,None,-2020000000,None,0.0128,None,17856000000,2025-10-23,annual,3.66,USD,pre-market,None,6673000000,0.0359,0.0524,-0.032,373.27,458000000,5378000000,222000000,30000000,146.48,171.2,20.0,32728000000,8276000000,7305000000,17678000000,24452000000,10373000000,82161200000,15050000000,34.1,-196000000,184.46,96.76
2025-12-28,VLO,4.81,116552999000.0,34.1,None,0.759,77.88,2133000000,None,436000000,436000000,-1331000000,-4900000000,None,None,372000000,None,None,None,6000000,588000000,None,74599000000,74599000000,5563000000,None,None,3564000000,None,None,875000000,875000000,4.46,0.0271,106000000,106000000,None,2.096,0.61,5268000000,6143000000,3.05,2005-12-31,13.64,4926000000,7184000000.0,7562200000,5287000000,1697000000,298000000,298000000,None,0,None,4039000000,None,None,5156000000,None,None,3590000000,None,None,None,0.0553,5799000000,2103200000,5459000000,237000000,1590000000,None,None,None,None,None,None,None,3.054,2.112,0.437,None,None,None,None,None,-571000000,None,0.0128,None,17856000000,2025-10-23,annual,3.66,USD,pre-market,None,6673000000,0.0359,0.0524,-0.032,373.27,458000000,5378000000,222000000,30000000,146.48,171.2,20.0,32728000000,8276000000,7305000000,17678000000,24452000000,10373000000,82161200000,15050000000,34.1,-196000000,184.46,96.76
