date,symbol,eps,revenue_ttm,pe_ratio,accumulateddepreciationamortizationppe,beta,book_value,capitalexpenditures,capitalleaseobligations,cashandcashequivalentsatcarryingvalue,cashandshortterminvestments,cashflowfromfinancing,cashflowfrominvestment,changeincashandcashequivalents,changeinexchangerate,changeininventory,changeinoperatingassets,changeinoperatingliabilities,changeinreceivables,commonstock,commonstocksharesoutstanding,comprehensiveincomenetoftax,costofgoodsandservicessold,costofrevenue,currentaccountspayable,currentdebt,currentlongtermdebt,currentnetreceivables,deferredrevenue,depreciation,depreciationandamortization,depreciationdepletionandamortization,dividend_per_share,dividend_yield,dividendpayout,dividendpayoutcommonstock,dividendpayoutpreferredstock,earnings_growth_yoy,earnings_surprise,ebit,ebitda,estimated_eps,fiscaldateending,forward_pe,goodwill,gross_profit_ttm,grossprofit,incomebeforetax,incometaxexpense,intangibleassets,intangibleassetsexcludinggoodwill,interestanddebtexpense,interestexpense,interestincome,inventory,investmentincomenet,investments,longtermdebt,longtermdebtnoncurrent,longterminvestments,netincome,netincomefromcontinuingoperations,netinterestincome,noninterestincome,operating_margin_ttm,operatingcashflow,operatingexpenses,operatingincome,othercurrentassets,othercurrentliabilities,othernoncurrentassets,othernoncurrentliabilities,othernonoperatingincome,paymentsforoperatingactivities,paymentsforrepurchaseofcommonstock,paymentsforrepurchaseofequity,paymentsforrepurchaseofpreferredstock,peg_ratio,price_to_book,price_to_sales_ttm,proceedsfromissuanceofcommonstock,proceedsfromissuanceoflongtermdebtandcapitalsecuritiesnet,proceedsfromissuanceofpreferredstock,proceedsfromoperatingactivities,proceedsfromrepaymentsofshorttermdebt,proceedsfromrepurchaseofequity,proceedsfromsaleoftreasurystock,profit_margin,profitloss,propertyplantequipment,report_date,report_type,reported_eps,reportedcurrency,reporttime,researchanddevelopment,retainedearnings,return_on_assets_ttm,return_on_equity_ttm,revenue_growth_yoy,revenue_per_share_ttm,sellinggeneralandadministrative,shortlongtermdebttotal,shorttermdebt,shortterminvestments,sma_200,sma_50,surprise_pct,totalassets,totalcurrentassets,totalcurrentliabilities,totalliabilities,totalnoncurrentassets,totalnoncurrentliabilities,totalrevenue,totalshareholderequity,trailing_pe,treasurystock,week_52_high,week_52_low
1996-03-31,VMC,,,,,,,,,,,,,,,,,,,,,,,,,,,,,,,,,,,,,,0.04,,,0.15,,,,,,,,,,,,,,,,,,,,,,,,,,,,,,,,,,,,,,,,,,,,,,,,,1996-04-23,,0.19,,pre-market,,,,,,,,,,,,,26.6667,,,,,,,,,,,,
1996-06-30,VMC,,,,,,,,,,,,,,,,,,,,,,,,,,,,,,,,,,,,,,0.08,,,0.47,,,,,,,,,,,,,,,,,,,,,,,,,,,,,,,,,,,,,,,,,,,,,,,,,1996-07-23,,0.55,,pre-market,,,,,,,,,,,,,17.0213,,,,,,,,,,,,
1996-09-30,VMC,,,,,,,,,,,,,,,,,,,,,,,,,,,,,,,,,,,,,,0.01,,,0.58,,,,,,,,,,,,,,,,,,,,,,,,,,,,,,,,,,,,,,,,,,,,,,,,,1996-10-21,,0.59,,pre-market,,,,,,,,,,,,,1.7241,,,,,,,,,,,,
1996-12-31,VMC,,,,,,,,,,,,,,,,,,,,,,,,,,,,,,,,,,,,,,0.09,,,0.37,,,,,,,,,,,,,,,,,,,,,,,,,,,,,,,,,,,,,,,,,,,,,,,,,1997-01-22,,0.46,,pre-market,,,,,,,,,,,,,24.3243,,,,,,,,,,,,
1997-03-31,VMC,,,,,,,,,,,,,,,,,,,,,,,,,,,,,,,,,,,,,,0.03,,,0.18,,,,,,,,,,,,,,,,,,,,,,,,,,,,,,,,,,,,,,,,,,,,,,,,,1997-04-21,,0.21,,pre-market,,,,,,,,,,,,,16.6667,,,,,,,,,,,,
1997-06-30,VMC,,,,,,,,,,,,,,,,,,,,,,,,,,,,,,,,,,,,,,0.05,,,0.56,,,,,,,,,,,,,,,,,,,,,,,,,,,,,,,,,,,,,,,,,,,,,,,,,1997-07-21,,0.61,,pre-market,,,,,,,,,,,,,8.9286,,,,,,,,,,,,
1997-09-30,VMC,,,,,,,,,,,,,,,,,,,,,,,,,,,,,,,,,,,,,,0.09,,,0.62,,,,,,,,,,,,,,,,,,,,,,,,,,,,,,,,,,,,,,,,,,,,,,,,,1997-10-17,,0.71,,pre-market,,,,,,,,,,,,,14.5161,,,,,,,,,,,,
1997-12-31,VMC,,,,,,,,,,,,,,,,,,,,,,,,,,,,,,,,,,,,,,0.0,,,0.5,,,,,,,,,,,,,,,,,,,,,,,,,,,,,,,,,,,,,,,,,,,,,,,,,1998-01-21,,0.5,,pre-market,,,,,,,,,,,,,0.0,,,,,,,,,,,,
1998-03-31,VMC,,,,,,,,,,,,,,,,,,,,,,,,,,,,,,,,,,,,,,0.07,,,0.24,,,,,,,,,,,,,,,,,,,,,,,,,,,,,,,,,,,,,,,,,,,,,,,,,1998-04-17,,0.31,,pre-market,,,,,,,,,,,,,29.1667,,,,,,,,,,,,
1998-06-30,VMC,,,,,,,,,,,,,,,,,,,,,,,,,,,,,,,,,,,,,,0.01,,,0.68,,,,,,,,,,,,,,,,,,,,,,,,,,,,,,,,,,,,,,,,,,,,,,,,,1998-07-21,,0.69,,pre-market,,,,,,,,,,,,,1.4706,,,,,,,,,,,,
1998-09-30,VMC,,,,,,,,,,,,,,,,,,,,,,,,,,,,,,,,,,,,,,0.13,,,0.73,,,,,,,,,,,,,,,,,,,,,,,,,,,,,,,,,,,,,,,,,,,,,,,,,1998-10-19,,0.86,,pre-market,,,,,,,,,,,,,17.8082,,,,,,,,,,,,
1998-12-31,VMC,,,,,,,,,,,,,,,,,,,,,,,,,,,,,,,,,,,,,,0.06,,,0.52,,,,,,,,,,,,,,,,,,,,,,,,,,,,,,,,,,,,,,,,,,,,,,,,,1999-01-19,,0.58,,pre-market,,,,,,,,,,,,,11.5385,,,,,,,,,,,,
1999-03-31,VMC,,,,,,,,,,,,,,,,,,,,,,,,,,,,,,,,,,,,,,0.0,,,0.26,,,,,,,,,,,,,,,,,,,,,,,,,,,,,,,,,,,,,,,,,,,,,,,,,1999-04-26,,0.26,,pre-market,,,,,,,,,,,,,0.0,,,,,,,,,,,,
1999-06-30,VMC,,,,,,,,,,,,,,,,,,,,,,,,,,,,,,,,,,,,,,-0.04,,,0.65,,,,,,,,,,,,,,,,,,,,,,,,,,,,,,,,,,,,,,,,,,,,,,,,,1999-07-19,,0.61,,pre-market,,,,,,,,,,,,,-6.1538,,,,,,,,,,,,
1999-09-30,VMC,,,,,,,,,,,,,,,,,,,,,,,,,,,,,,,,,,,,,,0.0,,,0.84,,,,,,,,,,,,,,,,,,,,,,,,,,,,,,,,,,,,,,,,,,,,,,,,,1999-10-18,,0.84,,pre-market,,,,,,,,,,,,,0.0,,,,,,,,,,,,
1999-12-31,VMC,,,,,,,,,,,,,,,,,,,,,,,,,,,,,,,,,,,,,,0.11,,,0.53,,,,,,,,,,,,,,,,,,,,,,,,,,,,,,,,,,,,,,,,,,,,,,,,,2000-01-24,,0.64,,pre-market,,,,,,,,,,,,,20.7547,,,,,,,,,,,,
2000-03-31,VMC,,,,,,,,,,,,,,,,,,,,,,,,,,,,,,,,,,,,,,-0.04,,,0.27,,,,,,,,,,,,,,,,,,,,,,,,,,,,,,,,,,,,,,,,,,,,,,,,,2000-04-18,,0.23,,pre-market,,,,,,,,,,,,,-14.8148,,,,,,,,,,,,
2000-06-30,VMC,,,,,,,,,,,,,,,,,,,,,,,,,,,,,,,,,,,,,,0.02,,,0.73,,,,,,,,,,,,,,,,,,,,,,,,,,,,,,,,,,,,,,,,,,,,,,,,,2000-07-20,,0.75,,pre-market,,,,,,,,,,,,,2.7397,,,,,,,,,,,,
2000-09-30,VMC,,,,,,,,,,,,,,,,,,,,,,,,,,,,,,,,,,,,,,-0.22,,,1.06,,,,,,,,,,,,,,,,,,,,,,,,,,,,,,,,,,,,,,,,,,,,,,,,,2000-10-20,,0.84,,pre-market,,,,,,,,,,,,,-20.7547,,,,,,,,,,,,
2000-12-31,VMC,,,,,,,,,,,,,,,,,,,,,,,,,,,,,,,,,,,,,,-0.02,,,0.49,,,,,,,,,,,,,,,,,,,,,,,,,,,,,,,,,,,,,,,,,,,,,,,,,2001-01-22,,0.47,,pre-market,,,,,,,,,,,,,-4.0816,,,,,,,,,,,,
2001-03-31,VMC,,,,,,,,,,,,,,,,,,,,,,,,,,,,,,,,,,,,,,-0.02,,,0.08,,,,,,,,,,,,,,,,,,,,,,,,,,,,,,,,,,,,,,,,,,,,,,,,,2001-04-23,,0.06,,pre-market,,,,,,,,,,,,,-25.0,,,,,,,,,,,,
2001-06-30,VMC,,,,,,,,,,,,,,,,,,,,,,,,,,,,,,,,,,,,,,0.0,,,0.78,,,,,,,,,,,,,,,,,,,,,,,,,,,,,,,,,,,,,,,,,,,,,,,,,2001-07-25,,0.78,,pre-market,,,,,,,,,,,,,0.0,,,,,,,,,,,,
2001-09-30,VMC,,,,,,,,,,,,,,,,,,,,,,,,,,,,,,,,,,,,,,-0.01,,,0.91,,,,,,,,,,,,,,,,,,,,,,,,,,,,,,,,,,,,,,,,,,,,,,,,,2001-10-22,,0.9,,pre-market,,,,,,,,,,,,,-1.0989,,,,,,,,,,,,
2001-12-31,VMC,,,,,,,,,,,,,,,,,,,,,,,,,,,,,,,,,,,,,,0.04,,,0.49,,,,,,,,,,,,,,,,,,,,,,,,,,,,,,,,,,,,,,,,,,,,,,,,,2002-01-21,,0.53,,pre-market,,,,,,,,,,,,,8.1633,,,,,,,,,,,,
2002-03-31,VMC,,,,,,,,,,,,,,,,,,,,,,,,,,,,,,,,,,,,,,0.05,,,0.06,,,,,,,,,,,,,,,,,,,,,,,,,,,,,,,,,,,,,,,,,,,,,,,,,2002-04-22,,0.11,,pre-market,,,,,,,,,,,,,83.3333,,,,,,,,,,,,
2002-06-30,VMC,,,,,,,,,,,,,,,,,,,,,,,,,,,,,,,,,,,,,,0.01,,,0.63,,,,,,,,,,,,,,,,,,,,,,,,,,,,,,,,,,,,,,,,,,,,,,,,,2002-07-24,,0.64,,pre-market,,,,,,,,,,,,,1.5873,,,,,,,,,,,,
2002-09-30,VMC,,,,,,,,,,,,,,,,,,,,,,,,,,,,,,,,,,,,,,0.0,,,0.75,,,,,,,,,,,,,,,,,,,,,,,,,,,,,,,,,,,,,,,,,,,,,,,,,2002-10-22,,0.75,,pre-market,,,,,,,,,,,,,0.0,,,,,,,,,,,,
2002-12-31,VMC,,,,,,,,,,,,,,,,,,,,,,,,,,,,,,,,,,,,,,0.0,,,0.36,,,,,,,,,,,,,,,,,,,,,,,,,,,,,,,,,,,,,,,,,,,,,,,,,2003-02-03,,0.36,,pre-market,,,,,,,,,,,,,0.0,,,,,,,,,,,,
2003-03-31,VMC,,,,,,,,,,,,,,,,,,,,,,,,,,,,,,,,,,,,,,0.03,,,-0.02,,,,,,,,,,,,,,,,,,,,,,,,,,,,,,,,,,,,,,,,,,,,,,,,,2003-04-28,,0.01,,pre-market,,,,,,,,,,,,,150.0,,,,,,,,,,,,
2003-06-30,VMC,,,,,,,,,,,,,,,,,,,,,,,,,,,,,,,,,,,,,,0.0,,,0.65,,,,,,,,,,,,,,,,,,,,,,,,,,,,,,,,,,,,,,,,,,,,,,,,,2003-07-28,,0.65,,pre-market,,,,,,,,,,,,,0.0,,,,,,,,,,,,
2003-09-30,VMC,,,,,,,,,,,,,,,,,,,,,,,,,,,,,,,,,,,,,,0.01,,,0.9,,,,,,,,,,,,,,,,,,,,,,,,,,,,,,,,,,,,,,,,,,,,,,,,,2003-10-27,,0.91,,pre-market,,,,,,,,,,,,,1.1111,,,,,,,,,,,,
2003-12-31,VMC,,,,,,,,,,,,,,,,,,,,,,,,,,,,,,,,,,,,,,0.0,,,0.59,,,,,,,,,,,,,,,,,,,,,,,,,,,,,,,,,,,,,,,,,,,,,,,,,2004-02-02,,0.59,,pre-market,,,,,,,,,,,,,0.0,,,,,,,,,,,,
2004-03-31,VMC,,,,,,,,,,,,,,,,,,,,,,,,,,,,,,,,,,,,,,0.03,,,0.12,,,,,,,,,,,,,,,,,,,,,,,,,,,,,,,,,,,,,,,,,,,,,,,,,2004-04-28,,0.15,,pre-market,,,,,,,,,,,,,25.0,,,,,,,,,,,,
2004-06-30,VMC,,,,,,,,,,,,,,,,,,,,,,,,,,,,,,,,,,,,,,0.03,,,0.82,,,,,,,,,,,,,,,,,,,,,,,,,,,,,,,,,,,,,,,,,,,,,,,,,2004-07-28,,0.85,,pre-market,,,,,,,,,,,,,3.6585,,,,,,,,,,,,
2004-09-30,VMC,,,,,,,,,,,,,,,,,,,,,,,,,,,,,,,,,,,,,,-0.02,,,0.98,,,,,,,,,,,,,,,,,,,,,,,,,,,,,,,,,,,,,,,,,,,,,,,,,2004-10-27,,0.96,,pre-market,,,,,,,,,,,,,-2.0408,,,,,,,,,,,,
2004-12-31,VMC,,,,,,,,,,,,,,,,,,,,,,,,,,,,,,,,,,,,,,-0.12,,,0.74,,,,,,,,,,,,,,,,,,,,,,,,,,,,,,,,,,,,,,,,,,,,,,,,,2005-01-31,,0.62,,pre-market,,,,,,,,,,,,,-16.2162,,,,,,,,,,,,
2005-03-31,VMC,,,,,,,,,,,,,,,,,,,,,,,,,,,,,,,,,,,,,,0.01,,,0.2,,,,,,,,,,,,,,,,,,,,,,,,,,,,,,,,,,,,,,,,,,,,,,,,,2005-04-27,,0.21,,pre-market,,,,,,,,,,,,,5.0,,,,,,,,,,,,
2005-06-30,VMC,,,,,,,,,,,,,,,,,,,,,,,,,,,,,,,,,,,,,,-0.03,,,1.01,,,,,,,,,,,,,,,,,,,,,,,,,,,,,,,,,,,,,,,,,,,,,,,,,2005-07-26,,0.98,,pre-market,,,,,,,,,,,,,-2.9703,,,,,,,,,,,,
2005-09-30,VMC,,,,,,,,,,,,,,,,,,,,,,,,,,,,,,,,,,,,,,-0.03,,,1.26,,,,,,,,,,,,,,,,,,,,,,,,,,,,,,,,,,,,,,,,,,,,,,,,,2005-10-27,,1.23,,pre-market,,,,,,,,,,,,,-2.381,,,,,,,,,,,,
2005-12-31,VMC,,,,,,,,,,,,,,,,,,,,,,,,,,,,,,,,,,,,,,0.07,,,0.82,,,,,,,,,,,,,,,,,,,,,,,,,,,,,,,,,,,,,,,,,,,,,,,,,2006-01-31,,0.89,,pre-market,,,,,,,,,,,,,8.5366,,,,,,,,,,,,
2006-03-31,VMC,,,,,,,,,,,,,,,,,,,,,,,,,,,,,,,,,,,,,,0.05,,,0.65,,,,,,,,,,,,,,,,,,,,,,,,,,,,,,,,,,,,,,,,,,,,,,,,,2006-04-25,,0.7,,pre-market,,,,,,,,,,,,,7.6923,,,,,,,,,,,,
2006-06-30,VMC,,,,,,,,,,,,,,,,,,,,,,,,,,,,,,,,,,,,,,0.19,,,1.28,,,,,,,,,,,,,,,,,,,,,,,,,,,,,,,,,,,,,,,,,,,,,,,,,2006-07-31,,1.47,,pre-market,,,,,,,,,,,,,14.8438,,,,,,,,,,,,
2006-09-30,VMC,,,,,,,,,,,,,,,,,,,,,,,,,,,,,,,,,,,,,,-0.07,,,1.52,,,,,,,,,,,,,,,,,,,,,,,,,,,,,,,,,,,,,,,,,,,,,,,,,2006-10-30,,1.45,,pre-market,,,,,,,,,,,,,-4.6053,,,,,,,,,,,,
2006-12-31,VMC,,,,,,,,,,,,,,,,,,,,,,,,,,,,,,,,,,,,,,0.17,,,1.02,,,,,,,,,,,,,,,,,,,,,,,,,,,,,,,,,,,,,,,,,,,,,,,,,2007-01-31,,1.19,,pre-market,,,,,,,,,,,,,16.6667,,,,,,,,,,,,
2007-03-31,VMC,,,,,,,,,,,,,,,,,,,,,,,,,,,,,,,,,,,,,,0.11,,,0.8,,,,,,,,,,,,,,,,,,,,,,,,,,,,,,,,,,,,,,,,,,,,,,,,,2007-04-30,,0.91,,pre-market,,,,,,,,,,,,,13.75,,,,,,,,,,,,
2007-06-30,VMC,,,,,,,,,,,,,,,,,,,,,,,,,,,,,,,,,,,,,,0.0,,,1.46,,,,,,,,,,,,,,,,,,,,,,,,,,,,,,,,,,,,,,,,,,,,,,,,,2007-07-30,,1.46,,pre-market,,,,,,,,,,,,,0.0,,,,,,,,,,,,
2007-09-30,VMC,,,,,,,,,,,,,,,,,,,,,,,,,,,,,,,,,,,,,,-0.12,,,1.59,,,,,,,,,,,,,,,,,,,,,,,,,,,,,,,,,,,,,,,,,,,,,,,,,2007-10-29,,1.47,,pre-market,,,,,,,,,,,,,-7.5472,,,,,,,,,,,,
2007-12-31,VMC,,,,,,,,,,,,,,,,,,,,,,,,,,,,,,,,,,,,,,-0.26,,,1.09,,,,,,,,,,,,,,,,,,,,,,,,,,,,,,,,,,,,,,,,,,,,,,,,,2008-02-13,,0.83,,pre-market,,,,,,,,,,,,,-23.8532,,,,,,,,,,,,
2008-03-31,VMC,,,,,,,,,,,,,,,,,,,,,,,,,,,,,,,,,,,,,,-0.43,,,0.56,,,,,,,,,,,,,,,,,,,,,,,,,,,,,,,,,,,,,,,,,,,,,,,,,2008-05-05,,0.13,,pre-market,,,,,,,,,,,,,-76.7857,,,,,,,,,,,,
2008-06-30,VMC,,,,,,,,,,,,,,,,,,,,,,,,,,,,,,,,,,,,,,-0.17,,,1.1,,,,,,,,,,,,,,,,,,,,,,,,,,,,,,,,,,,,,,,,,,,,,,,,,2008-08-05,,0.93,,pre-market,,,,,,,,,,,,,-15.4545,,,,,,,,,,,,
2008-09-30,VMC,,,,,,,,,,,,,,,,,,,,,,,,,,,,,,,,,,,,,,-0.3,,,0.84,,,,,,,,,,,,,,,,,,,,,,,,,,,,,,,,,,,,,,,,,,,,,,,,,2008-11-05,,0.54,,pre-market,,,,,,,,,,,,,-35.7143,,,,,,,,,,,,
2008-12-31,VMC,,,,,,,,,,,,,,,,,,,,,,,,,,,,,,,,,,,,,,-0.15,,,0.29,,,,,,,,,,,,,,,,,,,,,,,,,,,,,,,,,,,,,,,,,,,,,,,,,2009-02-09,,0.14,,pre-market,,,,,,,,,,,,,-51.7241,,,,,,,,,,,,
2009-03-31,VMC,,,,,,,,,,,,,,,,,,,,,,,,,,,,,,,,,,,,,,-0.22,,,-0.07,,,,,,,,,,,,,,,,,,,,,,,,,,,,,,,,,,,,,,,,,,,,,,,,,2009-05-04,,-0.29,,pre-market,,,,,,,,,,,,,-314.2857,,,,,,,,,,,,
2009-06-30,VMC,,,,,,,,,,,,,,,,,,,,,,,,,,,,,,,,,,,,,,-0.06,,,0.2,,,,,,,,,,,,,,,,,,,,,,,,,,,,,,,,,,,,,,,,,,,,,,,,,2009-08-03,,0.14,,pre-market,,,,,,,,,,,,,-30.0,,,,,,,,,,,,
2009-09-30,VMC,,,,,,,,,,,,,,,,,,,,,,,,,,,,,,,,,,,,,,0.01,,,0.37,,,,,,,,,,,,,,,,,,,,,,,,,,,,,,,,,,,,,,,,,,,,,,,,,2009-11-02,,0.38,,pre-market,,,,,,,,,,,,,2.7027,,,,,,,,,,,,
2009-12-31,VMC,,,,,,,,,,,,,,,,,,,,,,,,,,,,,,,,,,,,,,-0.08,,,-0.02,,,,,,,,,,,,,,,,,,,,,,,,,,,,,,,,,,,,,,,,,,,,,,,,,2010-02-08,,-0.1,,pre-market,,,,,,,,,,,,,-400.0,,,,,,,,,,,,
2010-03-31,VMC,,,,,,,,,,,,,,,,,,,,,,,,,,,,,,,,,,,,,,0.0,,,-0.35,,,,,,,,,,,,,,,,,,,,,,,,,,,,,,,,,,,,,,,,,,,,,,,,,2010-05-03,,-0.35,,pre-market,,,,,,,,,,,,,0.0,,,,,,,,,,,,
2010-06-30,VMC,,,,,,,,,,,,,,,,,,,,,,,,,,,,,,,,,,,,,,-0.42,,,0.24,,,,,,,,,,,,,,,,,,,,,,,,,,,,,,,,,,,,,,,,,,,,,,,,,2010-08-02,,-0.18,,pre-market,,,,,,,,,,,,,-175.0,,,,,,,,,,,,
2010-09-30,VMC,,,,,,,,,,,,,,,,,,,,,,,,,,,,,,,,,,,,,,-0.1,,,0.18,,,,,,,,,,,,,,,,,,,,,,,,,,,,,,,,,,,,,,,,,,,,,,,,,2010-11-01,,0.08,,pre-market,,,,,,,,,,,,,-55.5556,,,,,,,,,,,,
2010-12-31,VMC,,,,,,,,,,,,,,,,,,,,,,,,,,,,,,,,,,,,,,-0.18,,,-0.18,,,,,,,,,,,,,,,,,,,,,,,,,,,,,,,,,,,,,,,,,,,,,,,,,2011-02-02,,-0.36,,pre-market,,,,,,,,,,,,,-100.0,,,,,,,,,,,,
2011-03-31,VMC,,,,,,,,,,,,,,,,,,,,,,,,,,,,,,,,,,,,,,-0.13,,,-0.49,,,,,,,,,,,,,,,,,,,,,,,,,,,,,,,,,,,,,,,,,,,,,,,,,2011-05-04,,-0.62,,pre-market,,,,,,,,,,,,,-26.5306,,,,,,,,,,,,
2011-06-30,VMC,,,,,,,,,,,,,,,,,,,,,,,,,,,,,,,,,,,,,,0.13,,,-0.06,,,,,,,,,,,,,,,,,,,,,,,,,,,,,,,,,,,,,,,,,,,,,,,,,2011-08-02,,0.07,,pre-market,,,,,,,,,,,,,216.6667,,,,,,,,,,,,
2011-09-30,VMC,,,,,,,,,,,,,,,,,,,,,,,,,,,,,,,,,,,,,,-0.19,,,0.06,,,,,,,,,,,,,,,,,,,,,,,,,,,,,,,,,,,,,,,,,,,,,,,,,2011-11-02,,-0.13,,pre-market,,,,,,,,,,,,,-316.6667,,,,,,,,,,,,
2011-12-31,VMC,,,,,,,,,,,,,,,,,,,,,,,,,,,,,,,,,,,,,,0.18,,,-0.37,,,,,,,,,,,,,,,,,,,,,,,,,,,,,,,,,,,,,,,,,,,,,,,,,2012-02-16,,-0.19,,pre-market,,,,,,,,,,,,,48.6486,,,,,,,,,,,,
2012-03-31,VMC,,,,,,,,,,,,,,,,,,,,,,,,,,,,,,,,,,,,,,0.02,,,-0.44,,,,,,,,,,,,,,,,,,,,,,,,,,,,,,,,,,,,,,,,,,,,,,,,,2012-04-26,,-0.42,,pre-market,,,,,,,,,,,,,4.5455,,,,,,,,,,,,
2012-06-30,VMC,,,,,,,,,,,,,,,,,,,,,,,,,,,,,,,,,,,,,,-0.08,,,0.06,,,,,,,,,,,,,,,,,,,,,,,,,,,,,,,,,,,,,,,,,,,,,,,,,2012-07-26,,-0.02,,pre-market,,,,,,,,,,,,,-133.3333,,,,,,,,,,,,
2012-09-30,VMC,,,,,,,,,,,,,,,,,,,,,,,,,,,,,,,,,,,,,,-0.03,,,0.17,,,,,,,,,,,,,,,,,,,,,,,,,,,,,,,,,,,,,,,,,,,,,,,,,2012-11-08,,0.14,,pre-market,,,,,,,,,,,,,-17.6471,,,,,,,,,,,,
2012-12-31,VMC,,,,,,,,,,,,,,,,,,,,,,,,,,,,,,,,,,,,,,-0.22,,,-0.1,,,,,,,,,,,,,,,,,,,,,,,,,,,,,,,,,,,,,,,,,,,,,,,,,2013-02-14,,-0.32,,pre-market,,,,,,,,,,,,,-220.0,,,,,,,,,,,,
2013-03-31,VMC,,,,,,,,,,,,,,,,,,,,,,,,,,,,,,,,,,,,,,-0.13,,,-0.36,,,,,,,,,,,,,,,,,,,,,,,,,,,,,,,,,,,,,,,,,,,,,,,,,2013-05-02,,-0.49,,pre-market,,,,,,,,,,,,,-36.1111,,,,,,,,,,,,
2013-06-30,VMC,,,,,,,,,,,,,,,,,,,,,,,,,,,,,,,,,,,,,,0.09,,,0.14,,,,,,,,,,,,,,,,,,,,,,,,,,,,,,,,,,,,,,,,,,,,,,,,,2013-08-01,,0.23,,pre-market,,,,,,,,,,,,,64.2857,,,,,,,,,,,,
2013-09-30,VMC,,,,,,,,,,,,,,,,,,,,,,,,,,,,,,,,,,,,,,0.05,,,0.27,,,,,,,,,,,,,,,,,,,,,,,,,,,,,,,,,,,,,,,,,,,,,,,,,2013-11-04,,0.32,,pre-market,,,,,,,,,,,,,18.5185,,,,,,,,,,,,
2013-12-31,VMC,,,,,,,,,,,,,,,,,,,,,,,,,,,,,,,,,,,,,,0.1,,,-0.02,,,,,,,,,,,,,,,,,,,,,,,,,,,,,,,,,,,,,,,,,,,,,,,,,2014-02-06,,0.08,,pre-market,,,,,,,,,,,,,500.0,,,,,,,,,,,,
2014-03-31,VMC,,,,,,,,,,,,,,,,,,,,,,,,,,,,,,,,,,,,,,0.05,,,-0.33,,,,,,,,,,,,,,,,,,,,,,,,,,,,,,,,,,,,,,,,,,,,,,,,,2014-05-06,,-0.28,,pre-market,,,,,,,,,,,,,15.1515,,,,,,,,,,,,
2014-06-30,VMC,,,,,,,,,,,,,,,,,,,,,,,,,,,,,,,,,,,,,,-0.01,,,0.38,,,,,,,,,,,,,,,,,,,,,,,,,,,,,,,,,,,,,,,,,,,,,,,,,2014-08-05,,0.37,,pre-market,,,,,,,,,,,,,-2.6316,,,,,,,,,,,,
2014-09-30,VMC,,,,,,,,,,,,,,,,,,,,,,,,,,,,,,,,,,,,,,0.01,,,0.52,,,,,,,,,,,,,,,,,,,,,,,,,,,,,,,,,,,,,,,,,,,,,,,,,2014-11-04,,0.53,,pre-market,,,,,,,,,,,,,1.9231,,,,,,,,,,,,
2014-12-31,VMC,,,,,,,,,,,,,,,,,,,,,,,,,,,,,,,,,,,,,,0.04,,,0.27,,,,,,,,,,,,,,,,,,,,,,,,,,,,,,,,,,,,,,,,,,,,,,,,,2015-02-05,,0.31,,pre-market,,,,,,,,,,,,,14.8148,,,,,,,,,,,,
2015-03-31,VMC,,,,,,,,,,,,,,,,,,,,,,,,,,,,,,,,,,,,,,0.0,,,-0.16,,,,,,,,,,,,,,,,,,,,,,,,,,,,,,,,,,,,,,,,,,,,,,,,,2015-05-04,,-0.16,,post-market,,,,,,,,,,,,,0.0,,,,,,,,,,,,
2015-06-30,VMC,,,,,,,,,,,,,,,,,,,,,,,,,,,,,,,,,,,,,,0.02,,,0.64,,,,,,,,,,,,,,,,,,,,,,,,,,,,,,,,,,,,,,,,,,,,,,,,,2015-08-03,,0.66,,post-market,,,,,,,,,,,,,3.125,,,,,,,,,,,,
2015-09-30,VMC,,,,,,,,,,,,,,,,,,,,,,,,,,,,,,,,,,,,,,-0.02,,,0.97,,,,,,,,,,,,,,,,,,,,,,,,,,,,,,,,,,,,,,,,,,,,,,,,,2015-11-03,,0.95,,pre-market,,,,,,,,,,,,,-2.0619,,,,,,,,,,,,
2015-12-31,VMC,,,,,,,,,,,,,,,,,,,,,,,,,,,,,,,,,,,,,,0.13,,,0.61,,,,,,,,,,,,,,,,,,,,,,,,,,,,,,,,,,,,,,,,,,,,,,,,,2016-02-04,,0.74,,pre-market,,,,,,,,,,,,,21.3115,,,,,,,,,,,,
2016-03-31,VMC,,,,,,,,,,,,,,,,,,,,,,,,,,,,,,,,,,,,,,0.19,,,0.07,,,,,,,,,,,,,,,,,,,,,,,,,,,,,,,,,,,,,,,,,,,,,,,,,2016-05-03,,0.26,,pre-market,,,,,,,,,,,,,271.4286,,,,,,,,,,,,
2016-06-30,VMC,,,,,,,,,,,,,,,,,,,,,,,,,,,,,,,,,,,,,,-0.1,,,1.0,,,,,,,,,,,,,,,,,,,,,,,,,,,,,,,,,,,,,,,,,,,,,,,,,2016-08-01,,0.9,,pre-market,,,,,,,,,,,,,-10.0,,,,,,,,,,,,
2016-09-30,VMC,,,,,,,,,,,,,,,,,,,,,,,,,,,,,,,,,,,,,,-0.12,,,1.13,,,,,,,,,,,,,,,,,,,,,,,,,,,,,,,,,,,,,,,,,,,,,,,,,2016-11-02,,1.01,,pre-market,,,,,,,,,,,,,-10.6195,,,,,,,,,,,,
2016-12-31,VMC,,,,,,,,,,,,,,,,,,,,,,,,,,,,,,,,,,,,,,-0.16,,,0.85,,,,,,,,,,,,,,,,,,,,,,,,,,,,,,,,,,,,,,,,,,,,,,,,,2017-02-07,,0.69,,pre-market,,,,,,,,,,,,,-18.8235,,,,,,,,,,,,
2017-03-31,VMC,,,,,,,,,,,,,,,,,,,,,,,,,,,,,,,,,,,,,,0.14,,,0.2,,,,,,,,,,,,,,,,,,,,,,,,,,,,,,,,,,,,,,,,,,,,,,,,,2017-05-10,,0.34,,pre-market,,,,,,,,,,,,,70.0,,,,,,,,,,,,
2017-06-30,VMC,,,,,,,,,,,,,,,,,,,,,,,,,,,,,,,,,,,,,,-0.3,,,1.2,,,,,,,,,,,,,,,,,,,,,,,,,,,,,,,,,,,,,,,,,,,,,,,,,2017-08-02,,0.9,,pre-market,,,,,,,,,,,,,-25.0,,,,,,,,,,,,
2017-09-30,VMC,,,,,,,,,,,,,,,,,,,,,,,,,,,,,,,,,,,,,,-0.01,,,1.05,,,,,,,,,,,,,,,,,,,,,,,,,,,,,,,,,,,,,,,,,,,,,,,,,2017-11-01,,1.04,,post-market,,,,,,,,,,,,,-0.9524,,,,,,,,,,,,
2017-12-31,VMC,,,,,,,,,,,,,,,,,,,,,,,,,,,,,,,,,,,,,,0.0,,,0.74,,,,,,,,,,,,,,,,,,,,,,,,,,,,,,,,,,,,,,,,,,,,,,,,,2018-02-16,,0.74,,pre-market,,,,,,,,,,,,,0.0,,,,,,,,,,,,
2018-03-31,VMC,,,,,,,,,,,,,,,,,,,,,,,,,,,,,,,,,,,,,,0.22,,,0.22,,,,,,,,,,,,,,,,,,,,,,,,,,,,,,,,,,,,,,,,,,,,,,,,,2018-05-03,,0.44,,pre-market,,,,,,,,,,,,,100.0,,,,,,,,,,,,
2018-06-30,VMC,,,,,,,,,,,,,,,,,,,,,,,,,,,,,,,,,,,,,,-0.12,,,1.35,,,,,,,,,,,,,,,,,,,,,,,,,,,,,,,,,,,,,,,,,,,,,,,,,2018-07-31,,1.23,,pre-market,,,,,,,,,,,,,-8.8889,,,,,,,,,,,,
2018-09-30,VMC,,,,,,,,,,,,,,,,,,,,,,,,,,,,,,,,,,,,,,0.02,,,1.38,,,,,,,,,,,,,,,,,,,,,,,,,,,,,,,,,,,,,,,,,,,,,,,,,2018-10-30,,1.4,,pre-market,,,,,,,,,,,,,1.4493,,,,,,,,,,,,
2018-12-31,VMC,,,,,,,,,,,,,,,,,,,,,,,,,,,,,,,,,,,,,,0.1,,,0.89,,,,,,,,,,,,,,,,,,,,,,,,,,,,,,,,,,,,,,,,,,,,,,,,,2019-02-14,,0.99,,pre-market,,,,,,,,,,,,,11.236,,,,,,,,,,,,
2019-03-31,VMC,,,,,,,,,,,,,,,,,,,,,,,,,,,,,,,,,,,,,,0.1,,,0.36,,,,,,,,,,,,,,,,,,,,,,,,,,,,,,,,,,,,,,,,,,,,,,,,,2019-05-02,,0.46,,pre-market,,,,,,,,,,,,,27.7778,,,,,,,,,,,,
2019-06-30,VMC,,,,,,,,,,,,,,,,,,,,,,,,,,,,,,,,,,,,,,0.01,,,1.47,,,,,,,,,,,,,,,,,,,,,,,,,,,,,,,,,,,,,,,,,,,,,,,,,2019-07-25,,1.48,,pre-market,,,,,,,,,,,,,0.6803,,,,,,,,,,,,
2019-09-30,VMC,,,,,,,,,,,,,,,,,,,,,,,,,,,,,,,,,,,,,,-0.02,,,1.7,,,,,,,,,,,,,,,,,,,,,,,,,,,,,,,,,,,,,,,,,,,,,,,,,2019-11-06,,1.68,,pre-market,,,,,,,,,,,,,-1.1765,,,,,,,,,,,,
2019-12-31,VMC,,,,,,,,,,,,,,,,,,,,,,,,,,,,,,,,,,,,,,-0.09,,,1.17,,,,,,,,,,,,,,,,,,,,,,,,,,,,,,,,,,,,,,,,,,,,,,,,,2020-02-18,,1.08,,pre-market,,,,,,,,,,,,,-7.6923,,,,,,,,,,,,
2020-03-31,VMC,,,,,,,,,,,,,,,,,,,,,,,,,,,,,,,,,,,,,,0.04,,,0.43,,,,,,,,,,,,,,,,,,,,,,,,,,,,,,,,,,,,,,,,,,,,,,,,,2020-05-06,,0.47,,pre-market,,,,,,,,,,,,,9.3023,,,,,,,,,,,,
2020-06-30,VMC,,,,,,,,,,,,,,,,,,,,,,,,,,,,,,,,,,,,,,0.22,,,1.38,,,,,,,,,,,,,,,,,,,,,,,,,,,,,,,,,,,,,,,,,,,,,,,,,2020-08-04,,1.6,,pre-market,,,,,,,,,,,,,15.942,,,,,,,,,,,,
2020-09-30,VMC,,,,,,,,,,,,,,,,,,,,,,,,,,,,,,,,,,,,,,-0.06,,,1.62,,,,,,,,,,,,,,,,,,,,,,,,,,,,,,,,,,,,,,,,,,,,,,,,,2020-11-05,,1.56,,pre-market,,,,,,,,,,,,,-3.7037,,,,,,,,,,,,
2020-12-31,VMC,,,,,,,,,,,,,,,,,,,,,,,,,,,,,,,,,,,,,,0.09,,,0.98,,,,,,,,,,,,,,,,,,,,,,,,,,,,,,,,,,,,,,,,,,,,,,,,,2021-02-16,,1.07,,pre-market,,,,,,,,,,,,,9.1837,,,,,,,,,,,,
2021-03-31,VMC,,,,,,,,,,,,,,,,,,,,,,,,,,,,,,,,,,,,,,0.24,,,0.45,,,,,,,,,,,,,,,,,,,,,,,,,,,,,,,,,,,,,,,,,,,,,,,,,2021-05-04,,0.69,,pre-market,,,,,,,,,,,,,53.3333,,,,,,,,,,,,
2021-06-30,VMC,,,,,,,,,,,,,,,,,,,,,,,,,,,,,,,,,,,,,,-0.09,,,1.66,,,,,,,,,,,,,,,,,,,,,,,,,,,,,,,,,,,,,,,,,,,,,,,,,2021-08-04,,1.57,,pre-market,,,,,,,,,,,,,-5.4217,,,,,,,,,,,,
2021-09-30,VMC,,,,,,,,,,,,,,,,,,,,,,,,,,,,,,,,,,,,,,-0.11,,,1.65,,,,,,,,,,,,,,,,,,,,,,,,,,,,,,,,,,,,,,,,,,,,,,,,,2021-11-04,,1.54,,pre-market,,,,,,,,,,,,,-6.6667,,,,,,,,,,,,
2021-12-31,VMC,,,,,,,,,,,,,,,,,,,,,,,,,,,,,,,,,,,,,,0.09,,,1.16,,,,,,,,,,,,,,,,,,,,,,,,,,,,,,,,,,,,,,,,,,,,,,,,,2022-02-16,,1.25,,pre-market,,,,,,,,,,,,,7.7586,,,,,,,,,,,,
2022-03-31,VMC,,,,,,,,,,,,,,,,,,,,,,,,,,,,,,,,,,,,,,0.11,,,0.62,,,,,,,,,,,,,,,,,,,,,,,,,,,,,,,,,,,,,,,,,,,,,,,,,2022-05-04,,0.73,,pre-market,,,,,,,,,,,,,17.7419,,,,,,,,,,,,
2022-06-30,VMC,,,,,,,,,,,,,,,,,,,,,,,,,,,,,,,,,,,,,,-0.05,,,1.69,,,,,,,,,,,,,,,,,,,,,,,,,,,,,,,,,,,,,,,,,,,,,,,,,2022-08-04,,1.64,,pre-market,,,,,,,,,,,,,-2.9586,,,,,,,,,,,,
2022-09-30,VMC,,,,,,,,,,,,,,,,,,,,,,,,,,,,,,,,,,,,,,0.08,,,1.7,,,,,,,,,,,,,,,,,,,,,,,,,,,,,,,,,,,,,,,,,,,,,,,,,2022-11-02,,1.78,,pre-market,,,,,,,,,,,,,4.7059,,,,,,,,,,,,
2022-12-31,VMC,,,,,,,,,,,,,,,,,,,,,,,,,,,,,,,,,,,,,,-0.18,,,1.26,,,,,,,,,,,,,,,,,,,,,,,,,,,,,,,,,,,,,,,,,,,,,,,,,2023-02-16,,1.08,,pre-market,,,,,,,,,,,,,-14.2857,,,,,,,,,,,,
2023-03-31,VMC,,,,,,,,,,,,,,,,,,,,,,,,,,,,,,,,,,,,,,0.34,,,0.61,,,,,,,,,,,,,,,,,,,,,,,,,,,,,,,,,,,,,,,,,,,,,,,,,2023-05-04,,0.95,,pre-market,,,,,,,,,,,,,55.7377,,,,,,,,,,,,
2023-06-30,VMC,,,,,,,,,,,,,,,,,,,,,,,,,,,,,,,,,,,,,,0.38,,,1.91,,,,,,,,,,,,,,,,,,,,,,,,,,,,,,,,,,,,,,,,,,,,,,,,,2023-08-03,,2.29,,pre-market,,,,,,,,,,,,,19.8953,,,,,,,,,,,,
2023-09-30,VMC,,,,,,,,,,,,,,,,,,,,,,,,,,,,,,,,,,,,,,-0.01,,,2.3,,,,,,,,,,,,,,,,,,,,,,,,,,,,,,,,,,,,,,,,,,,,,,,,,2023-10-26,,2.29,,pre-market,,,,,,,,,,,,,-0.4348,,,,,,,,,,,,
2023-12-31,VMC,,,,,,,,,,,,,,,,,,,,,,,,,,,,,,,,,,,,,,0.07,,,1.39,,,,,,,,,,,,,,,,,,,,,,,,,,,,,,,,,,,,,,,,,,,,,,,,,2024-02-16,,1.46,,pre-market,,,,,,,,,,,,,5.036,,,,,,,,,,,,
2024-03-31,VMC,,,,,,,,,,,,,,,,,,,,,,,,,,,,,,,,,,,,,,-0.17,,,0.97,,,,,,,,,,,,,,,,,,,,,,,,,,,,,,,,,,,,,,,,,,,,,,,,,2024-05-02,,0.8,,pre-market,,,,,,,,,,,,,-17.5258,,,,,,,,,,,,
2024-06-30,VMC,,,,,,,,,,,,,,,,,,,,,,,,,,,,,,,,,,,,,,-0.13,,,2.48,,,,,,,,,,,,,,,,,,,,,,,,,,,,,,,,,,,,,,,,,,,,,,,,,2024-08-06,,2.35,,pre-market,,,,,,,,,,,,,-5.2419,,,,,,,,,,,,
2024-09-30,VMC,,,,,,,,,,,,,,,,,,,,,,,,,,,,,,,,,,,,,,-0.1,,,2.32,,,,,,,,,,,,,,,,,,,,,,,,,,,,,,,,,,,,,,,,,,,,,,,,,2024-10-30,,2.22,,pre-market,,,,,,,,,,,,,-4.3103,,,,,,,,,,,,
2024-12-31,VMC,,,,,,,,,,,,,,,,,,,,,,,,,,,,,,,,,,,,,,0.32,,,1.85,,,,,,,,,,,,,,,,,,,,,,,,,,,,,,,,,,,,,,,,,,,,,,,,,2025-02-14,,2.17,,pre-market,,,,,,,,,,,,,17.2973,,,,,,,,,,,,
2025-03-31,VMC,,,,,,,,,,,,,,,,,,,,,,,,,,,,,,,,,,,,,,0.2403,,,0.7597,,,,,,,,,,,,,,,,,,,,,,,,,,,,,,,,,,,,,,,,,,,,,,,,,2025-04-30,,1.0,,pre-market,,,,,,,,,,,,,31.6309,,,,,,,,,,,,
2025-06-30,VMC,,,,,,,,,,,,,,,,,,,,,,,,,,,,,,,,,,,,,,-0.15,,,2.6,,,,,,,,,,,,,,,,,,,,,,,,,,,,,,,,,,,,,,,,,,,,,,,,,2025-07-31,,2.45,,pre-market,,,,,,,,,,,,,-5.7692,,,,,,,,,,,,
2025-09-30,VMC,,,,,,,,,,,,,,,,,,,,,,,,,,,,,,,,,,,,,,0.19,,,2.65,,,,,,,,,,,,,,,,,,,,,,,,,,,,,,,,,,,,,,,,,,,,,,,,,2025-10-28,,2.84,,pre-market,,,,,,,,,,,,,7.1698,,,,,,,,,,,,
2025-12-28,VMC,8.47,7882200000.0,34.73,,1.064,66.17,,,,,,,,,,,,,,,,,,,,,,,,,,1.93,0.0066,,,,0.808,0.19,,,2.65,,30.3,,2224900000.0,,,,,,,,,,,,,,,,,,,0.236,,,,,,,,,,,,,2.193,4.451,4.932,,,,,,,,0.142,,,2025-10-28,,2.84,,pre-market,,,0.064,0.135,0.144,59.61,,,,,275.45,291.4,7.1698,,,,,,,,,34.73,,311.21,213.97
2025-12-28,VMC,8.47,7882200000.0,34.73,,1.064,66.17,,,,,,,,,,,,,,,None,1594300000,1594300000,,,,,,None,191400000,,1.93,0.0066,,,,0.808,0.19,781700000,973100000,2.65,2025-09-30,30.3,,2224900000.0,688500000,488600000,112400000,,,None,293100000,55300000,,None,,,,,379200000,376200000,-55300000,None,0.236,,145200000,543300000,,,,,None,,,,,2.193,4.451,4.932,,,,,,,,0.142,,,2025-10-28,quarterly,2.84,USD,pre-market,None,,0.064,0.135,0.144,59.61,145300000,,,,275.45,291.4,7.1698,,,,,,,2282800000,,34.73,,311.21,213.97
2025-12-28,VMC,8.47,7882200000.0,34.73,,1.064,66.17,,,,,,,,,,,,,,,None,1477200000,1477200000,,,,,,None,185400000,,1.93,0.0066,,,,0.808,0.19,473400000,658800000,2.65,2025-06-30,30.3,,2224900000.0,625200000,414200000,91300000,,,None,59200000,59200000,,None,,,,,320900000,322900000,-59200000,None,0.236,,154200000,471000000,,,,,None,,,,,2.193,4.451,4.932,,,,,,,,0.142,,,2025-10-28,quarterly,2.84,USD,pre-market,None,,0.064,0.135,0.144,59.61,138300000,,,,275.45,291.4,7.1698,,,,,,,2102400000,,34.73,,311.21,213.97
2025-12-28,VMC,8.47,7882200000.0,34.73,,1.064,66.17,,,,,,,,,,,,,,,None,1269300000,1269300000,,,,,,None,186400000,,1.93,0.0066,,,,0.808,0.19,223800000,410200000,2.65,2025-03-31,30.3,,2224900000.0,365300000,164100000,33800000,,,None,59700000,59700000,,None,,,,,128900000,130300000,-59700000,None,0.236,,138900000,226400000,,,,,None,,,,,2.193,4.451,4.932,,,,,,,,0.142,,,2025-10-28,quarterly,2.84,USD,pre-market,None,,0.064,0.135,0.144,59.61,138300000,,,,275.45,291.4,7.1698,,,,,,,1634600000,,34.73,,311.21,213.97
2025-12-28,VMC,8.47,7882200000.0,34.73,,1.064,66.17,,,,,,,,,,,,,,,None,1316500000,1316500000,,,,,,None,149100000,,1.93,0.0066,,,,0.808,0.19,412500000,561600000,2.65,2024-12-31,30.3,,2224900000.0,537200000,339000000,42900000,,,None,73500000,52600000,,None,,,,,293700000,296100000,-52600000,None,0.236,,136200000,401000000,,,,,None,,,,,2.193,4.451,4.932,,,,,,,,0.142,,,2025-10-28,quarterly,2.84,USD,pre-market,None,,0.064,0.135,0.144,59.61,138100000,,,,275.45,291.4,7.1698,,,,,,,1853700000,,34.73,,311.21,213.97
2025-12-28,VMC,8.47,7882200000.0,34.73,,1.064,66.17,,,,,,,,,,,,,,,None,1438700000,1438700000,,,,,,None,160700000,,1.93,0.0066,,,,0.808,0.19,333300000,494000000,2.65,2024-09-30,30.3,,2224900000.0,565200000,294900000,85200000,,,None,38400000,38400000,,None,,,,,207600000,209700000,-38400000,None,0.236,,228100000,337100000,,,,,None,,,,,2.193,4.451,4.932,,,,,,,,0.142,,,2025-10-28,quarterly,2.84,USD,pre-market,None,,0.064,0.135,0.144,59.61,129100000,,,,275.45,291.4,7.1698,,,,,,,2003900000,,34.73,,311.21,213.97
2025-12-28,VMC,8.47,7882200000.0,34.73,,1.064,66.17,,,,,,,,,,,,,,,None,1422200000,1422200000,,,,,,None,156800000,,1.93,0.0066,,,,0.808,0.19,444900000,601700000,2.65,2024-06-30,30.3,,2224900000.0,592200000,404700000,94400000,,,None,40200000,None,,None,,,,,308000000,310300000,-40200000,None,0.236,,138600000,453600000,,,,,None,,,,,2.193,4.451,4.932,,,,,,,,0.142,,,2025-10-28,quarterly,2.84,USD,pre-market,None,,0.064,0.135,0.144,59.61,134100000,,,,275.45,291.4,7.1698,,,,,,,2014400000,,34.73,,311.21,213.97
2025-12-28,VMC,8.47,7882200000.0,34.73,,1.064,66.17,,,,,,,,,,,,,,,None,1240800000,1240800000,,,,,,None,150900000,,1.93,0.0066,,,,0.808,0.19,172600000,323500000,2.65,2024-03-31,30.3,,2224900000.0,304900000,133500000,28900000,,,None,39100000,None,,None,,,,,102700000,104600000,-39100000,None,0.236,,132000000,172900000,,,,,None,,,,,2.193,4.451,4.932,,,,,,,,0.142,,,2025-10-28,quarterly,2.84,USD,pre-market,None,,0.064,0.135,0.144,59.61,129700000,,,,275.45,291.4,7.1698,,,,,,,1545700000,,34.73,,311.21,213.97
2025-12-28,VMC,8.47,7882200000.0,34.73,,1.064,66.17,,,,,,,,,,,,,,,None,1362100000,1362100000,,,,,,None,138700000,,1.93,0.0066,,,,0.808,0.19,389200000,527900000,2.65,2023-12-31,30.3,,2224900000.0,472200000,335300000,105000000,,,None,37400000,None,,None,,,,,227400000,230300000,-37400000,None,0.236,,102100000,370100000,,,,,None,,,,,2.193,4.451,4.932,,,,,,,,0.142,,,2025-10-28,quarterly,2.84,USD,pre-market,None,,0.064,0.135,0.144,59.61,142400000,,,,275.45,291.4,7.1698,,,,,,,1834300000,,34.73,,311.21,213.97
2025-12-28,VMC,8.47,7882200000.0,34.73,,1.064,66.17,,,,,,,,,,,,,,,None,1594800000,1594800000,,,,,,None,161100000,,1.93,0.0066,,,,0.808,0.19,412500000,573600000,2.65,2023-09-30,30.3,,2224900000.0,591000000,365900000,85800000,,,None,46600000,46600000,,None,,,,,276500000,280100000,-46600000,None,0.236,,172100000,418900000,,,,,None,,,,,2.193,4.451,4.932,,,,,,,,0.142,,,2025-10-28,quarterly,2.84,USD,pre-market,None,,0.064,0.135,0.144,59.61,143900000,,,,275.45,291.4,7.1698,,,,,,,2185800000,,34.73,,311.21,213.97
2025-12-28,VMC,8.47,7882200000.0,34.73,,1.064,66.17,,,,,,,,,,,,,,,None,1529600000,1529600000,,,,,,None,154900000,,1.93,0.0066,,,,0.808,0.19,451000000,605900000,2.65,2023-06-30,30.3,,2224900000.0,583300000,404300000,92000000,,,None,46700000,46700000,,None,,,,,308600000,312300000,-46700000,None,0.236,,132200000,451100000,,,,,-100000,,,,,2.193,4.451,4.932,,,,,,,,0.142,,,2025-10-28,quarterly,2.84,USD,pre-market,None,,0.064,0.135,0.144,59.61,139100000,,,,275.45,291.4,7.1698,,,,,,,2112900000,,34.73,,311.21,213.97
2025-12-28,VMC,8.47,7882200000.0,34.73,,1.064,66.17,,,,,,,,,,,,,,,None,1347000000,1347000000,,,,,,None,148400000,,1.93,0.0066,,,,0.808,0.19,188600000,337000000,2.65,2023-03-31,30.3,,2224900000.0,302000000,139600000,16600000,,,None,49000000,49000000,,None,,,,,120700000,123000000,-49000000,None,0.236,,114800000,187200000,,,,,1400000,,,,,2.193,4.451,4.932,,,,,,,,0.142,,,2025-10-28,quarterly,2.84,USD,pre-market,None,,0.064,0.135,0.144,59.61,117300000,,,,275.45,291.4,7.1698,,,,,,,1649000000,,34.73,,311.21,213.97
2025-12-28,VMC,8.47,7882200000.0,34.73,,1.064,66.17,,,,,,,,,,,,,,,None,1382000000,1382000000,,,,,,None,152500000,,1.93,0.0066,,,,0.808,0.19,199100000,351600000,2.65,2022-12-31,30.3,,2224900000.0,349900000,150800000,28500000,,,None,48400000,47600000,,None,,,,,119400000,122300000,-47600000,None,0.236,,158400000,191500000,,,,,7800000,,,,,2.193,4.451,4.932,,,,,,,,0.142,,,2025-10-28,quarterly,2.84,USD,pre-market,None,,0.064,0.135,0.144,59.61,126400000,,,,275.45,291.4,7.1698,,,,,,,1731900000,,34.73,,311.21,213.97
2025-12-28,VMC,8.47,7882200000.0,34.73,,1.064,66.17,,,,,,,,,,,,,,,None,1595400000,1595400000,,,,,,None,151000000,,1.93,0.0066,,,,0.808,0.19,306700000,457700000,2.65,2022-09-30,30.3,,2224900000.0,492900000,260600000,82300000,,,None,46100000,46100000,,None,,,,,177100000,178300000,-46100000,None,0.236,,187500000,305400000,,,,,1300000,,,,,2.193,4.451,4.932,,,,,,,,0.142,,,2025-10-28,quarterly,2.84,USD,pre-market,None,,0.064,0.135,0.144,59.61,135300000,,,,275.45,291.4,7.1698,,,,,,,2088300000,,34.73,,311.21,213.97
2025-12-28,VMC,8.47,7882200000.0,34.73,,1.064,66.17,,,,,,,,,,,,,,,None,1508100000,1508100000,,,,,,None,143000000,,1.93,0.0066,,,,0.808,0.19,302900000,445900000,2.65,2022-06-30,30.3,,2224900000.0,446200000,264200000,63700000,,,None,38700000,38700000,,None,,,,,187300000,200500000,-38700000,None,0.236,,138600000,307600000,,,,,-4700000,,,,,2.193,4.451,4.932,,,,,,,,0.142,,,2025-10-28,quarterly,2.84,USD,pre-market,None,,0.064,0.135,0.144,59.61,134400000,,,,275.45,291.4,7.1698,,,,,,,1954300000,,34.73,,311.21,213.97
2025-12-28,VMC,8.47,7882200000.0,34.73,,1.064,66.17,,,,,,,,,,,,,,,None,1271900000,1271900000,,,,,,None,141000000,,1.93,0.0066,,,,0.808,0.19,148500000,289500000,2.65,2022-03-31,30.3,,2224900000.0,268800000,112600000,18700000,,,None,35900000,35900000,,None,,,,,91800000,93900000,-35900000,None,0.236,,121800000,147000000,,,,,1500000,,,,,2.193,4.451,4.932,,,,,,,,0.142,,,2025-10-28,quarterly,2.84,USD,pre-market,None,,0.064,0.135,0.144,59.61,124400000,,,,275.45,291.4,7.1698,,,,,,,1540700000,,34.73,,311.21,213.97
2025-12-28,VMC,8.47,7882200000.0,34.73,,1.064,66.17,,,,,,,,,,,,,,,None,1254594000,1254594000,,,,,,None,142008000,,1.93,0.0066,,,,0.808,0.19,206398000,348406000,2.65,2021-12-31,30.3,,2224900000.0,351709000,168700000,30400000,,,None,36100000,36100000,,None,,,,,138081000,138300000,-36100000,None,0.236,,140323000,211386000,,,,,-4988000,,,,,2.193,4.451,4.932,,,,,,,,0.142,,,2025-10-28,quarterly,2.84,USD,pre-market,None,,0.064,0.135,0.144,59.61,124600000,,,,275.45,291.4,7.1698,,,,,,,1606303000,,34.73,,311.21,213.97
2025-12-28,VMC,8.47,7882200000.0,34.73,,1.064,66.17,,,,,,,,,,,,,,,None,1122400000,1122400000,,,,,,None,117500000,,1.93,0.0066,,,,0.808,0.19,265500000,383000000,2.65,2021-09-30,30.3,,2224900000.0,394100000,228742000,51770000,,,None,36800000,36776000,,None,,,,,176900000,176972000,-36776000,None,0.236,,131700000,262400000,,,,,3152000,,,,,2.193,4.451,4.932,,,,,,,,0.142,,,2025-10-28,quarterly,2.84,USD,pre-market,None,,0.064,0.135,0.144,59.61,134635000,,,,275.45,291.4,7.1698,,,,,,,1516500000,,34.73,,311.21,213.97
2025-12-28,VMC,8.47,7882200000.0,34.73,,1.064,66.17,,,,,,,,,,,,,,,None,962600000,962600000,,,,,,None,103100000,,1.93,0.0066,,,,0.808,0.19,295800000,398900000,2.65,2021-06-30,30.3,,2224900000.0,398400000,254063000,57283000,,,None,41700000,41696000,,None,,,,,195300000,196780000,-41696000,None,0.236,,110900000,287500000,,,,,8223000,,,,,2.193,4.451,4.932,,,,,,,,0.142,,,2025-10-28,quarterly,2.84,USD,pre-market,None,,0.064,0.135,0.144,59.61,100667000,,,,275.45,291.4,7.1698,,,,,,,1361000000,,34.73,,311.21,213.97
2025-12-28,VMC,8.47,7882200000.0,34.73,,1.064,66.17,,,,,,,,,,,,,,,None,839000000,839000000,,,,,,None,100400000,,1.93,0.0066,,,,0.808,0.19,255400000,355800000,2.65,2021-03-31,30.3,,2224900000.0,229300000,222308000,60638000,,,None,33100000,33118000,,None,,,,,160600000,161670000,-33118000,None,0.236,,-20200000,249500000,,,,,5913000,,,,,2.193,4.451,4.932,,,,,,,,0.142,,,2025-10-28,quarterly,2.84,USD,pre-market,None,,0.064,0.135,0.144,59.61,96919000,,,,275.45,291.4,7.1698,,,,,,,1068300000,,34.73,,311.21,213.97
2025-12-28,VMC,8.47,7882200000.0,34.73,,1.064,66.17,,,,,,,,,,,,,,,None,872378000,872378000,,,,,,None,100894000,,1.93,0.0066,,,,0.808,0.19,176639000,277533000,2.65,2020-12-31,30.3,,2224900000.0,302741000,141188000,25273000,,,None,33884000,33884000,,None,,,,,114518000,115915000,-33884000,None,0.236,,106311000,196430000,,,,,-19791000,,,,,2.193,4.451,4.932,,,,,,,,0.142,,,2025-10-28,quarterly,2.84,USD,pre-market,None,,0.064,0.135,0.144,59.61,98626000,,,,275.45,291.4,7.1698,,,,,,,1175119000,,34.73,,311.21,213.97
2025-12-28,VMC,8.47,7882200000.0,34.73,,1.064,66.17,,,,,,,,,,,,,,,None,929392000,929392000,,,,,,None,100961000,,1.93,0.0066,,,,0.808,0.19,293891000,394852000,2.65,2020-09-30,30.3,,2224900000.0,380498000,258109000,56984000,,,None,35782000,35782000,,None,,,,,199788000,201125000,-35782000,None,0.236,,92394000,288104000,,,,,5787000,,,,,2.193,4.451,4.932,,,,,,,,0.142,,,2025-10-28,quarterly,2.84,USD,pre-market,None,,0.064,0.135,0.144,59.61,83511000,,,,275.45,291.4,7.1698,,,,,,,1309890000,,34.73,,311.21,213.97
2025-12-28,VMC,8.47,7882200000.0,34.73,,1.064,66.17,,,,,,,,,,,,,,,None,926056000,926056000,,,,,,None,99471000,,1.93,0.0066,,,,0.808,0.19,306263000,405734000,2.65,2020-06-30,30.3,,2224900000.0,396519000,272309000,61352000,,,None,33954000,33954000,,None,,,,,209916000,210957000,-33954000,None,0.236,,97623000,298896000,,,,,7367000,,,,,2.193,4.451,4.932,,,,,,,,0.142,,,2025-10-28,quarterly,2.84,USD,pre-market,None,,0.064,0.135,0.144,59.61,91205000,,,,275.45,291.4,7.1698,,,,,,,1322575000,,34.73,,311.21,213.97
2025-12-28,VMC,8.47,7882200000.0,34.73,,1.064,66.17,,,,,,,,,,,,,,,None,847519000,847519000,,,,,,None,95480000,,1.93,0.0066,,,,0.808,0.19,102965000,198445000,2.65,2020-03-31,30.3,,2224900000.0,201723000,72192000,12194000,,,None,30773000,30773000,,None,,,,,60258000,59998000,-30773000,None,0.236,,89422000,112301000,,,,,-9336000,,,,,2.193,4.451,4.932,,,,,,,,0.142,,,2025-10-28,quarterly,2.84,USD,pre-market,None,,0.064,0.135,0.144,59.61,86430000,,,,275.45,291.4,7.1698,,,,,,,1049242000,,34.73,,311.21,213.97
2025-12-28,VMC,8.47,7882200000.0,34.73,,1.064,66.17,,,,,,,,,,,,,,,None,893071000,893071000,,,,,,None,95671000,,1.93,0.0066,,,,0.808,0.19,198020000,293691000,2.65,2019-12-31,30.3,,2224900000.0,293081000,166030000,23434000,,,None,30757000,30835000,,None,,,,,141093000,142595000,-30835000,None,0.236,,99505000,193576000,,,,,4444000,,,,,2.193,4.451,4.932,,,,,,,,0.142,,,2025-10-28,quarterly,2.84,USD,pre-market,None,,0.064,0.135,0.144,59.61,95801000,,,,275.45,291.4,7.1698,,,,,,,1186152000,,34.73,,311.21,213.97
2025-12-28,VMC,8.47,7882200000.0,34.73,,1.064,66.17,,,,,,,,,,,,,,,None,1018115000,1018115000,,,,,,None,96248000,,1.93,0.0066,,,,0.808,0.19,303735000,399983000,2.65,2019-09-30,30.3,,2224900000.0,400643000,271538000,53472000,,,None,32197000,32197000,,None,,,,,215713000,218066000,-32197000,None,0.236,,97267000,303376000,,,,,359000,,,,,2.193,4.451,4.932,,,,,,,,0.142,,,2025-10-28,quarterly,2.84,USD,pre-market,None,,0.064,0.135,0.144,59.61,88789000,,,,275.45,291.4,7.1698,,,,,,,1418758000,,34.73,,311.21,213.97
2025-12-28,VMC,8.47,7882200000.0,34.73,,1.064,66.17,,,,,,,,,,,,,,,None,957180000,957180000,,,,,,None,93496000,,1.93,0.0066,,,,0.808,0.19,278540000,372036000,2.65,2019-06-30,30.3,,2224900000.0,370502000,245505000,47598000,,,None,33035000,33035000,,None,,,,,197558000,197907000,-33035000,None,0.236,,94428000,276074000,,,,,2466000,,,,,2.193,4.451,4.932,,,,,,,,0.142,,,2025-10-28,quarterly,2.84,USD,pre-market,None,,0.064,0.135,0.144,59.61,95689000,,,,275.45,291.4,7.1698,,,,,,,1327682000,,34.73,,311.21,213.97
2025-12-28,VMC,8.47,7882200000.0,34.73,,1.064,66.17,,,,,,,,,,,,,,,None,804836000,804836000,,,,,,None,89181000,,1.93,0.0066,,,,0.808,0.19,107562000,196743000,2.65,2019-03-31,30.3,,2224900000.0,191675000,74628000,10693000,,,None,32934000,32934000,,None,,,,,63299000,63935000,-32934000,None,0.236,,87242000,104433000,,,,,3129000,,,,,2.193,4.451,4.932,,,,,,,,0.142,,,2025-10-28,quarterly,2.84,USD,pre-market,None,,0.064,0.135,0.144,59.61,90268000,,,,275.45,291.4,7.1698,,,,,,,996511000,,34.73,,311.21,213.97
2025-12-28,VMC,8.47,7882200000.0,34.73,,1.064,66.17,,,,,,,,,,,,,,,None,812763000,812763000,,,,,,None,89783000,,1.93,0.0066,,,,0.808,0.19,187335000,277118000,2.65,2018-12-31,30.3,,2224900000.0,275284000,153924000,29645000,,,None,32783000,None,,None,,,,,124022000,124280000,None,None,0.236,,88795000,186489000,,,,,242000,,,,,2.193,4.451,4.932,,,,,,,,0.142,,,2025-10-28,quarterly,2.84,USD,pre-market,0,,0.064,0.135,0.144,59.61,84382000,,,,275.45,291.4,7.1698,,,,,,,1088047000,,34.73,,311.21,213.97
2025-12-28,VMC,8.47,7882200000.0,34.73,,1.064,66.17,,,,,,,,,,,,,,,None,897055000,897055000,,,,,,None,89391000,,1.93,0.0066,,,,0.808,0.19,254074000,343465000,2.65,2018-09-30,30.3,,2224900000.0,343142000,220527000,40663000,,,None,33547000,None,,None,,,,,179151000,179864000,None,None,0.236,,93958000,249184000,,,,,4890000,,,,,2.193,4.451,4.932,,,,,,,,0.142,,,2025-10-28,quarterly,2.84,USD,pre-market,0,,0.064,0.135,0.144,59.61,81606000,,,,275.45,291.4,7.1698,,,,,,,1240197000,,34.73,,311.21,213.97
2025-12-28,VMC,8.47,7882200000.0,34.73,,1.064,66.17,,,,,,,,,,,,,,,None,876967000,876967000,,,,,,None,85633000,,1.93,0.0066,,,,0.808,0.19,233592000,319225000,2.65,2018-06-30,30.3,,2224900000.0,323184000,200348000,40046000,,,None,33244000,None,,None,,,,,159652000,160302000,None,None,0.236,,92931000,230253000,,,,,3339000,,,,,2.193,4.451,4.932,,,,,,,,0.142,,,2025-10-28,quarterly,2.84,USD,pre-market,0,,0.064,0.135,0.144,59.61,89043000,,,,275.45,291.4,7.1698,,,,,,,1200151000,,34.73,,311.21,213.97
2025-12-28,VMC,8.47,7882200000.0,34.73,,1.064,66.17,,,,,,,,,,,,,,,None,695140000,695140000,,,,,,None,81439000,,1.93,0.0066,,,,0.808,0.19,86266000,167705000,2.65,2018-03-31,30.3,,2224900000.0,159334000,48492000,-4903000,,,None,37774000,None,,None,,,,,52979000,53395000,None,None,0.236,,78139000,81195000,,,,,5083000,,,,,2.193,4.451,4.932,,,,,,,,0.142,,,2025-10-28,quarterly,2.84,USD,pre-market,0,,0.064,0.135,0.144,59.61,78340000,,,,275.45,291.4,7.1698,,,,,,,854474000,,34.73,,311.21,213.97
2025-12-28,VMC,8.47,7882200000.0,34.73,,1.064,66.17,,,,,,,,,,,,,,,None,734199000,734199000,,,,,,None,66576000,,1.93,0.0066,,,,0.808,0.19,155287000,221863000,2.65,2017-12-31,30.3,,2224900000.0,243291000,14337000,-313632000,,,None,140950000,None,,None,,,,,327546000,327969000,None,None,0.236,,92057000,151234000,,,,,4053000,,,,,2.193,4.451,4.932,,,,,,,,0.142,,,2025-10-28,quarterly,2.84,USD,pre-market,0,,0.064,0.135,0.144,59.61,85655000,,,,275.45,291.4,7.1698,,,,,,,977490000,,34.73,,311.21,213.97
2025-12-28,VMC,8.47,7882200000.0,34.73,,1.064,66.17,,,,,,,,,,,,,,,None,790957000,790957000,,,,,,None,79635000,,1.93,0.0066,,,,0.808,0.19,231271000,310906000,2.65,2017-09-30,30.3,,2224900000.0,303758000,149230000,39080000,,,None,82041000,None,,None,,,,,108579000,110150000,None,None,0.236,,76280000,227478000,,,,,1784000,,,,,2.193,4.451,4.932,,,,,,,,0.142,,,2025-10-28,quarterly,2.84,USD,pre-market,0,,0.064,0.135,0.144,59.61,73350000,,,,275.45,291.4,7.1698,,,,,,,1094715000,,34.73,,311.21,213.97
2025-12-28,VMC,8.47,7882200000.0,34.73,,1.064,66.17,,,,,,,,,,,,,,,None,740746000,740746000,,,,,,None,76776000,,1.93,0.0066,,,,0.808,0.19,195856000,272632000,2.65,2017-06-30,30.3,,2224900000.0,290017000,157401000,45652000,,,None,38455000,None,,None,,,,,120139000,111749000,None,None,0.236,,98051000,191966000,,,,,1869000,,,,,2.193,4.451,4.932,,,,,,,,0.142,,,2025-10-28,quarterly,2.84,USD,pre-market,0,,0.064,0.135,0.144,59.61,82793000,,,,275.45,291.4,7.1698,,,,,,,1030763000,,34.73,,311.21,213.97
2025-12-28,VMC,8.47,7882200000.0,34.73,,1.064,66.17,,,,,,,,,,,,,,,None,629107000,629107000,,,,,,None,71563000,,1.93,0.0066,,,,0.808,0.19,74424000,145987000,2.65,2017-03-31,30.3,,2224900000.0,158221000,40348000,-3175000,,,None,34076000,None,,None,,,,,44921000,43523000,None,None,0.236,,87842000,70379000,,,,,2024000,,,,,2.193,4.451,4.932,,,,,,,,0.142,,,2025-10-28,quarterly,2.84,USD,pre-market,0,,0.064,0.135,0.144,59.61,82120000,,,,275.45,291.4,7.1698,,,,,,,787328000,,34.73,,311.21,213.97
2025-12-28,VMC,8.47,7882200000.0,34.73,,1.064,66.17,,,,,,,,,,,,,,,None,633269000,633269000,,,,,,None,60519000,,1.93,0.0066,,,,0.808,0.19,175225000,235744000,2.65,2016-12-31,30.3,,2224900000.0,239705000,141341000,33276000,,,None,33884000,None,,None,,,,,137052000,132515000,None,None,0.236,,65906000,173799000,,,,,1426000,,,,,2.193,4.451,4.932,,,,,,,,0.142,,,2025-10-28,quarterly,2.84,USD,pre-market,0,,0.064,0.135,0.144,59.61,79526000,,,,275.45,291.4,7.1698,,,,,,,872974000,,34.73,,311.21,213.97
2025-12-28,VMC,8.47,7882200000.0,34.73,,1.064,66.17,,,,,,,,,,,,,,,None,703931000,703931000,,,,,,None,72048000,,1.93,0.0066,,,,0.808,0.19,228066000,300114000,2.65,2016-09-30,30.3,,2224900000.0,304209000,194940000,52062000,,,None,33126000,None,,None,,,,,142024000,142878000,None,None,0.236,,77133000,227076000,,,,,990000,,,,,2.193,4.451,4.932,,,,,,,,0.142,,,2025-10-28,quarterly,2.84,USD,pre-market,0,,0.064,0.135,0.144,59.61,76311000,,,,275.45,291.4,7.1698,,,,,,,1008140000,,34.73,,311.21,213.97
2025-12-28,VMC,8.47,7882200000.0,34.73,,1.064,66.17,,,,,,,,,,,,,,,None,664641000,664641000,,,,,,None,71908000,,1.93,0.0066,,,,0.808,0.19,213815000,285723000,2.65,2016-06-30,30.3,,2224900000.0,292184000,180482000,54200000,,,None,33333000,None,,None,,,,,124709000,126282000,None,None,0.236,,78398000,213786000,,,,,29000,,,,,2.193,4.451,4.932,,,,,,,,0.142,,,2025-10-28,quarterly,2.84,USD,pre-market,0,,0.064,0.135,0.144,59.61,82681000,,,,275.45,291.4,7.1698,,,,,,,956825000,,34.73,,311.21,213.97
2025-12-28,VMC,8.47,7882200000.0,34.73,,1.064,66.17,,,,,,,,,,,,,,,None,590010000,590010000,,,,,,None,69406000,,1.93,0.0066,,,,0.808,0.19,64227000,133633000,2.65,2016-03-31,30.3,,2224900000.0,164718000,30495000,9764000,,,None,33732000,None,,None,,,,,18924000,20731000,None,None,0.236,,99797000,64921000,,,,,-694000,,,,,2.193,4.451,4.932,,,,,,,,0.142,,,2025-10-28,quarterly,2.84,USD,pre-market,0,,0.064,0.135,0.144,59.61,76468000,,,,275.45,291.4,7.1698,,,,,,,754728000,,34.73,,311.21,213.97
2025-12-28,VMC,8.47,7882200000.0,34.73,,1.064,66.17,,,,,,,,,,,,,,,None,603356000,603356000,,,,,,None,58579000,,1.93,0.0066,,,,0.808,0.19,173982000,232561000,2.65,2015-12-31,30.3,,2224900000.0,253929000,137325000,43766000,,,None,36657000,None,,None,,,,,88888000,93560000,None,None,0.236,,80891000,173038000,,,,,945000,,,,,2.193,4.451,4.932,,,,,,,,0.142,,,2025-10-28,quarterly,2.84,USD,pre-market,0,,0.064,0.135,0.144,59.61,79494000,,,,275.45,291.4,7.1698,,,,,,,857285000,,34.73,,311.21,213.97
2025-12-28,VMC,8.47,7882200000.0,34.73,,1.064,66.17,,,,,,,,,,,,,,,None,747170000,747170000,,,,,,None,69662000,,1.93,0.0066,,,,0.808,0.19,209388000,279050000,2.65,2015-09-30,30.3,,2224900000.0,291290000,171588000,45386000,,,None,37800000,None,,None,,,,,123805000,126202000,None,None,0.236,,79084000,212206000,,,,,-2818000,,,,,2.193,4.451,4.932,,,,,,,,0.142,,,2025-10-28,quarterly,2.84,USD,pre-market,0,,0.064,0.135,0.144,59.61,71390000,,,,275.45,291.4,7.1698,,,,,,,1038460000,,34.73,,311.21,213.97
2025-12-28,VMC,8.47,7882200000.0,34.73,,1.064,66.17,,,,,,,,,,,,,,,None,660694000,660694000,,,,,,None,68385000,,1.93,0.0066,,,,0.808,0.19,153337000,221722000,2.65,2015-06-30,30.3,,2224900000.0,234449000,69686000,19867000,,,None,83651000,None,,None,,,,,48162000,49819000,None,None,0.236,,80673000,153776000,,,,,-439000,,,,,2.193,4.451,4.932,,,,,,,,0.142,,,2025-10-28,quarterly,2.84,USD,pre-market,0,,0.064,0.135,0.144,59.61,69197000,,,,275.45,291.4,7.1698,,,,,,,895143000,,34.73,,311.21,213.97
2025-12-28,VMC,8.47,7882200000.0,34.73,,1.064,66.17,,,,,,,,,,,,,,,None,553428000,553428000,,,,,,None,66723000,,1.93,0.0066,,,,0.808,0.19,11738000,78461000,2.65,2015-03-31,30.3,,2224900000.0,77865000,-50742000,-14075000,,,None,62480000,None,,None,,,,,-39678000,-36667000,None,None,0.236,,67106000,10759000,,,,,979000,,,,,2.193,4.451,4.932,,,,,,,,0.142,,,2025-10-28,quarterly,2.84,USD,pre-market,0,,0.064,0.135,0.144,59.61,66763000,,,,275.45,291.4,7.1698,,,,,,,631293000,,34.73,,311.21,213.97
2025-12-28,VMC,8.47,7882200000.0,34.73,,1.064,66.17,,,,,,,,,,,,,,,None,585367000,585367000,,,,,,None,59038000,,1.93,0.0066,,,,0.808,0.19,99929000,158967000,2.65,2014-12-31,30.3,,2224900000.0,169660000,58093000,19745000,,,None,41836000,None,,None,,,,,38021000,38349000,None,None,0.236,,69768000,99892000,,,,,37000,,,,,2.193,4.451,4.932,,,,,,,,0.142,,,2025-10-28,quarterly,2.84,USD,pre-market,0,,0.064,0.135,0.144,59.61,72480000,,,,275.45,291.4,7.1698,,,,,,,755027000,,34.73,,311.21,213.97
2025-12-28,VMC,8.47,7882200000.0,34.73,,1.064,66.17,,,,,,,,,,,,,,,None,664537000,664537000,,,,,,None,71156000,,1.93,0.0066,,,,0.808,0.19,139738000,210894000,2.65,2014-09-30,30.3,,2224900000.0,209042000,98847000,31066000,,,None,40891000,None,,None,,,,,66939000,67781000,None,None,0.236,,68711000,140331000,,,,,-593000,,,,,2.193,4.451,4.932,,,,,,,,0.142,,,2025-10-28,quarterly,2.84,USD,pre-market,0,,0.064,0.135,0.144,59.61,66074000,,,,275.45,291.4,7.1698,,,,,,,873579000,,34.73,,311.21,213.97
2025-12-28,VMC,8.47,7882200000.0,34.73,,1.064,66.17,,,,,,,,,,,,,,,None,616355000,616355000,,,,,,None,68324000,,1.93,0.0066,,,,0.808,0.19,105044000,173368000,2.65,2014-06-30,30.3,,2224900000.0,174788000,64493000,17982000,,,None,40551000,None,,None,,,,,45967000,46511000,None,None,0.236,,71542000,103246000,,,,,1798000,,,,,2.193,4.451,4.932,,,,,,,,0.142,,,2025-10-28,quarterly,2.84,USD,pre-market,0,,0.064,0.135,0.144,59.61,67615000,,,,275.45,291.4,7.1698,,,,,,,791143000,,34.73,,311.21,213.97
2025-12-28,VMC,8.47,7882200000.0,34.73,,1.064,66.17,,,,,,,,,,,,,,,None,540328000,540328000,,,,,,None,69378000,,1.93,0.0066,,,,0.808,0.19,197494000,266872000,2.65,2014-03-31,30.3,,2224900000.0,34092000,77405000,22900000,,,None,120089000,None,,None,,,,,53995000,54505000,None,None,0.236,,-160577000,194669000,,,,,2825000,,,,,2.193,4.451,4.932,,,,,,,,0.142,,,2025-10-28,quarterly,2.84,USD,pre-market,0,,0.064,0.135,0.144,59.61,66119000,,,,275.45,291.4,7.1698,,,,,,,574420000,,34.73,,311.21,213.97
2025-12-28,VMC,8.47,7882200000.0,34.73,,1.064,66.17,,,,,,,,,,,,,,,None,562899000,562899000,,,,,,None,65546000,,1.93,0.0066,,,,0.808,0.19,57342000,122888000,2.65,2013-12-31,30.3,,2224900000.0,117347000,7511000,-2585000,,,None,49831000,None,,None,,,,,9082000,10097000,None,None,0.236,,63518000,53829000,,,,,3512000,,,,,2.193,4.451,4.932,,,,,,,,0.142,,,2025-10-28,quarterly,2.84,USD,pre-market,0,,0.064,0.135,0.144,59.61,64016000,,,,275.45,291.4,7.1698,,,,,,,680246000,,34.73,,311.21,213.97
2025-12-28,VMC,8.47,7882200000.0,34.73,,1.064,66.17,,,,,,,,,,,,,,,None,654585000,654585000,,,,,,None,78320000,,1.93,0.0066,,,,0.808,0.19,102077000,180397000,2.65,2013-09-30,30.3,,2224900000.0,158983000,52943000,10793000,,,None,49134000,None,,None,,,,,41363000,42150000,None,None,0.236,,59216000,99767000,,,,,2310000,,,,,2.193,4.451,4.932,,,,,,,,0.142,,,2025-10-28,quarterly,2.84,USD,pre-market,0,,0.064,0.135,0.144,59.61,65854000,,,,275.45,291.4,7.1698,,,,,,,813568000,,34.73,,311.21,213.97
2025-12-28,VMC,8.47,7882200000.0,34.73,,1.064,66.17,,,,,,,,,,,,,,,None,605838000,605838000,,,,,,None,76960000,,1.93,0.0066,,,,0.808,0.19,87152000,164112000,2.65,2013-06-30,30.3,,2224900000.0,132895000,36279000,6151000,,,None,50873000,None,,None,,,,,28772000,30128000,None,None,0.236,,46029000,86866000,,,,,286000,,,,,2.193,4.451,4.932,,,,,,,,0.142,,,2025-10-28,quarterly,2.84,USD,pre-market,0,,0.064,0.135,0.144,59.61,64902000,,,,275.45,291.4,7.1698,,,,,,,738733000,,34.73,,311.21,213.97
2025-12-28,VMC,8.47,7882200000.0,34.73,,1.064,66.17,,,,,,,,,,,,,,,None,520507000,520507000,,,,,,None,75597000,,1.93,0.0066,,,,0.808,0.19,-47685000,27912000,2.65,2013-03-31,30.3,,2224900000.0,17655000,-100437000,-38818000,,,None,52752000,None,,None,,,,,-54836000,-61619000,None,None,0.236,,67713000,-50058000,,,,,2373000,,,,,2.193,4.451,4.932,,,,,,,,0.142,,,2025-10-28,quarterly,2.84,USD,pre-market,0,,0.064,0.135,0.144,59.61,64655000,,,,275.45,291.4,7.1698,,,,,,,538162000,,34.73,,311.21,213.97
2025-12-28,VMC,8.47,7882200000.0,34.73,,1.064,66.17,,,,,,,,,,,,,,,None,529225000,529225000,,,,,,None,70612000,,1.93,0.0066,,,,0.808,0.19,73427000,144039000,2.65,2012-12-31,30.3,,2224900000.0,79206000,5135000,647000,,,None,52928000,None,,None,,,,,3483000,4488000,None,None,0.236,,23674000,55532000,,,,,3673000,,,,,2.193,4.451,4.932,,,,,,,,0.142,,,2025-10-28,quarterly,2.84,USD,pre-market,0,,0.064,0.135,0.144,59.61,23542000,,,,275.45,291.4,7.1698,,,,,,,608431000,,34.73,,311.21,213.97
2025-12-28,VMC,8.47,7882200000.0,34.73,,1.064,66.17,,,,,,,,,,,,,,,None,601938000,601938000,,,,,,None,84108000,,1.93,0.0066,,,,0.808,0.19,57672000,141780000,2.65,2012-09-30,30.3,,2224900000.0,126923000,4629000,-10992000,,,None,53043000,None,,None,,,,,14260000,15621000,None,None,0.236,,71057000,55866000,,,,,1806000,,,,,2.193,4.451,4.932,,,,,,,,0.142,,,2025-10-28,quarterly,2.84,USD,pre-market,0,,0.064,0.135,0.144,59.61,66647000,,,,275.45,291.4,7.1698,,,,,,,728861000,,34.73,,311.21,213.97
2025-12-28,VMC,8.47,7882200000.0,34.73,,1.064,66.17,,,,,,,,,,,,,,,None,588197000,588197000,,,,,,None,84116000,,1.93,0.0066,,,,0.808,0.19,18953000,103069000,2.65,2012-06-30,30.3,,2224900000.0,105939000,-34734000,-17749000,,,None,53687000,None,,None,,,,,-18283000,-16985000,None,None,0.236,,86277000,19662000,,,,,-709000,,,,,2.193,4.451,4.932,,,,,,,,0.142,,,2025-10-28,quarterly,2.84,USD,pre-market,0,,0.064,0.135,0.144,59.61,93974000,,,,275.45,291.4,7.1698,,,,,,,694136000,,34.73,,311.21,213.97
2025-12-28,VMC,8.47,7882200000.0,34.73,,1.064,66.17,,,,,,,,,,,,,,,None,513924000,513924000,,,,,,None,85167000,,1.93,0.0066,,,,0.808,0.19,-43181000,41986000,2.65,2012-03-31,30.3,,2224900000.0,21958000,-95447000,-38397000,,,None,52266000,None,,None,,,,,-52053000,-57050000,None,None,0.236,,68237000,-46279000,,,,,3098000,,,,,2.193,4.451,4.932,,,,,,,,0.142,,,2025-10-28,quarterly,2.84,USD,pre-market,0,,0.064,0.135,0.144,59.61,74977000,,,,275.45,291.4,7.1698,,,,,,,535882000,,34.73,,311.21,213.97
2025-12-28,VMC,8.47,7882200000.0,34.73,,1.064,66.17,,,,,,,,,,,,,,,None,540272000,540272000,,,,,,None,88048000,,1.93,0.0066,,,,0.808,0.19,42748000,130796000,2.65,2011-12-31,30.3,,2224900000.0,74355000,-56488000,-30545000,,,None,53345000,None,,None,,,,,-27865000,-25943000,None,None,0.236,,79884000,-5529000,,,,,5829000,,,,,2.193,4.451,4.932,,,,,,,,0.142,,,2025-10-28,quarterly,2.84,USD,pre-market,1109000,,0.064,0.135,0.144,59.61,68726000,,,,275.45,291.4,7.1698,,,,,,,614627000,,34.73,,311.21,213.97
2025-12-28,VMC,8.47,7882200000.0,34.73,,1.064,66.17,,,,,,,,,,,,,,,None,644972000,644972000,,,,,,None,90948000,,1.93,0.0066,,,,0.808,0.19,48760000,139708000,2.65,2011-09-30,30.3,,2224900000.0,115780000,52245000,29833000,,,None,50678000,None,,None,,,,,19959000,22412000,None,None,0.236,,9112000,106668000,,,,,-3745000,,,,,2.193,4.451,4.932,,,,,,,,0.142,,,2025-10-28,quarterly,2.84,USD,pre-market,0,,0.064,0.135,0.144,59.61,67859000,,,,275.45,291.4,7.1698,,,,,,,760752000,,34.73,,311.21,213.97
2025-12-28,VMC,8.47,7882200000.0,34.73,,1.064,66.17,,,,,,,,,,,,,,,None,601131000,601131000,,,,,,None,92137000,,1.93,0.0066,,,,0.808,0.19,26778000,118915000,2.65,2011-06-30,30.3,,2224900000.0,100840000,-47443000,-40341000,,,None,70911000,None,,None,,,,,-8139000,-7102000,None,None,0.236,,77352000,23488000,,,,,-20000,,,,,2.193,4.451,4.932,,,,,,,,0.142,,,2025-10-28,quarterly,2.84,USD,pre-market,0,,0.064,0.135,0.144,59.61,75893000,,,,275.45,291.4,7.1698,,,,,,,701971000,,34.73,,311.21,213.97
2025-12-28,VMC,8.47,7882200000.0,34.73,,1.064,66.17,,,,,,,,,,,,,,,None,494306000,494306000,,,,,,None,90586000,,1.93,0.0066,,,,0.808,0.19,-84622000,5964000,2.65,2011-03-31,30.3,,2224900000.0,-7106000,-102052000,-37430000,,,None,42250000,None,,None,,,,,-54733000,-64622000,None,None,0.236,,54078000,-61184000,,,,,1382000,,,,,2.193,4.451,4.932,,,,,,,,0.142,,,2025-10-28,quarterly,2.84,USD,pre-market,0,,0.064,0.135,0.144,59.61,77516000,,,,275.45,291.4,7.1698,,,,,,,487200000,,34.73,,311.21,213.97
2025-12-28,VMC,8.47,7882200000.0,34.73,,1.064,66.17,,,,,,,,,,,,,,,None,535493000,535493000,,,,,,None,92919000,,1.93,0.0066,,,,0.808,0.19,24735000,117654000,2.65,2010-12-31,30.3,,2224900000.0,50750000,-74317000,-28172000,,,None,46199000,None,,None,,,,,-46997000,-173613000,None,None,0.236,,80162000,-29412000,,,,,56550000,,,,,2.193,4.451,4.932,,,,,,,,0.142,,,2025-10-28,quarterly,2.84,USD,pre-market,1582000,,0.064,0.135,0.144,59.61,120106000,,,,275.45,291.4,7.1698,,,,,,,586243000,,34.73,,311.21,213.97
2025-12-28,VMC,8.47,7882200000.0,34.73,,1.064,66.17,,,,,,,,,,,,,,,None,616457000,616457000,,,,,,None,97698000,,1.93,0.0066,,,,0.808,0.19,49956000,147654000,2.65,2010-09-30,30.3,,2224900000.0,126747000,4543000,-6048000,,,None,47526000,None,,None,,,,,13246000,10591000,None,None,0.236,,76315000,50432000,,,,,1637000,,,,,2.193,4.451,4.932,,,,,,,,0.142,,,2025-10-28,quarterly,2.84,USD,pre-market,0,,0.064,0.135,0.144,59.61,77560000,,,,275.45,291.4,7.1698,,,,,,,743204000,,34.73,,311.21,213.97
2025-12-28,VMC,8.47,7882200000.0,34.73,,1.064,66.17,,,,,,,,,,,,,,,None,613817000,613817000,,,,,,None,97279000,,1.93,0.0066,,,,0.808,0.19,-152000,97127000,2.65,2010-06-30,30.3,,2224900000.0,122335000,-43746000,-21231000,,,None,44204000,None,,None,,,,,-23992000,-22515000,None,None,0.236,,121125000,1210000,,,,,-752000,,,,,2.193,4.451,4.932,,,,,,,,0.142,,,2025-10-28,quarterly,2.84,USD,pre-market,0,,0.064,0.135,0.144,59.61,83376000,,,,275.45,291.4,7.1698,,,,,,,736152000,,34.73,,311.21,213.97
2025-12-28,VMC,8.47,7882200000.0,34.73,,1.064,66.17,,,,,,,,,,,,,,,None,492370000,492370000,,,,,,None,94197000,,1.93,0.0066,,,,0.808,0.19,-85141000,9056000,2.65,2010-03-31,30.3,,2224900000.0,894000,-78686000,-34212000,,,None,43783000,None,,None,,,,,-38747000,-44474000,None,None,0.236,,37664000,-36770000,,,,,1867000,,,,,2.193,4.451,4.932,,,,,,,,0.142,,,2025-10-28,quarterly,2.84,USD,pre-market,0,,0.064,0.135,0.144,59.61,86495000,,,,275.45,291.4,7.1698,,,,,,,493264000,,34.73,,311.21,213.97
2025-12-28,VMC,8.47,7882200000.0,34.73,,1.064,66.17,,,,,,,,,,,,,,,None,522103000,522103000,,,,,,None,96454000,,1.93,0.0066,,,,0.808,0.19,2489000,98943000,2.65,2009-12-31,30.3,,2224900000.0,68041000,-40830000,-28248000,,,None,43319000,None,,None,,,,,-13349000,0,None,None,0.236,,66649000,1392000,,,,,None,,,,,2.193,4.451,4.932,,,,,,,,0.142,,,2025-10-28,quarterly,2.84,USD,pre-market,1541000,,0.064,0.135,0.144,59.61,82979000,,,,275.45,291.4,7.1698,,,,,,,590144000,,34.73,,311.21,213.97
2025-12-28,VMC,8.47,7882200000.0,34.73,,1.064,66.17,,,,,,,,,,,,,,,None,623712000,623712000,,,,,,None,99243000,,1.93,0.0066,,,,0.808,0.19,75208000,174451000,2.65,2009-09-30,30.3,,2224900000.0,154480000,41941000,-5983000,,,None,43952000,None,,None,,,,,54232000,47924000,None,None,0.236,,71776000,82704000,,,,,3189000,,,,,2.193,4.451,4.932,,,,,,,,0.142,,,2025-10-28,quarterly,2.84,USD,pre-market,0,,0.064,0.135,0.144,59.61,79558000,,,,275.45,291.4,7.1698,,,,,,,778192000,,34.73,,311.21,213.97
2025-12-28,VMC,8.47,7882200000.0,34.73,,1.064,66.17,,,,,,,,,,,,,,,None,576025000,576025000,,,,,,None,99600000,,1.93,0.0066,,,,0.808,0.19,69266000,168866000,2.65,2009-06-30,30.3,,2224900000.0,145834000,25193000,9632000,,,None,44073000,None,,None,,,,,22212000,15561000,None,None,0.236,,80150000,65684000,,,,,3582000,,,,,2.193,4.451,4.932,,,,,,,,0.142,,,2025-10-28,quarterly,2.84,USD,pre-market,0,,0.064,0.135,0.144,59.61,79353000,,,,275.45,291.4,7.1698,,,,,,,721859000,,34.73,,311.21,213.97
2025-12-28,VMC,8.47,7882200000.0,34.73,,1.064,66.17,,,,,,,,,,,,,,,None,522687000,522687000,,,,,,None,99315000,,1.93,0.0066,,,,0.808,0.19,-1606000,97709000,2.65,2009-03-31,30.3,,2224900000.0,77607000,-45525000,-13270000,,,None,43919000,None,,None,,,,,-32780000,0,None,None,0.236,,78933000,-1326000,,,,,None,,,,,2.193,4.451,4.932,,,,,,,,0.142,,,2025-10-28,quarterly,2.84,USD,pre-market,0,,0.064,0.135,0.144,59.61,79717000,,,,275.45,291.4,7.1698,,,,,,,600294000,,34.73,,311.21,213.97
2025-12-28,VMC,8.47,7882200000.0,34.73,,1.064,66.17,,,,,,,,,,,,,,,None,650009000,650009000,,,,,,None,97569000,,1.93,0.0066,,,,0.808,0.19,68235000,165804000,2.65,2008-12-31,30.3,,2224900000.0,149190000,-231833000,-14641000,,,None,46583000,None,,None,,,,,-217853000,0,None,None,0.236,,333619000,-184429000,,,,,None,,,,,2.193,4.451,4.932,,,,,,,,0.142,,,2025-10-28,quarterly,2.84,USD,pre-market,1546000,,0.064,0.135,0.144,59.61,88863000,,,,275.45,291.4,7.1698,,,,,,,799199000,,34.73,,311.21,213.97
2025-12-28,VMC,8.47,7882200000.0,34.73,,1.064,66.17,,,,,,,,,,,,,,,None,812503000,812503000,,,,,,None,98716000,,1.93,0.0066,,,,0.808,0.19,125433000,224149000,2.65,2008-09-30,30.3,,2224900000.0,200846000,80854000,21038000,,,None,44579000,None,,None,,,,,59050000,0,None,None,0.236,,72543000,128303000,,,,,None,,,,,2.193,4.451,4.932,,,,,,,,0.142,,,2025-10-28,quarterly,2.84,USD,pre-market,0,,0.064,0.135,0.144,59.61,76364000,,,,275.45,291.4,7.1698,,,,,,,1013349000,,34.73,,311.21,213.97
2025-12-28,VMC,8.47,7882200000.0,34.73,,1.064,66.17,,,,,,,,,,,,,,,None,776325000,776325000,,,,,,None,96919000,,1.93,0.0066,,,,0.808,0.19,242910000,339829000,2.65,2008-06-30,30.3,,2224900000.0,245226000,204717000,63492000,,,None,38193000,None,,None,,,,,140755000,0,None,None,0.236,,6757000,238469000,,,,,None,,,,,2.193,4.451,4.932,,,,,,,,0.142,,,2025-10-28,quarterly,2.84,USD,pre-market,0,,0.064,0.135,0.144,59.61,84781000,,,,275.45,291.4,7.1698,,,,,,,1021551000,,34.73,,311.21,213.97
2025-12-28,VMC,8.47,7882200000.0,34.73,,1.064,66.17,,,,,,,,,,,,,,,None,662889000,662889000,,,,,,None,95856000,,1.93,0.0066,,,,0.808,0.19,64778000,160634000,2.65,2008-03-31,30.3,,2224900000.0,154450000,21320000,6835000,,,None,43458000,None,,None,,,,,13933000,0,None,None,0.236,,87692000,66758000,,,,,None,,,,,2.193,4.451,4.932,,,,,,,,0.142,,,2025-10-28,quarterly,2.84,USD,pre-market,0,,0.064,0.135,0.144,59.61,92576000,,,,275.45,291.4,7.1698,,,,,,,817339000,,34.73,,311.21,213.97
2025-12-28,VMC,8.47,7882200000.0,34.73,,1.064,66.17,,,,,,,,,,,,,,,None,635807000,635807000,,,,,,None,80404000,,1.93,0.0066,,,,0.808,0.19,145737000,226141000,2.65,2007-12-31,30.3,,2224900000.0,221083000,117464000,31325000,,,None,26994000,None,,None,,,,,84613000,0,None,None,0.236,,75346000,145737000,,,,,None,,,,,2.193,4.451,4.932,,,,,,,,0.142,,,2025-10-28,quarterly,2.84,USD,pre-market,1617000,,0.064,0.135,0.144,59.61,49798000,,,,275.45,291.4,7.1698,,,,,,,856890000,,34.73,,311.21,213.97
2025-12-28,VMC,8.47,7882200000.0,34.73,,1.064,66.17,,,,,,,,,,,,,,,None,627474000,627474000,,,,,,None,66366000,,1.93,0.0066,,,,0.808,0.19,214301000,280667000,2.65,2007-09-30,30.3,,2224900000.0,277392000,206857000,62929000,,,None,6498000,None,,None,,,,,135413000,0,None,None,0.236,,63091000,214301000,,,,,None,,,,,2.193,4.451,4.932,,,,,,,,0.142,,,2025-10-28,quarterly,2.84,USD,pre-market,0,,0.064,0.135,0.144,59.61,63786000,,,,275.45,291.4,7.1698,,,,,,,904866000,,34.73,,311.21,213.97
2025-12-28,VMC,8.47,7882200000.0,34.73,,1.064,66.17,,,,,,,,,,,,,,,None,593611000,593611000,,,,,,None,63904000,,1.93,0.0066,,,,0.808,0.19,217233000,281137000,2.65,2007-06-30,30.3,,2224900000.0,285233000,210146000,66465000,,,None,8091000,None,,None,,,,,142011000,0,None,None,0.236,,68000000,217233000,,,,,None,,,,,2.193,4.451,4.932,,,,,,,,0.142,,,2025-10-28,quarterly,2.84,USD,pre-market,0,,0.064,0.135,0.144,59.61,72852000,,,,275.45,291.4,7.1698,,,,,,,878844000,,34.73,,311.21,213.97
2025-12-28,VMC,8.47,7882200000.0,34.73,,1.064,66.17,,,,,,,,,,,,,,,None,519992000,519992000,,,,,,None,60801000,,1.93,0.0066,,,,0.808,0.19,137146000,197947000,2.65,2007-03-31,30.3,,2224900000.0,167195000,133036000,43697000,,,None,6635000,None,,None,,,,,88874000,0,None,None,0.236,,30049000,137146000,,,,,None,,,,,2.193,4.451,4.932,,,,,,,,0.142,,,2025-10-28,quarterly,2.84,USD,pre-market,0,,0.064,0.135,0.144,59.61,76436000,,,,275.45,291.4,7.1698,,,,,,,687187000,,34.73,,311.21,213.97
2025-12-28,VMC,8.47,7882200000.0,34.73,,1.064,66.17,,,,,,,,,,,,,,,None,578997000,578997000,,,,,,None,59078000,,1.93,0.0066,,,,0.808,0.19,171640000,230718000,2.65,2006-12-31,30.3,,2224900000.0,237307000,167038000,51991000,,,None,6621000,None,,None,,,,,113860000,0,None,None,0.236,,65667000,171640000,,,,,None,,,,,2.193,4.451,4.932,,,,,,,,0.142,,,2025-10-28,quarterly,2.84,USD,pre-market,1704000,,0.064,0.135,0.144,59.61,67515000,,,,275.45,291.4,7.1698,,,,,,,816304000,,34.73,,311.21,213.97
2025-12-28,VMC,8.47,7882200000.0,34.73,,1.064,66.17,,,,,,,,,,,,,,,None,656033000,656033000,,,,,,None,56757000,,1.93,0.0066,,,,0.808,0.19,206718000,263475000,2.65,2006-09-30,30.3,,2224900000.0,273288000,204729000,63421000,,,None,7714000,None,,None,,,,,136065000,0,None,None,0.236,,66570000,206718000,,,,,None,,,,,2.193,4.451,4.932,,,,,,,,0.142,,,2025-10-28,quarterly,2.84,USD,pre-market,0,,0.064,0.135,0.144,59.61,68149000,,,,275.45,291.4,7.1698,,,,,,,929321000,,34.73,,311.21,213.97
2025-12-28,VMC,8.47,7882200000.0,34.73,,1.064,66.17,,,,,,,,,,,,,,,None,630279000,630279000,,,,,,None,55170000,,1.93,0.0066,,,,0.808,0.19,218124000,273294000,2.65,2006-06-30,30.3,,2224900000.0,257883000,224486000,75080000,,,None,5690000,None,,None,,,,,150633000,0,None,None,0.236,,39759000,218124000,,,,,None,,,,,2.193,4.451,4.932,,,,,,,,0.142,,,2025-10-28,quarterly,2.84,USD,pre-market,0,,0.064,0.135,0.144,59.61,65912000,,,,275.45,291.4,7.1698,,,,,,,888162000,,34.73,,311.21,213.97
2025-12-28,VMC,8.47,7882200000.0,34.73,,1.064,66.17,,,,,,,,,,,,,,,None,544793000,544793000,,,,,,None,53691000,,1.93,0.0066,,,,0.808,0.19,99245000,152936000,2.65,2006-03-31,30.3,,2224900000.0,163894000,107208000,35471000,,,None,6285000,None,,None,,,,,70085000,0,None,None,0.236,,64880000,99014000,,,,,None,,,,,2.193,4.451,4.932,,,,,,,,0.142,,,2025-10-28,quarterly,2.84,USD,pre-market,0,,0.064,0.135,0.144,59.61,65637000,,,,275.45,291.4,7.1698,,,,,,,708687000,,34.73,,311.21,213.97
2025-12-28,VMC,8.47,7882200000.0,34.73,,1.064,66.17,,,,,,,,,,,,,,,None,576009000,576009000,,,,,,None,57564000,,1.93,0.0066,,,,0.808,0.19,144576000,202140000,2.65,2005-12-31,30.3,,2224900000.0,178612000,127055000,34927000,,,None,9123000,None,,None,,,,,90643000,0,None,None,0.236,,34036000,144576000,,,,,None,,,,,2.193,4.451,4.932,,,,,,,,0.142,,,2025-10-28,quarterly,2.84,USD,pre-market,1554000,,0.064,0.135,0.144,59.61,66012000,,,,275.45,291.4,7.1698,,,,,,,754621000,,34.73,,311.21,213.97
2025-12-28,VMC,8.47,7882200000.0,34.73,,1.064,66.17,,,,,,,,,,,,,,,None,602760000,602760000,,,,,,None,55753000,,1.93,0.0066,,,,0.808,0.19,164906000,220659000,2.65,2005-09-30,30.3,,2224900000.0,227256000,172913000,44592000,,,None,9150000,None,,None,,,,,122216000,0,None,None,0.236,,62350000,164906000,,,,,None,,,,,2.193,4.451,4.932,,,,,,,,0.142,,,2025-10-28,quarterly,2.84,USD,pre-market,0,,0.064,0.135,0.144,59.61,62349000,,,,275.45,291.4,7.1698,,,,,,,830016000,,34.73,,311.21,213.97
2025-12-28,VMC,8.47,7882200000.0,34.73,,1.064,66.17,,,,,,,,,,,,,,,None,5418100000,5418100000,,,,,,None,617500000,,1.93,0.0066,,,,0.808,0.19,1363300000,1980800000,2.65,2024-12-31,30.3,,2224900000.0,1999600000,1172100000,251400000,,,None,191200000,20900000,,None,,,,,911900000,920700000,-170300000,None,0.236,,635100000,1364500000,,,,,None,,,,,2.193,4.451,4.932,,,,,,,,0.142,,,2025-10-28,annual,2.84,USD,pre-market,None,,0.064,0.135,0.144,59.61,531100000,,,,275.45,291.4,7.1698,,,,,,,7417700000,,34.73,,311.21,213.97
2025-12-28,VMC,8.47,7882200000.0,34.73,,1.064,66.17,,,,,,,,,,,,,,,None,5833400000,5833400000,,,,,,None,603100000,,1.93,0.0066,,,,0.808,0.19,1441200000,2044300000,2.65,2023-12-31,30.3,,2224900000.0,1948500000,1245100000,299400000,,,None,196100000,16500000,,None,,,,,933200000,837700000,-189800000,None,0.236,,521100000,1427400000,,,,,None,,,,,2.193,4.451,4.932,,,,,,,,0.142,,,2025-10-28,annual,2.84,USD,pre-market,None,,0.064,0.135,0.144,59.61,526800000,,,,275.45,291.4,7.1698,,,,,,,7781900000,,34.73,,311.21,213.97
2025-12-28,VMC,8.47,7882200000.0,34.73,,1.064,66.17,,,,,,,,,,,,,,,None,5757500000,5757500000,,,,,,None,573400000,,1.93,0.0066,,,,0.808,0.19,957300000,1530700000,2.65,2022-12-31,30.3,,2224900000.0,1557700000,788100000,193000000,,,None,169200000,168400000,,None,,,,,575600000,595100000,-168400000,None,0.236,,606300000,951400000,,,,,5900000,,,,,2.193,4.451,4.932,,,,,,,,0.142,,,2025-10-28,annual,2.84,USD,pre-market,None,,0.064,0.135,0.144,59.61,515100000,,,,275.45,291.4,7.1698,,,,,,,7315200000,,34.73,,311.21,213.97
2025-12-28,VMC,8.47,7882200000.0,34.73,,1.064,66.17,,,,,,,,,,,,,,,None,4178800000,4178800000,,,,,,None,449900000,,1.93,0.0066,,,,0.808,0.19,1023100000,1473000000,2.65,2021-12-31,30.3,,2224900000.0,1373400000,873800000,200100000,,,None,149300000,147700000,,None,,,,,670800000,673700000,-147700000,None,0.236,,362600000,1010800000,,,,,12300000,,,,,2.193,4.451,4.932,,,,,,,,0.142,,,2025-10-28,annual,2.84,USD,pre-market,None,,0.064,0.135,0.144,59.61,417600000,,,,275.45,291.4,7.1698,,,,,,,5552200000,,34.73,,311.21,213.97
2025-12-28,VMC,8.47,7882200000.0,34.73,,1.064,66.17,,,,,,,,,,,,,,,None,3575300000,3575300000,,,,,,None,396800000,,1.93,0.0066,,,,0.808,0.19,879800000,1276600000,2.65,2020-12-31,30.3,,2224900000.0,1281500000,743798000,155803000,,,None,136000000,134393000,,None,,,,,584500000,587995000,-134393000,None,0.236,,385800000,895700000,,,,,-15973000,,,,,2.193,4.451,4.932,,,,,,,,0.142,,,2025-10-28,annual,2.84,USD,pre-market,None,,0.064,0.135,0.144,59.61,359772000,,,,275.45,291.4,7.1698,,,,,,,4856800000,,34.73,,311.21,213.97
2025-12-28,VMC,8.47,7882200000.0,34.73,,1.064,66.17,,,,,,,,,,,,,,,None,3673200000,3673200000,,,,,,None,374600000,,1.93,0.0066,,,,0.808,0.19,887900000,1262500000,2.65,2019-12-31,30.3,,2224900000.0,1255900000,757701000,135198000,,,None,130200000,1155000,,None,,,,,617662000,622503000,-129000000,None,0.236,,378400000,877500000,,,,,10398000,,,,,2.193,4.451,4.932,,,,,,,,0.142,,,2025-10-28,annual,2.84,USD,pre-market,None,,0.064,0.135,0.144,59.61,370548000,,,,275.45,291.4,7.1698,,,,,,,4929100000,,34.73,,311.21,213.97
2025-12-28,VMC,8.47,7882200000.0,34.73,,1.064,66.17,,,,,,,,,,,,,,,None,3281924000,3281924000,,,,,,None,346246000,,1.93,0.0066,,,,0.808,0.19,761267000,1107513000,2.65,2018-12-31,30.3,,2224900000.0,1100945000,623290000,105449000,,,None,137977000,554000,,None,,,,,515805000,517841000,-137423000,None,0.236,,353232000,747713000,,,,,13554000,,,,,2.193,4.451,4.932,,,,,,,,0.142,,,2025-10-28,annual,2.84,USD,pre-market,0,,0.064,0.135,0.144,59.61,333371000,,,,275.45,291.4,7.1698,,,,,,,4382869000,,34.73,,311.21,213.97
2025-12-28,VMC,8.47,7882200000.0,34.73,,1.064,66.17,,,,,,,,,,,,,,,None,2896783000,2896783000,,,,,,None,305965000,,1.93,0.0066,,,,0.808,0.19,656838000,962803000,2.65,2017-12-31,30.3,,2224900000.0,993513000,361316000,-232075000,,,None,295522000,4437000,,None,,,,,601185000,593391000,-291085000,None,0.236,,354469000,639044000,,,,,9730000,,,,,2.193,4.451,4.932,,,,,,,,0.142,,,2025-10-28,annual,2.84,USD,pre-market,0,,0.064,0.135,0.144,59.61,323918000,,,,275.45,291.4,7.1698,,,,,,,3890296000,,34.73,,311.21,213.97
2025-12-28,VMC,8.47,7882200000.0,34.73,,1.064,66.17,,,,,,,,,,,,,,,None,2603782000,2603782000,,,,,,None,284940000,,1.93,0.0066,,,,0.808,0.19,681333000,966273000,2.65,2016-12-31,30.3,,2224900000.0,988885000,547257000,124851000,,,None,134076000,807000,,None,,,,,419491000,422406000,-133269000,None,0.236,,322983000,665902000,,,,,1751000,,,,,2.193,4.451,4.932,,,,,,,,0.142,,,2025-10-28,annual,2.84,USD,pre-market,0,,0.064,0.135,0.144,59.61,314986000,,,,275.45,291.4,7.1698,,,,,,,3592667000,,34.73,,311.21,213.97
2025-12-28,VMC,8.47,7882200000.0,34.73,,1.064,66.17,,,,,,,,,,,,,,,None,2564648000,2564648000,,,,,,None,263349000,,1.93,0.0066,,,,0.808,0.19,548445000,811794000,2.65,2015-12-31,30.3,,2224900000.0,857533000,327857000,94943000,,,None,220588000,220243000,,None,,,,,221177000,232914000,None,None,0.236,,307755000,549778000,,,,,-1333000,,,,,2.193,4.451,4.932,,,,,,,,0.142,,,2025-10-28,annual,2.84,USD,pre-market,0,,0.064,0.135,0.144,59.61,286844000,,,,275.45,291.4,7.1698,,,,,,,3422181000,,34.73,,311.21,213.97
2025-12-28,VMC,8.47,7882200000.0,34.73,,1.064,66.17,,,,,,,,,,,,,,,None,2406587000,2406587000,,,,,,None,267896000,,1.93,0.0066,,,,0.808,0.19,542205000,810101000,2.65,2014-12-31,30.3,,2224900000.0,587582000,298838000,91692000,,,None,243367000,None,,None,,,,,204923000,207146000,None,None,0.236,,49444000,538138000,,,,,4067000,,,,,2.193,4.451,4.932,,,,,,,,0.142,,,2025-10-28,annual,2.84,USD,pre-market,0,,0.064,0.135,0.144,59.61,272288000,,,,275.45,291.4,7.1698,,,,,,,2994169000,,34.73,,311.21,213.97
2025-12-28,VMC,8.47,7882200000.0,34.73,,1.064,66.17,,,,,,,,,,,,,,,None,2343829000,2343829000,,,,,,None,296423000,,1.93,0.0066,,,,0.808,0.19,198885000,495308000,2.65,2013-12-31,30.3,,2224900000.0,426880000,-3703000,-24459000,,,None,202588000,None,,None,,,,,24382000,20756000,None,None,0.236,,236476000,190404000,,,,,8481000,,,,,2.193,4.451,4.932,,,,,,,,0.142,,,2025-10-28,annual,2.84,USD,pre-market,0,,0.064,0.135,0.144,59.61,259427000,,,,275.45,291.4,7.1698,,,,,,,2770709000,,34.73,,311.21,213.97
2025-12-28,VMC,8.47,7882200000.0,34.73,,1.064,66.17,,,,,,,,,,,,,,,None,2233284000,2233284000,,,,,,None,324003000,,1.93,0.0066,,,,0.808,0.19,92649000,416652000,2.65,2012-12-31,30.3,,2224900000.0,334026000,-120418000,-66492000,,,None,213067000,None,,None,,,,,-52593000,-53926000,None,None,0.236,,249245000,84781000,,,,,7868000,,,,,2.193,4.451,4.932,,,,,,,,0.142,,,2025-10-28,annual,2.84,USD,pre-market,0,,0.064,0.135,0.144,59.61,259140000,,,,275.45,291.4,7.1698,,,,,,,2567310000,,34.73,,311.21,213.97
2025-12-28,VMC,8.47,7882200000.0,34.73,,1.064,66.17,,,,,,,,,,,,,,,None,2280681000,2280681000,,,,,,None,353524000,,1.93,0.0066,,,,0.808,0.19,66890000,420414000,2.65,2011-12-31,30.3,,2224900000.0,283869000,-153738000,-78483000,,,None,220628000,None,,None,,,,,-70778000,-75255000,None,None,0.236,,220425000,63444000,,,,,3446000,,,,,2.193,4.451,4.932,,,,,,,,0.142,,,2025-10-28,annual,2.84,USD,pre-market,1109000,,0.064,0.135,0.144,59.61,289993000,,,,275.45,291.4,7.1698,,,,,,,2564550000,,34.73,,311.21,213.97
2025-12-28,VMC,8.47,7882200000.0,34.73,,1.064,66.17,,,,,,,,,,,,,,,None,2258136000,2258136000,,,,,,None,373452000,,1.93,0.0066,,,,0.808,0.19,-10603000,362849000,2.65,2010-12-31,30.3,,2224900000.0,300726000,-192206000,-89663000,,,None,181603000,None,,None,,,,,-96490000,-230011000,None,None,0.236,,315266000,-14540000,,,,,59302000,,,,,2.193,4.451,4.932,,,,,,,,0.142,,,2025-10-28,annual,2.84,USD,pre-market,1582000,,0.064,0.135,0.144,59.61,367537000,,,,275.45,291.4,7.1698,,,,,,,2558862000,,34.73,,311.21,213.97
2025-12-28,VMC,8.47,7882200000.0,34.73,,1.064,66.17,,,,,,,,,,,,,,,None,2244528000,2244528000,,,,,,None,394612000,,1.93,0.0066,,,,0.808,0.19,156041000,550653000,2.65,2009-12-31,30.3,,2224900000.0,445962000,-19221000,-37869000,,,None,175262000,None,,None,,,,,30314000,18648000,None,None,0.236,,297510000,148452000,,,,,7589000,,,,,2.193,4.451,4.932,,,,,,,,0.142,,,2025-10-28,annual,2.84,USD,pre-market,1541000,,0.064,0.135,0.144,59.61,321608000,,,,275.45,291.4,7.1698,,,,,,,2690490000,,34.73,,311.21,213.97
2025-12-28,VMC,8.47,7882200000.0,34.73,,1.064,66.17,,,,,,,,,,,,,,,None,2901726000,2901726000,,,,,,None,389060000,,1.93,0.0066,,,,0.808,0.19,247871000,636931000,2.65,2008-12-31,30.3,,2224900000.0,749712000,75058000,76724000,,,None,172813000,None,,None,,,,,-4115000,None,None,None,0.236,,500610000,249102000,,,,,None,,,,,2.193,4.451,4.932,,,,,,,,0.142,,,2025-10-28,annual,2.84,USD,pre-market,1546000,,0.064,0.135,0.144,59.61,342584000,,,,275.45,291.4,7.1698,,,,,,,3651438000,,34.73,,311.21,213.97
2025-12-28,VMC,8.47,7882200000.0,34.73,,1.064,66.17,,,,,,,,,,,,,,,None,2376884000,2376884000,,,,,,None,271475000,,1.93,0.0066,,,,0.808,0.19,714417000,985892000,2.65,2007-12-31,30.3,,2224900000.0,950903000,667502000,204416000,,,None,0,None,,None,,,,,450910000,None,None,None,0.236,,236486000,714417000,,,,,None,,,,,2.193,4.451,4.932,,,,,,,,0.142,,,2025-10-28,annual,2.84,USD,pre-market,1617000,,0.064,0.135,0.144,59.61,262872000,,,,275.45,291.4,7.1698,,,,,,,3327787000,,34.73,,311.21,213.97
2025-12-28,VMC,8.47,7882200000.0,34.73,,1.064,66.17,,,,,,,,,,,,,,,None,2410571000,2410571000,,,,,,None,226370000,,1.93,0.0066,,,,0.808,0.19,695089000,921459000,2.65,2006-12-31,30.3,,2224900000.0,931904000,703461000,225963000,,,None,0,None,,None,,,,,467534000,None,None,None,0.236,,236815000,695089000,,,,,None,,,,,2.193,4.451,4.932,,,,,,,,0.142,,,2025-10-28,annual,2.84,USD,pre-market,1704000,,0.064,0.135,0.144,59.61,264396000,,,,275.45,291.4,7.1698,,,,,,,3342475000,,34.73,,311.21,213.97
2025-12-28,VMC,8.47,7882200000.0,34.73,,1.064,66.17,,,,,,,,,,,,,,,None,2186513000,2186513000,,,,,,None,222868000,,1.93,0.0066,,,,0.808,0.19,476836000,699704000,2.65,2005-12-31,30.3,,2224900000.0,708814000,480237000,136402000,,,None,0,None,,None,,,,,388757000,None,None,None,0.236,,231978000,476836000,,,,,None,,,,,2.193,4.451,4.932,,,,,,,,0.142,,,2025-10-28,annual,2.84,USD,pre-market,1554000,,0.064,0.135,0.144,59.61,239696000,,,,275.45,291.4,7.1698,,,,,,,2895327000,,34.73,,311.21,213.97
2025-12-28,VMC,8.47,7882200000.0,34.73,None,1.064,66.17,,506200000,191300000,191300000,,,,,,,,,132000000,132900000,None,2186513000,2186513000,422600000,None,400000,1184800000,None,None,222868000,,1.93,0.0066,,,,0.808,0.19,476836000,699704000,2.65,2025-09-30,30.3,3839500000,2224900000.0,708814000,480237000,136402000,1796000000,1796000000,None,0,None,687100000,None,None,4360400000,None,33600000,388757000,None,None,None,0.236,,231978000,476836000,205200000,403900000,None,813800000,None,,,,,2.193,4.451,4.932,,,,,,,,0.142,,8874700000,2025-10-28,quarterly,2.84,USD,pre-market,1554000,5805100000,0.064,0.135,0.144,59.61,239696000,4929900000,58000000,None,275.45,291.4,7.1698,16978500000,2268400000,1016800000,8221400000,14710100000,7204600000,2895327000,8734200000,34.73,None,311.21,213.97
2025-12-28,VMC,8.47,7882200000.0,34.73,None,1.064,66.17,,536100000,347400000,347400000,,,,,,,,,132000000,132900000,None,2186513000,2186513000,383500000,None,550500000,1078900000,None,None,222868000,,1.93,0.0066,,,,0.808,0.19,476836000,699704000,2.65,2025-06-30,30.3,3831800000,2224900000.0,708814000,480237000,136402000,1831600000,1831600000,None,0,None,725500000,None,None,4359200000,None,32900000,388757000,None,None,None,0.236,,231978000,476836000,91700000,407900000,None,849900000,None,,,,,2.193,4.451,4.932,,,,,,,,0.142,,8882900000,2025-10-28,quarterly,2.84,USD,pre-market,1554000,5494900000,0.064,0.135,0.144,59.61,239696000,5445800000,550500000,None,275.45,291.4,7.1698,16974700000,2243500000,1341900000,8545000000,14731200000,7203100000,2895327000,8406900000,34.73,None,311.21,213.97
2025-12-28,VMC,8.47,7882200000.0,34.73,None,1.064,66.17,,556100000,181300000,181300000,,,,,,,,,132100000,133000000,None,2186513000,2186513000,354700000,None,500000,928900000,None,None,222868000,,1.93,0.0066,,,,0.808,0.19,476836000,699704000,2.65,2025-03-31,30.3,3815000000,2224900000.0,708814000,480237000,136402000,1846300000,1846300000,None,0,None,721000000,None,None,4907900000,None,31300000,388757000,None,None,None,0.236,,231978000,476836000,94700000,441700000,None,825100000,None,,,,,2.193,4.451,4.932,,,,,,,,0.142,,8947300000,2025-10-28,quarterly,2.84,USD,pre-market,1554000,5238800000,0.064,0.135,0.144,59.61,239696000,5464500000,500000,None,275.45,291.4,7.1698,16712100000,1925900000,796900000,8553600000,14786200000,7756700000,2895327000,8134100000,34.73,None,311.21,213.97
2025-12-28,VMC,8.47,7882200000.0,34.73,None,1.064,66.17,,521400000,559700000,559700000,,,,,,,,,132100000,133100000,None,2186513000,2186513000,407000000,None,400500000,892300000,None,None,222868000,,1.93,0.0066,,,,0.808,0.19,476836000,699704000,2.65,2024-12-31,30.3,3788100000,2224900000.0,708814000,480237000,136402000,1714700000,1714700000,None,0,None,681800000,None,None,4906900000,None,31300000,388757000,None,None,None,0.236,,231978000,476836000,131900000,431600000,None,318000000,None,,,,,2.193,4.451,4.932,,,,,,,,0.142,,8987900000,2025-10-28,quarterly,2.84,USD,pre-market,1554000,5213800000,0.064,0.135,0.144,59.61,239696000,5828800000,400500000,None,275.45,291.4,7.1698,17104800000,2265700000,1239100000,8962300000,14839100000,7723200000,2895327000,8118600000,34.73,None,311.21,213.97
2025-12-28,VMC,8.47,7882200000.0,34.73,None,1.064,66.17,,503500000,433200000,433200000,,,,,,,,,132100000,133000000,None,2186513000,2186513000,352600000,None,500000,1017400000,None,None,222868000,,1.93,0.0066,,,,0.808,0.19,476836000,699704000,2.65,2024-09-30,30.3,3450000000,2224900000.0,708814000,480237000,136402000,1448300000,1448300000,None,0,None,647700000,None,None,3329200000,None,31400000,388757000,None,None,None,0.236,,231978000,476836000,114600000,421000000,None,712300000,None,,,,,2.193,4.451,4.932,,,,,,,,0.142,,6921800000,2025-10-28,quarterly,2.84,USD,pre-market,1554000,4980700000,0.064,0.135,0.144,59.61,239696000,3833200000,500000,None,275.45,291.4,7.1698,14351900000,2212900000,774100000,6458800000,12139000000,5684700000,2895327000,7869000000,34.73,None,311.21,213.97
2025-12-28,VMC,8.47,7882200000.0,34.73,None,1.064,66.17,,507500000,111000000,111000000,,,,,,,,,132100000,133100000,None,2186513000,2186513000,326600000,None,95500000,1061200000,None,None,222868000,,1.93,0.0066,,,,0.808,0.19,476836000,699704000,2.65,2024-06-30,30.3,3536600000,2224900000.0,708814000,480237000,136402000,1462700000,1462700000,None,0,None,650300000,None,None,3331700000,None,31400000,388757000,None,None,None,0.236,,231978000,476836000,154000000,374700000,None,697100000,None,,,,,2.193,4.451,4.932,,,,,,,,0.142,,None,2025-10-28,quarterly,2.84,USD,pre-market,1554000,4833900000,0.064,0.135,0.144,59.61,239696000,3934700000,95500000,None,275.45,291.4,7.1698,14216400000,1976500000,796800000,6486000000,12239900000,5689200000,2895327000,7705300000,34.73,None,311.21,213.97
2025-12-28,VMC,8.47,7882200000.0,34.73,None,1.064,66.17,,508200000,292400000,292400000,,,,,,,,,132300000,133100000,None,2186513000,2186513000,320900000,None,500000,886100000,None,None,222868000,,1.93,0.0066,,,,0.808,0.19,476836000,699704000,2.65,2024-03-31,30.3,3531700000,2224900000.0,708814000,480237000,136402000,1445800000,1445800000,None,0,None,647200000,None,None,3330700000,None,31400000,388757000,None,None,None,0.236,,231978000,476836000,81900000,374800000,None,688300000,None,,,,,2.193,4.451,4.932,,,,,,,,0.142,,None,2025-10-28,quarterly,2.84,USD,pre-market,1554000,4636700000,0.064,0.135,0.144,59.61,239696000,3839400000,500000,None,275.45,291.4,7.1698,13910900000,1907600000,696200000,6394300000,12003300000,5698100000,2895327000,7491900000,34.73,None,311.21,213.97
2025-12-28,VMC,8.47,7882200000.0,34.73,None,1.064,66.17,,507400000,931100000,931100000,,,,,,,,,132100000,133500000,None,2186513000,2186513000,390400000,None,500000,889700000,None,None,222868000,,1.93,0.0066,,,,0.808,0.19,476836000,699704000,2.65,2023-12-31,30.3,3531700000,2224900000.0,708814000,480237000,136402000,1460700000,1460700000,None,0,None,615600000,None,None,3877300000,None,31300000,388757000,None,None,None,0.236,,231978000,476836000,88500000,406700000,None,273600000,None,,,,,2.193,4.451,4.932,,,,,,,,0.142,,None,2025-10-28,quarterly,2.84,USD,pre-market,1554000,4615000000,0.064,0.135,0.144,59.61,239696000,4385200000,500000,None,275.45,291.4,7.1698,14545700000,2524900000,797600000,7037800000,12020800000,6240200000,2895327000,7483400000,34.73,None,311.21,213.97
2025-12-28,VMC,8.47,7882200000.0,34.73,None,1.064,66.17,,516000000,340000000,340000000,,,,,,,,,132900000,133699999,None,2186513000,2186513000,265400000,None,500000,1184500000,None,None,222868000,,1.93,0.0066,,,,0.808,0.19,476836000,699704000,2.65,2023-09-30,30.3,3531700000,2224900000.0,708814000,480237000,136402000,1471800000,1471800000,None,0,None,570600000,None,None,3874300000,None,31200000,388757000,None,None,None,0.236,,231978000,476836000,606100000,863700000,None,685100000,None,,,,,2.193,4.451,4.932,,,,,,,,0.142,,6633500000,2025-10-28,quarterly,2.84,USD,pre-market,1554000,4595000000,0.064,0.135,0.144,59.61,239696000,4390800000,500000,None,275.45,291.4,7.1698,14620500000,2701200000,864200000,7155300000,11919300000,6291100000,2895327000,7440600000,34.73,None,311.21,213.97
2025-12-28,VMC,8.47,7882200000.0,34.73,-5455700000,1.064,66.17,,537500000,166000000,166000000,,,,,,,,,132900000,133800000,None,2186513000,2186513000,252200000,None,500000,1160400000,None,None,222868000,,1.93,0.0066,,,,0.808,0.19,476836000,699704000,2.65,2023-06-30,30.3,3689500000,2224900000.0,708814000,480237000,136402000,1653100000,1653100000,None,0,None,594600000,None,None,3873200000,None,31200000,388757000,None,None,None,0.236,,231978000,476836000,122700000,792800000,None,1370900000,None,,,,,2.193,4.451,4.932,,,,,,,,0.142,,6105800000,2025-10-28,quarterly,2.84,USD,pre-market,1554000,4375700000,0.064,0.135,0.144,59.61,239696000,4411200000,500000,None,275.45,291.4,7.1698,14333600000,2043700000,793300000,7107200000,12289900000,6313900000,2895327000,7202600000,34.73,None,311.21,213.97
2025-12-28,VMC,8.47,7882200000.0,34.73,-5368600000,1.064,66.17,,545900000,139600000,139600000,,,,,,,,,133100000,133699999,None,2186513000,2186513000,370300000,None,500000,975000000,None,None,222868000,,1.93,0.0066,,,,0.808,0.19,476836000,699704000,2.65,2023-03-31,30.3,3689600000,2224900000.0,708814000,480237000,136402000,1679200000,1679200000,None,0,None,585600000,None,None,3876900000,None,31300000,388757000,None,None,None,0.236,,231978000,476836000,92300000,756400000,None,1372300000,None,,,,,2.193,4.451,4.932,,,,,,,,0.142,,6044900000,2025-10-28,quarterly,2.84,USD,pre-market,1554000,4174000000,0.064,0.135,0.144,59.61,239696000,4423300000,500000,3800,275.45,291.4,7.1698,14076900000,1792500000,756900000,7066200000,12284400000,6309300000,2895327000,6986900000,34.73,None,311.21,213.97
2025-12-28,VMC,8.47,7882200000.0,34.73,None,1.064,66.17,,548400000,161400000,161400000,,,,,,,,,132900000,133699999,None,2186513000,2186513000,454500000,None,100500000,1045300000,None,None,222868000,,1.93,0.0066,,,,0.808,0.19,476836000,699704000,2.65,2022-12-31,30.3,3689600000,2224900000.0,708814000,480237000,136402000,1702100000,1702100000,None,0,None,579300000,None,None,3875200000,None,31800000,388757000,None,None,None,0.236,,231978000,476836000,116000000,401600000,None,669600000,None,,,,,2.193,4.451,4.932,,,,,,,,0.142,,6623900000,2025-10-28,quarterly,2.84,USD,pre-market,1554000,4111400000,0.064,0.135,0.144,59.61,239696000,4524100000,100500000,None,275.45,291.4,7.1698,14234600000,1902000000,956600000,7282400000,12332600000,6325800000,2895327000,6928600000,34.73,None,311.21,213.97
2025-12-28,VMC,8.47,7882200000.0,34.73,-5148300000,1.064,66.17,,549800000,122400000,122400000,,,,,,,,,132900000,133600000,None,2186513000,2186513000,484200000,None,312500000,1212600000,None,None,222868000,,1.93,0.0066,,,,0.808,0.19,476836000,699704000,2.65,2022-09-30,30.3,3704500000,2224900000.0,708814000,480237000,136402000,1708300000,1708300000,None,0,None,542000000,None,None,3874200000,None,33100000,388757000,None,None,None,0.236,,231978000,476836000,456400000,1050000000,None,1427200000,None,,,,,2.193,4.451,4.932,,,,,,,,0.142,,6559500000,2025-10-28,quarterly,2.84,USD,pre-market,1554000,4045300000,0.064,0.135,0.144,59.61,239696000,4736500000,312500000,None,275.45,291.4,7.1698,14615800000,2333400000,1362500000,7736900000,12282400000,6374400000,2895327000,6855700000,34.73,None,311.21,213.97
2025-12-28,VMC,8.47,7882200000.0,34.73,-5087900000,1.064,66.17,,645100000,120700000,120700000,,,,,,,,,132900000,133500000,None,2186513000,2186513000,441000000,None,176500000,1111600000,None,None,222868000,,1.93,0.0066,,,,0.808,0.19,476836000,699704000,2.65,2022-06-30,30.3,3742400000,2224900000.0,708814000,480237000,136402000,1776000000,1776000000,None,0,None,524200000,None,None,3873700000,None,33100000,388757000,None,None,None,0.236,,231978000,476836000,143000000,852800000,None,1498200000,None,,,,,2.193,4.451,4.932,,,,,,,,0.142,,5743200000,2025-10-28,quarterly,2.84,USD,pre-market,1554000,3921400000,0.064,0.135,0.144,59.61,239696000,4695300000,176500000,None,275.45,291.4,7.1698,14181500000,1899500000,1029300000,7437300000,12282000000,6408000000,2895327000,6721100000,34.73,None,311.21,213.97
2025-12-28,VMC,8.47,7882200000.0,34.73,-4998500000,1.064,66.17,,631700000,123100000,123100000,,,,,,,,,132900000,133600000,None,2186513000,2186513000,-166800000,None,103900000,917900000,None,None,222868000,,1.93,0.0066,,,,0.808,0.19,476836000,699704000,2.65,2022-03-31,30.3,3709200000,2224900000.0,708814000,480237000,136402000,1751900000,1751900000,None,0,None,524500000,None,None,3874500000,None,36500000,388757000,None,None,None,0.236,,231978000,476836000,97100000,788800000,None,1487600000,None,,,,,2.193,4.451,4.932,,,,,,,,0.142,,5725600000,2025-10-28,quarterly,2.84,USD,pre-market,1554000,3787200000,0.064,0.135,0.144,59.61,239696000,4610100000,103900000,None,275.45,291.4,7.1698,13860800000,1662600000,892700000,7262500000,12198200000,6369800000,2895327000,6575300000,34.73,None,311.21,213.97
2025-12-28,VMC,8.47,7882200000.0,34.73,None,1.064,66.17,,642500000,235000000,235000000,,,,,,,,,132700000,133600000,None,2186513000,2186513000,365500000,None,5200000,838700000,None,None,222868000,,1.93,0.0066,,,,0.808,0.19,476836000,699704000,2.65,2021-12-31,30.3,3696700000,2224900000.0,708814000,480237000,136402000,1749000000,1749000000,None,0,None,521300000,None,None,3874800000,None,34100000,388757000,None,None,None,0.236,,231978000,476836000,101600000,398600000,None,655300000,None,,,,,2.193,4.451,4.932,,,,,,,,0.142,,6238200000,2025-10-28,quarterly,2.84,USD,pre-market,1554000,3748500000,0.064,0.135,0.144,59.61,239696000,4522500000,5200000,None,275.45,291.4,7.1698,13682600000,1691100000,769300000,7114900000,11991500000,6345600000,2895327000,6545000000,34.73,None,311.21,213.97
2025-12-28,VMC,8.47,7882200000.0,34.73,-4815913000,1.064,66.17,,622275000,135683000,135683000,,,,,,,,,132704000,133500000,None,2186513000,2186513000,242202000,None,12228000,938189000,None,None,222868000,,1.93,0.0066,,,,0.808,0.19,476836000,699704000,2.65,2021-09-30,30.3,3674763000,2224900000.0,708814000,480237000,136402000,1819778000,1819778000,None,0,None,512230000,None,None,3874116000,None,34108000,388757000,None,None,None,0.236,,231978000,476836000,132314000,864465000,None,1434639000,None,,,,,2.193,4.451,4.932,,,,,,,,0.142,,5546949000,2025-10-28,quarterly,2.84,USD,pre-market,1554000,3659657000,0.064,0.135,0.144,59.61,239696000,4508619000,12228000,34108000,275.45,291.4,7.1698,13688002000,1718416000,876693000,7238863000,11969586000,6362170000,2895327000,6426098000,34.73,None,311.21,213.97
2025-12-28,VMC,8.47,7882200000.0,34.73,-4729456000,1.064,66.17,,443128000,857555000,857555000,,,,,,,,,132678000,133500000,None,2186513000,2186513000,129949000,None,15436000,686852000,None,None,222868000,,1.93,0.0066,,,,0.808,0.19,476836000,699704000,2.65,2021-06-30,30.3,3172112000,2224900000.0,708814000,480237000,136402000,1103079000,1103079000,None,0,None,450643000,None,None,2769892000,None,34264000,388757000,None,None,None,0.236,,231978000,476836000,205375000,583809000,None,547210000,None,,,,,2.193,4.451,4.932,,,,,,,,0.142,,4829998000,2025-10-28,quarterly,2.84,USD,pre-market,1554000,3531861000,0.064,0.135,0.144,59.61,239696000,3228456000,15436000,34264000,275.45,291.4,7.1698,11571027000,2200425000,599245000,5277914000,9370602000,4678669000,2895327000,6293113000,34.73,None,311.21,213.97
2025-12-28,VMC,8.47,7882200000.0,34.73,-4746996000,1.064,66.17,,397306000,722344000,722344000,,,,,,,,,132664000,133400000,None,2186513000,2186513000,83247000,None,15436000,593128000,None,None,222868000,,1.93,0.0066,,,,0.808,0.19,476836000,699704000,2.65,2021-03-31,30.3,3172112000,2224900000.0,708814000,480237000,136402000,1114617000,1114617000,None,0,None,441329000,None,None,2772901000,None,34265000,388757000,None,None,None,0.236,,231978000,476836000,236207000,550421000,None,1124200000,None,,,,,2.193,4.451,4.932,,,,,,,,0.142,,4363340000,2025-10-28,quarterly,2.84,USD,pre-market,1554000,3385604000,0.064,0.135,0.144,59.61,239696000,3185643000,15436000,34265000,275.45,291.4,7.1698,11332760000,1993008000,565857000,5196519000,9339752000,4630662000,2895327000,6136241000,34.73,None,311.21,213.97
2025-12-28,VMC,8.47,7882200000.0,34.73,None,1.064,66.17,,399582000,1197100000,1197100000,,,,,,,,,132500000,133367000,None,2186513000,2186513000,273100000,None,515435000,556300000,None,None,222868000,,1.93,0.0066,,,,0.808,0.19,476836000,699704000,2.65,2020-12-31,30.3,3172112000,2224900000.0,708814000,480237000,136402000,1123544000,1123544000,None,0,None,448585000,None,None,2772240000,None,34301000,388757000,None,None,None,0.236,,231978000,476836000,75200000,259400000,None,1106615000,None,,,,,2.193,4.451,4.932,,,,,,,,0.142,,4425999000,2025-10-28,quarterly,2.84,USD,pre-market,1554000,3274100000,0.064,0.135,0.144,59.61,239696000,3687200000,515400000,34301000,275.45,291.4,7.1698,11686905000,2277165000,1047900000,5659600000,9409740000,4611700000,2895327000,6027300000,34.73,None,311.21,213.97
2025-12-28,VMC,8.47,7882200000.0,34.73,-4614543000,1.064,66.17,,407336000,1084100000,1084100000,,,,,,,,,132454000,133268000,None,2186513000,2186513000,88808000,None,509435000,644207000,None,None,222868000,,1.93,0.0066,,,,0.808,0.19,476836000,699704000,2.65,2020-09-30,30.3,3172112000,2224900000.0,708814000,480237000,136402000,1107091000,1107091000,None,0,None,455461000,None,None,2777072000,None,41778000,388757000,None,None,None,0.236,,231978000,476836000,81565000,560458000,None,1129696000,None,,,,,2.193,4.451,4.932,,,,,,,,0.142,,4343799000,2025-10-28,quarterly,2.84,USD,pre-market,1554000,3204671000,0.064,0.135,0.144,59.61,239696000,3693843000,509435000,41778000,275.45,291.4,7.1698,11590533000,2265333000,1069893000,5662181000,9325200000,4592288000,2895327000,5928352000,34.73,None,311.21,213.97
2025-12-28,VMC,8.47,7882200000.0,34.73,-4538980000,1.064,66.17,,405578000,816765000,816765000,,,,,,,,,132446000,133115000,None,2186513000,2186513000,100568000,None,500026000,695860000,None,None,222868000,,1.93,0.0066,,,,0.808,0.19,476836000,699704000,2.65,2020-06-30,30.3,3172112000,2224900000.0,708814000,480237000,136402000,1114592000,1114592000,None,0,None,451480000,None,None,2785646000,None,43849000,388757000,None,None,None,0.236,,231978000,476836000,66005000,538723000,None,1139081000,None,,,,,2.193,4.451,4.932,,,,,,,,0.142,,4383010000,2025-10-28,quarterly,2.84,USD,pre-market,1554000,3049943000,0.064,0.135,0.144,59.61,239696000,3691250000,500026000,None,275.45,291.4,7.1698,11398724000,2030110000,1038749000,5634573000,9368614000,4595824000,2895327000,5764151000,34.73,None,311.21,213.97
2025-12-28,VMC,8.47,7882200000.0,34.73,-4506700000,1.064,66.17,,399489000,120041000,120041000,,,,,,,,,132433000,133259000,None,2186513000,2186513000,64451000,None,25000,597665000,None,None,222868000,,1.93,0.0066,,,,0.808,0.19,476836000,699704000,2.65,2020-03-31,30.3,3167061000,2224900000.0,708814000,480237000,136402000,1083515000,1083515000,None,0,None,470747000,None,None,2785566000,None,57987000,388757000,None,None,None,0.236,,231978000,476836000,88327000,475651000,None,1129409000,None,,,,,2.193,4.451,4.932,,,,,,,,0.142,,4401088000,2025-10-28,quarterly,2.84,USD,pre-market,1554000,2885084000,0.064,0.135,0.144,59.61,239696000,3185080000,25000,None,275.45,291.4,7.1698,10629382000,1276780000,475676000,5039056000,9352602000,4563380000,2895327000,5590326000,34.73,None,311.21,213.97
2025-12-28,VMC,8.47,7882200000.0,34.73,None,1.064,66.17,,388042000,271589000,271589000,,,,,,,,,132371000,133467000,None,2186513000,2186513000,265159000,None,25000,570116000,None,None,222868000,,1.93,0.0066,,,,0.808,0.19,476836000,699704000,2.65,2019-12-31,30.3,3167061000,2224900000.0,708814000,480237000,136402000,1091475000,1091475000,None,0,None,458308000,None,None,2784315000,None,60709000,388757000,None,None,None,0.236,,231978000,476836000,79313000,270379000,None,1051163000,None,,,,,2.193,4.451,4.932,,,,,,,,0.142,,4316038000,2025-10-28,quarterly,2.84,USD,pre-market,1554000,2895871000,0.064,0.135,0.144,59.61,239696000,3172382000,25000,None,275.45,291.4,7.1698,10648793000,1379326000,535563000,5026936000,9269467000,4491373000,2895327000,5621857000,34.73,None,311.21,213.97
2025-12-28,VMC,8.47,7882200000.0,34.73,-4370386000,1.064,66.17,,391079000,90411000,90411000,,,,,,,,,132350000,133375000,None,2186513000,2186513000,84471000,None,24000,724940000,None,None,222868000,,1.93,0.0066,,,,0.808,0.19,476836000,699704000,2.65,2019-09-30,30.3,3167061000,2224900000.0,708814000,480237000,136402000,1071330000,1071330000,None,0,None,429660000,None,None,2783068000,None,57059000,388757000,None,None,None,0.236,,231978000,476836000,79231000,535260000,None,1050356000,None,,,,,2.193,4.451,4.932,,,,,,,,0.142,,4287345000,2025-10-28,quarterly,2.84,USD,pre-market,1554000,2795834000,0.064,0.135,0.144,59.61,239696000,3174171000,24000,None,275.45,291.4,7.1698,10539673000,1324242000,535284000,4997434000,9215431000,4462150000,2895327000,5542239000,34.73,None,311.21,213.97
2025-12-28,VMC,8.47,7882200000.0,34.73,-4322818000,1.064,66.17,,396952000,26031000,26031000,,,,,,,,,132231000,133354000,None,2186513000,2186513000,102209000,None,137024000,697331000,None,None,222868000,,1.93,0.0066,,,,0.808,0.19,476836000,699704000,2.65,2019-06-30,30.3,3167061000,2224900000.0,708814000,480237000,136402000,1076986000,1076986000,None,0,None,441423000,None,None,2781826000,None,51667000,388757000,None,None,None,0.236,,231978000,476836000,90230000,526564000,None,1062714000,None,,,,,2.193,4.451,4.932,,,,,,,,0.142,,4290682000,2025-10-28,quarterly,2.84,USD,pre-market,1554000,2623747000,0.064,0.135,0.144,59.61,239696000,3315802000,137024000,None,275.45,291.4,7.1698,10480764000,1255015000,663588000,5109317000,9225749000,4445729000,2895327000,5371447000,34.73,None,311.21,213.97
2025-12-28,VMC,8.47,7882200000.0,34.73,-4284211000,1.064,66.17,,403426000,30838000,30838000,,,,,,,,,132069000,133054000,None,2186513000,2186513000,63375000,None,178524000,560530000,None,None,222868000,,1.93,0.0066,,,,0.808,0.19,476836000,699704000,2.65,2019-03-31,30.3,3161842000,2224900000.0,708814000,480237000,136402000,1085398000,1085398000,None,0,None,429397000,None,None,2780589000,None,50952000,388757000,None,None,None,0.236,,231978000,476836000,63086000,481083000,None,1071218000,None,,,,,2.193,4.451,4.932,,,,,,,,0.142,,4275338000,2025-10-28,quarterly,2.84,USD,pre-market,1554000,2467201000,0.064,0.135,0.144,59.61,239696000,3362539000,178524000,None,275.45,291.4,7.1698,10296852000,1083851000,659607000,5079643000,9213001000,4420036000,2895327000,5217209000,34.73,None,311.21,213.97
2025-12-28,VMC,8.47,7882200000.0,34.73,None,1.064,66.17,,None,40037000,40037000,,,,,,,,,131762000,133369000,None,2186513000,2186513000,216473000,None,23000,540778000,None,None,222868000,,1.93,0.0066,,,,0.808,0.19,476836000,699704000,2.65,2018-12-31,30.3,3165396000,2224900000.0,708814000,480237000,136402000,1095378000,1095378000,None,0,None,429330000,None,None,2779357000,None,44615000,388757000,None,None,None,0.236,,231978000,476836000,69000000,253054000,None,663433000,None,,,,,2.193,4.451,4.932,,,,,,,,0.142,,4237307000,2025-10-28,quarterly,2.84,USD,pre-market,1554000,2444870000,0.064,0.135,0.144,59.61,239696000,2912380000,133023000,None,275.45,291.4,7.1698,9832130000,1079145000,602550000,4629227000,8752985000,4026677000,2895327000,5202903000,34.73,None,311.21,213.97
2025-12-28,VMC,8.47,7882200000.0,34.73,-4197592000,1.064,66.17,,None,38026000,38026000,,,,,,,,,132045000,133894000,None,2186513000,2186513000,233885000,None,23000,645715000,None,None,222868000,,1.93,0.0066,,,,0.808,0.19,476836000,699704000,2.65,2018-09-30,30.3,3169615000,2224900000.0,708814000,480237000,136402000,1099354000,1099354000,None,0,None,408652000,None,None,2778129000,None,42944000,388757000,None,None,None,0.236,,231978000,476836000,83519000,256507000,None,680276000,None,,,,,2.193,4.451,4.932,,,,,,,,0.142,,4188723000,2025-10-28,quarterly,2.84,USD,pre-market,1554000,2361903000,0.064,0.135,0.144,59.61,239696000,2978152000,200023000,5043000,275.45,291.4,7.1698,9875635000,1175912000,690415000,4729846000,8699723000,4039431000,2895327000,5145789000,34.73,0,311.21,213.97
2025-12-28,VMC,8.47,7882200000.0,34.73,-4134750000,1.064,66.17,,None,55059000,55059000,,,,,,,,,132268000,134051000,None,2186513000,2186513000,231913000,None,23000,638114000,None,None,222868000,,1.93,0.0066,,,,0.808,0.19,476836000,699704000,2.65,2018-06-30,30.3,3163954000,2224900000.0,708814000,480237000,136402000,1156898000,1156898000,None,0,None,403764000,None,None,2776906000,None,41989000,388757000,None,None,None,0.236,,231978000,476836000,86265000,219860000,None,500870000,None,,,,,2.193,4.451,4.932,,,,,,,,0.142,,4106414000,2025-10-28,quarterly,2.84,USD,pre-market,1554000,2244545000,0.064,0.135,0.144,59.61,239696000,3136929000,360023000,6056000,275.45,291.4,7.1698,9844784000,1183202000,811796000,4824154000,8661582000,4012358000,2895327000,5020630000,34.73,0,311.21,213.97
2025-12-28,VMC,8.47,7882200000.0,34.73,-4090574000,1.064,66.17,,None,38141000,38141000,,,,,,,,,132290000,134359000,None,2186513000,2186513000,188163000,None,22000,489436000,None,None,222868000,,1.93,0.0066,,,,0.808,0.19,476836000,699704000,2.65,2018-03-31,30.3,3130161000,2224900000.0,708814000,480237000,136402000,1060831000,1060831000,None,0,None,399754000,None,None,2775687000,None,35056000,388757000,None,None,None,0.236,,231978000,476836000,83868000,195122000,None,510846000,None,,,,,2.193,4.451,4.932,,,,,,,,0.142,,4025865000,2025-10-28,quarterly,2.84,USD,pre-market,1554000,2138885000,0.064,0.135,0.144,59.61,239696000,2975709000,200022000,8373000,275.45,291.4,7.1698,9453211000,1011199000,583307000,4540001000,8442012000,3956694000,2895327000,4913210000,34.73,0,311.21,213.97
2025-12-28,VMC,8.47,7882200000.0,34.73,None,1.064,66.17,,None,141646000,141646000,,,,,,,,,132324000,134815000,None,2186513000,2186513000,197335000,None,41383000,588337000,None,None,222868000,,1.93,0.0066,,,,0.808,0.19,476836000,699704000,2.65,2017-12-31,30.3,3122321000,2224900000.0,708814000,480237000,136402000,1063630000,1063630000,None,0,None,384338000,None,None,2813482000,None,35115000,388757000,None,None,None,0.236,,231978000,476836000,65780000,12678000,None,604231000,None,,,,,2.193,4.451,4.932,,,,,,,,0.142,,3918931000,2025-10-28,quarterly,2.84,USD,pre-market,1554000,2180448000,0.064,0.135,0.144,59.61,239696000,3204865000,391383000,5000000,275.45,291.4,7.1698,9504891000,1180101000,792872000,4535998000,8324790000,3743126000,2895327000,4968893000,34.73,0,311.21,213.97
2025-12-28,VMC,8.47,7882200000.0,34.73,-4002227000,1.064,66.17,,None,701163000,701163000,,,,,,,,,132281000,134765000,None,2186513000,2186513000,181207000,None,4827000,579202000,None,None,222868000,,1.93,0.0066,,,,0.808,0.19,476836000,699704000,2.65,2017-09-30,30.3,3101337000,2224900000.0,708814000,480237000,136402000,835269000,835269000,None,0,None,365826000,None,None,2809966000,None,35999000,388757000,None,None,None,0.236,,231978000,476836000,100781000,227665000,None,621253000,None,,,,,2.193,4.451,4.932,,,,,,,,0.142,,3537701000,2025-10-28,quarterly,2.84,USD,pre-market,1554000,1886006000,0.064,0.135,0.144,59.61,239696000,2814793000,4827000,0,275.45,291.4,7.1698,9439334000,1746972000,413699000,4754200000,7692362000,4340501000,2895327000,4685134000,34.73,0,311.21,213.97
2025-12-28,VMC,8.47,7882200000.0,34.73,-3992728000,1.064,66.17,,None,1129799000,1129799000,,,,,,,,,132181000,134735000,None,2186513000,2186513000,202753000,None,3335069000,570086000,None,None,222868000,,1.93,0.0066,,,,0.808,0.19,476836000,699704000,2.65,2017-06-30,30.3,3101439000,2224900000.0,708814000,480237000,136402000,834971000,834971000,None,0,None,374929000,None,None,2809293000,None,38888000,388757000,None,None,None,0.236,,231978000,476836000,109998000,197264000,None,631007000,None,,,,,2.193,4.451,4.932,,,,,,,,0.142,,3538808000,2025-10-28,quarterly,2.84,USD,pre-market,1554000,1810528000,0.064,0.135,0.144,59.61,239696000,3335069000,525776000,0,275.45,291.4,7.1698,9869943000,2184812000,925793000,5267839000,7685131000,4342046000,2895327000,4602104000,34.73,0,311.21,213.97
2025-12-28,VMC,8.47,7882200000.0,34.73,-3980567000,1.064,66.17,,None,286957000,286957000,,,,,,,,,132222000,134968000,None,2186513000,2186513000,175906000,None,139000,468833000,None,None,222868000,,1.93,0.0066,,,,0.808,0.19,476836000,699704000,2.65,2017-03-31,30.3,3101241000,2224900000.0,708814000,480237000,136402000,829114000,829114000,None,0,None,363399000,None,None,2329248000,None,34311000,388757000,None,None,None,0.236,,231978000,476836000,38573000,184853000,None,633187000,None,,,,,2.193,4.451,4.932,,,,,,,,0.142,,3451821000,2025-10-28,quarterly,2.84,USD,pre-market,1554000,1734448000,0.064,0.135,0.144,59.61,239696000,2329387000,139000,0,275.45,291.4,7.1698,8744324000,1157762000,360898000,4223563000,7586562000,3862665000,2895327000,4520761000,34.73,0,311.21,213.97
2025-12-28,VMC,8.47,7882200000.0,34.73,None,1.064,66.17,,None,258986000,258986000,,,,,,,,,132339000,135362000,None,2186513000,2186513000,145042000,None,138000,491821000,None,None,222868000,,1.93,0.0066,,,,0.808,0.19,476836000,699704000,2.65,2016-12-31,30.3,3094824000,2224900000.0,708814000,480237000,136402000,769052000,769052000,None,0,None,345616000,None,None,1982751000,None,39226000,388757000,None,None,None,0.236,,231978000,476836000,40759000,227064000,None,623064000,None,,,,,2.193,4.451,4.932,,,,,,,,0.142,,3261438000,2025-10-28,quarterly,2.84,USD,pre-market,1554000,1771518000,0.064,0.135,0.144,59.61,239696000,1982889000,138000,9033000,275.45,291.4,7.1698,8454150000,1119857000,372244000,3898999000,7334293000,3526755000,2895327000,4572476000,34.73,0,311.21,213.97
2025-12-28,VMC,8.47,7882200000.0,34.73,-3876743000,1.064,66.17,,None,135365000,135365000,,,,,,,,,132309000,135823000,None,2186513000,2186513000,163139000,None,131000,531982000,None,None,222868000,,1.93,0.0066,,,,0.808,0.19,476836000,699704000,2.65,2016-09-30,30.3,3094824000,2224900000.0,708814000,480237000,136402000,753314000,753314000,None,0,None,338042000,None,None,1983639000,None,38914000,388757000,None,None,None,0.236,,231978000,476836000,71370000,197642000,None,601117000,None,,,,,2.193,4.451,4.932,,,,,,,,0.142,,3228293000,2025-10-28,quarterly,2.84,USD,pre-market,1554000,1660961000,0.064,0.135,0.144,59.61,239696000,1983770000,131000,0,275.45,291.4,7.1698,8358085000,1076759000,360912000,3854115000,7281326000,3493203000,2895327000,4503970000,34.73,0,311.21,213.97
2025-12-28,VMC,8.47,7882200000.0,34.73,-3834680000,1.064,66.17,,None,91902000,91902000,,,,,,,,,133027000,136208000,None,2186513000,2186513000,176476000,None,131000,532795000,None,None,222868000,,1.93,0.0066,,,,0.808,0.19,476836000,699704000,2.65,2016-06-30,30.3,3094824000,2224900000.0,708814000,480237000,136402000,754341000,754341000,None,0,None,347866000,None,None,1982527000,None,38924000,388757000,None,None,None,0.236,,231978000,476836000,50844000,156071000,None,607778000,None,,,,,2.193,4.451,4.932,,,,,,,,0.142,,3217371000,2025-10-28,quarterly,2.84,USD,pre-market,1554000,1639267000,0.064,0.135,0.144,59.61,239696000,1982658000,131000,0,275.45,291.4,7.1698,8290113000,1023407000,332678000,3810782000,7266706000,3478104000,2895327000,4479331000,34.73,0,311.21,213.97
2025-12-28,VMC,8.47,7882200000.0,34.73,-3786590000,1.064,66.17,,None,191886000,191886000,,,,,,,,,133348000,136100000,None,2186513000,2186513000,185653000,None,131000,443763000,None,None,222868000,,1.93,0.0066,,,,0.808,0.19,476836000,699704000,2.65,2016-03-31,30.3,3094824000,2224900000.0,708814000,480237000,136402000,753372000,753372000,None,0,None,337758000,None,None,1981425000,None,38895000,388757000,None,None,None,0.236,,231978000,476836000,34096000,170701000,None,618806000,None,,,,,2.193,4.451,4.932,,,,,,,,0.142,,3197827000,2025-10-28,quarterly,2.84,USD,pre-market,1554000,1584344000,0.064,0.135,0.144,59.61,239696000,1981556000,131000,0,275.45,291.4,7.1698,8247025000,1007503000,356485000,3825972000,7239522000,3469487000,2895327000,4421053000,34.73,0,311.21,213.97
2025-12-28,VMC,8.47,7882200000.0,34.73,None,1.064,66.17,,None,284060000,284060000,,,,,,,,,133172000,135711000,None,2186513000,2186513000,175729000,None,130000,418024000,None,None,222868000,,1.93,0.0066,,,,0.808,0.19,476836000,699704000,2.65,2015-12-31,30.3,3094824000,2224900000.0,708814000,480237000,136402000,766579000,766579000,None,0,None,347073000,None,None,1980334000,None,40558000,388757000,None,None,None,0.236,,231978000,476836000,35434000,177620000,None,608895000,None,,,,,2.193,4.451,4.932,,,,,,,,0.142,,3156290000,2025-10-28,quarterly,2.84,USD,pre-market,1554000,1618507000,0.064,0.135,0.144,59.61,239696000,1980464000,130000,1150000,275.45,291.4,7.1698,8301632000,1084591000,353479000,3847444000,7217041000,3493965000,2895327000,4454188000,34.73,0,311.21,213.97
2025-12-28,VMC,8.47,7882200000.0,34.73,-3683961000,1.064,66.17,,None,168681000,168681000,,,,,,,,,133315000,135558000,None,2186513000,2186513000,195536000,None,None,552985000,None,None,222868000,,1.93,0.0066,,,,0.808,0.19,476836000,699704000,2.65,2015-09-30,30.3,3094824000,2224900000.0,708814000,480237000,136402000,766695000,766695000,None,0,None,326706000,None,None,1979493000,None,40516000,388757000,None,None,None,0.236,,231978000,476836000,95318000,216411000,None,659725000,None,,,,,2.193,4.451,4.932,,,,,,,,0.142,,3119627000,2025-10-28,quarterly,2.84,USD,pre-market,1554000,1564215000,0.064,0.135,0.144,59.61,239696000,1979623000,130000,0,275.45,291.4,7.1698,8316866000,1143690000,412077000,3953589000,7173176000,3541512000,2895327000,4363277000,34.73,0,311.21,213.97
2025-12-28,VMC,8.47,7882200000.0,34.73,-3637392000,1.064,66.17,,None,74736000,74736000,,,,,,,,,132984000,135234000,None,2186513000,2186513000,190904000,None,None,490411000,None,None,222868000,,1.93,0.0066,,,,0.808,0.19,476836000,699704000,2.65,2015-06-30,30.3,3094824000,2224900000.0,708814000,480237000,136402000,767995000,767995000,None,0,None,341828000,None,None,1893737000,None,41603000,388757000,None,None,None,0.236,,231978000,476836000,115225000,163112000,None,670949000,None,,,,,2.193,4.451,4.932,,,,,,,,0.142,,3115524000,2025-10-28,quarterly,2.84,USD,pre-market,1554000,1453752000,0.064,0.135,0.144,59.61,239696000,2046361000,152624000,0,275.45,291.4,7.1698,8195883000,1022200000,506640000,3968926000,7173683000,3462286000,2895327000,4226957000,34.73,0,311.21,213.97
2025-12-28,VMC,8.47,7882200000.0,34.73,-3587444000,1.064,66.17,,None,392657000,392657000,,,,,,,,,132660000,132659000,None,2186513000,2186513000,157829000,None,None,369952000,None,None,222868000,,1.93,0.0066,,,,0.808,0.19,476836000,699704000,2.65,2015-03-31,30.3,3094824000,2224900000.0,708814000,480237000,136402000,764072000,764072000,None,0,None,333692000,None,None,1912455000,None,41613000,388757000,None,None,None,0.236,,231978000,476836000,98364000,180066000,None,678821000,None,,,,,2.193,4.451,4.932,,,,,,,,0.142,,3084093000,2025-10-28,quarterly,2.84,USD,pre-market,1554000,1418901000,0.064,0.135,0.144,59.61,239696000,2277896000,365441000,0,275.45,291.4,7.1698,8350615000,1194665000,703336000,4190448000,7155950000,3487112000,2895327000,4160167000,34.73,0,311.21,213.97
2025-12-28,VMC,8.47,7882200000.0,34.73,None,1.064,66.17,,None,141273000,141273000,,,,,,,,,131907000,133619000,None,2186513000,2186513000,145148000,None,150137000,373842000,None,None,222868000,,1.93,0.0066,,,,0.808,0.19,476836000,699704000,2.65,2014-12-31,30.3,3094824000,2224900000.0,708814000,480237000,136402000,758243000,758243000,None,0,None,321804000,None,None,1855447000,None,41650000,388757000,None,None,None,0.236,,231978000,476836000,83550000,156593000,None,650352000,None,,,,,2.193,4.451,4.932,,,,,,,,0.142,,3071630000,2025-10-28,quarterly,2.84,USD,pre-market,1554000,1471845000,0.064,0.135,0.144,59.61,239696000,1984779000,150137000,0,275.45,291.4,7.1698,8061902000,920469000,451878000,3864398000,7141433000,3412520000,2895327000,4176699000,34.73,0,311.21,213.97
2025-12-28,VMC,8.47,7882200000.0,34.73,-3539772000,1.064,66.17,,None,91868000,91868000,,,,,,,,,131703000,133369000,None,2186513000,2186513000,167837000,None,None,479748000,None,None,222868000,,1.93,0.0066,,,,0.808,0.19,476836000,699704000,2.65,2014-09-30,30.3,3095317000,2224900000.0,708814000,480237000,136402000,758863000,758863000,None,0,None,306584000,None,None,2005968000,None,42117000,388757000,None,None,None,0.236,,231978000,476836000,76418000,196830000,None,569841000,None,,,,,2.193,4.451,4.932,,,,,,,,0.142,,3068570000,2025-10-28,quarterly,2.84,USD,pre-market,1554000,1441742000,0.064,0.135,0.144,59.61,239696000,2006113000,145000,0,275.45,291.4,7.1698,8091538000,954618000,364812000,3890439000,7136920000,3525627000,2895327000,4201099000,34.73,0,311.21,213.97
2025-12-28,VMC,8.47,7882200000.0,34.73,3494896000,1.064,66.17,,None,227684000,227684000,,,,,,,,,130910000,132876000,None,2186513000,2186513000,178239000,None,None,434332000,None,None,222868000,,1.93,0.0066,,,,0.808,0.19,476836000,699704000,2.65,2014-06-30,30.3,3081521000,2224900000.0,708814000,480237000,136402000,633442000,633442000,None,0,None,309714000,None,None,2006379000,None,42128000,388757000,None,None,None,0.236,,231978000,476836000,130254000,171008000,None,569794000,None,,,,,2.193,4.451,4.932,,,,,,,,0.142,,2901762000,2025-10-28,quarterly,2.84,USD,pre-market,1554000,1382711000,0.064,0.135,0.144,59.61,239696000,2006537000,158000,62087000,275.45,291.4,7.1698,7933898000,1101984000,349405000,3847711000,6831914000,3498306000,2895327000,4086187000,34.73,0,311.21,213.97
2025-12-28,VMC,8.47,7882200000.0,34.73,3446744000,1.064,66.17,,None,268773000,268773000,,,,,,,,,130802000,132314000,None,2186513000,2186513000,150628000,None,None,348337000,None,None,222868000,,1.93,0.0066,,,,0.808,0.19,476836000,699704000,2.65,2014-03-31,30.3,3081521000,2224900000.0,708814000,480237000,136402000,633870000,633870000,None,0,None,305833000,None,None,2006782000,None,42137000,388757000,None,None,None,0.236,,231978000,476836000,130799000,190069000,None,581286000,None,,,,,2.193,4.451,4.932,,,,,,,,0.142,,2893290000,2025-10-28,quarterly,2.84,USD,pre-market,1554000,1343294000,0.064,0.135,0.144,59.61,239696000,2006953000,171000,63024000,275.45,291.4,7.1698,7872235000,1053742000,340868000,3841116000,6818493000,3500248000,2895327000,4031119000,34.73,0,311.21,213.97
2025-12-28,VMC,8.47,7882200000.0,34.73,None,1.064,66.17,,None,193738000,193738000,,,,,,,,,130200000,131650000,None,2186513000,2186513000,139345000,None,None,339621000,None,None,222868000,,1.93,0.0066,,,,0.808,0.19,476836000,699704000,2.65,2013-12-31,30.3,3081521000,2224900000.0,708814000,480237000,136402000,697578000,697578000,None,0,None,344606000,None,None,2522243000,None,42387000,388757000,None,None,None,0.236,,231978000,476836000,73531000,159620000,None,555184000,None,,,,,2.193,4.451,4.932,,,,,,,,0.142,,3312017000,2025-10-28,quarterly,2.84,USD,pre-market,1554000,1295834000,0.064,0.135,0.144,59.61,239696000,2522413000,170000,0,275.45,291.4,7.1698,8263606000,955959000,299135000,4321037000,7307647000,4021902000,2895327000,3938106000,34.73,0,311.21,213.97
2025-12-28,VMC,8.47,7882200000.0,34.73,-3578010000,1.064,66.17,,None,245813000,245813000,,,,,,,,,129989000,131320000,None,2186513000,2186513000,154451000,None,None,445230000,None,None,222868000,,1.93,0.0066,,,,0.808,0.19,476836000,699704000,2.65,2013-09-30,30.3,3081521000,2224900000.0,708814000,480237000,136402000,697655000,697655000,None,0,None,328179000,None,None,2523389000,None,43275000,388757000,None,None,None,0.236,,231978000,476836000,81739000,204029000,None,666115000,None,,,,,2.193,4.451,4.932,,,,,,,,0.142,,3214460000,2025-10-28,quarterly,2.84,USD,pre-market,1554000,1288054000,0.064,0.135,0.144,59.61,239696000,2523552000,163000,0,275.45,291.4,7.1698,8310056000,1100961000,358643000,4447145000,7209095000,4088502000,2895327000,3862911000,34.73,0,311.21,213.97
2025-12-28,VMC,8.47,7882200000.0,34.73,-3519862000,1.064,66.17,,None,86979000,86979000,,,,,,,,,129963000,131332000,None,2186513000,2186513000,128142000,None,None,404682000,None,None,222868000,,1.93,0.0066,,,,0.808,0.19,476836000,699704000,2.65,2013-06-30,30.3,3086219000,2224900000.0,708814000,480237000,136402000,698471000,698471000,None,0,None,340487000,None,None,2524420000,None,43194000,388757000,None,None,None,0.236,,231978000,476836000,79501000,163466000,None,652480000,None,,,,,2.193,4.451,4.932,,,,,,,,0.142,,3210643000,2025-10-28,quarterly,2.84,USD,pre-market,1554000,1247984000,0.064,0.135,0.144,59.61,239696000,2624581000,100161000,0,275.45,291.4,7.1698,8120224000,911649000,391769000,4306704000,7208575000,3914935000,2895327000,3813520000,34.73,0,311.21,213.97
2025-12-28,VMC,8.47,7882200000.0,34.73,-3507394000,1.064,66.17,,None,188081000,188081000,,,,,,,,,129952000,130186000,None,2186513000,2186513000,116677000,None,None,322172000,None,None,222868000,,1.93,0.0066,,,,0.808,0.19,476836000,699704000,2.65,2013-03-31,30.3,3095801000,2224900000.0,708814000,480237000,136402000,691840000,691840000,None,0,None,340574000,None,None,2525420000,None,41707000,388757000,None,None,None,0.236,,231978000,476836000,76535000,212572000,None,680476000,None,,,,,2.193,4.451,4.932,,,,,,,,0.142,,3161236000,2025-10-28,quarterly,2.84,USD,pre-market,1554000,1220512000,0.064,0.135,0.144,59.61,239696000,2666024000,140604000,0,275.45,291.4,7.1698,8078475000,927362000,469853000,4363546000,7151113000,3893693000,2895327000,3714929000,34.73,-3714929000,311.21,213.97
2025-12-28,VMC,8.47,7882200000.0,34.73,None,1.064,66.17,,None,275478000,275478000,,,,,,,,,129721000,131008000,None,2186513000,2186513000,113337000,None,None,296980000,None,None,222868000,,1.93,0.0066,,,,0.808,0.19,476836000,699704000,2.65,2012-12-31,30.3,3086716000,2224900000.0,708814000,480237000,136402000,692532000,692532000,None,0,None,335022000,None,None,2526401000,None,42081000,388757000,None,None,None,0.236,,231978000,476836000,77492000,172472000,None,650019000,None,,,,,2.193,4.451,4.932,,,,,,,,0.142,,3159185000,2025-10-28,quarterly,2.84,USD,pre-market,1554000,1276649000,0.064,0.135,0.144,59.61,239696000,2677003000,150602000,0,275.45,291.4,7.1698,8126599000,984972000,436411000,4365537000,7141627000,3929126000,2895327000,3761062000,34.73,-3761062000,311.21,213.97
2025-12-28,VMC,8.47,7882200000.0,34.73,-3477496000,1.064,66.17,,None,243126000,243126000,,,,,,,,,129596000,130215000,None,2186513000,2186513000,133209000,None,None,397414000,None,None,222868000,,1.93,0.0066,,,,0.808,0.19,476836000,699704000,2.65,2012-09-30,30.3,3086716000,2224900000.0,708814000,480237000,136402000,693308000,693308000,None,0,None,336978000,None,None,2527450000,None,42226000,388757000,None,None,None,0.236,,231978000,476836000,71737000,346944000,None,618292000,None,,,,,2.193,4.451,4.932,,,,,,,,0.142,,3212952000,2025-10-28,quarterly,2.84,USD,pre-market,1554000,1274465000,0.064,0.135,0.144,59.61,239696000,2812603000,285153000,0,275.45,291.4,7.1698,8225916000,1049255000,632097000,4458719000,7176661000,3826622000,2895327000,3767197000,34.73,-3767197000,311.21,213.97
2025-12-28,VMC,8.47,7882200000.0,34.73,None,1.064,66.17,,None,158301000,158301000,,,,,,,,,129393000,129676000,None,2186513000,2186513000,171834000,None,None,390131000,None,None,222868000,,1.93,0.0066,,,,0.808,0.19,476836000,699704000,2.65,2012-06-30,30.3,3086716000,2224900000.0,708814000,480237000,136402000,694972000,694972000,None,0,None,334606000,None,None,2528387000,None,28506000,388757000,None,None,None,0.236,,231978000,476836000,68197000,331315000,None,604948000,None,,,,,2.193,4.451,4.932,,,,,,,,0.142,,3278511000,2025-10-28,quarterly,2.84,USD,pre-market,1554000,1261501000,0.064,0.135,0.144,59.61,239696000,2813539000,285152000,0,275.45,291.4,7.1698,8180075000,951235000,616467000,4437139000,7228840000,3820672000,2895327000,3742936000,34.73,0,311.21,213.97
2025-12-28,VMC,8.47,7882200000.0,34.73,None,1.064,66.17,,None,191172000,191172000,,,,,,,,,129389000,129593000,None,2186513000,2186513000,125101000,None,None,318176000,None,None,222868000,,1.93,0.0066,,,,0.808,0.19,476836000,699704000,2.65,2012-03-31,30.3,3086716000,2224900000.0,708814000,480237000,136402000,695852000,695852000,None,0,None,341333000,None,None,2669752000,None,29172000,388757000,None,None,None,0.236,,231978000,476836000,67968000,336387000,None,615421000,None,,,,,2.193,4.451,4.932,,,,,,,,0.142,,3349694000,2025-10-28,quarterly,2.84,USD,pre-market,1554000,1281080000,0.064,0.135,0.144,59.61,239696000,2814458000,144706000,0,275.45,291.4,7.1698,8216039000,918649000,481093000,4470432000,7297390000,3989339000,2895327000,3745607000,34.73,0,311.21,213.97
2025-12-28,VMC,8.47,7882200000.0,34.73,None,1.064,66.17,,None,155839000,155839000,,,,,,,,,129245000,129593000,None,2186513000,2186513000,103931000,None,None,314893000,None,None,222868000,,1.93,0.0066,,,,0.808,0.19,476836000,699704000,2.65,2011-12-31,30.3,3086716000,2224900000.0,708814000,480237000,136402000,697502000,697502000,None,0,None,327657000,None,None,2680677000,None,29004000,388757000,None,None,None,0.236,,231978000,476836000,64711000,167560000,None,588964000,None,,,,,2.193,4.451,4.932,,,,,,,,0.142,,3418179000,2025-10-28,quarterly,2.84,USD,pre-market,1554000,1334476000,0.064,0.135,0.144,59.61,239696000,2815439000,134762000,81000,275.45,291.4,7.1698,8229314000,863100000,406253000,4437697000,7366214000,4031444000,2895327000,3791617000,34.73,0,311.21,213.97
2025-12-28,VMC,8.47,7882200000.0,34.73,None,1.064,66.17,,None,152379000,152379000,,,,,,,,,129233000,129768000,None,2186513000,2186513000,134853000,None,None,430039000,None,None,222868000,,1.93,0.0066,,,,0.808,0.19,476836000,699704000,2.65,2011-09-30,30.3,3086716000,2224900000.0,708814000,480237000,136402000,698703000,698703000,None,0,None,317777000,None,None,2816223000,None,28917000,388757000,None,None,None,0.236,,231978000,476836000,101871000,359089000,None,524485000,None,,,,,2.193,4.451,4.932,,,,,,,,0.142,,3443468000,2025-10-28,quarterly,2.84,USD,pre-market,1554000,1372822000,0.064,0.135,0.144,59.61,239696000,2821438000,5215000,81000,275.45,291.4,7.1698,8381881000,1002066000,364304000,4505782000,7379815000,4141478000,2895327000,3876099000,34.73,0,311.21,213.97
2025-12-28,VMC,8.47,7882200000.0,34.73,None,1.064,66.17,,None,106744000,106744000,,,,,,,,,129224000,129446000,None,2186513000,2186513000,153729000,None,None,389782000,None,None,222868000,,1.93,0.0066,,,,0.808,0.19,476836000,699704000,2.65,2011-06-30,30.3,3097016000,2224900000.0,708814000,480237000,136402000,694509000,694509000,None,0,None,329265000,None,None,2785843000,None,37251000,388757000,None,None,None,0.236,,231978000,476836000,66562000,315730000,None,535136000,None,,,,,2.193,4.451,4.932,,,,,,,,0.142,,3542745000,2025-10-28,quarterly,2.84,USD,pre-market,1554000,1385208000,0.064,0.135,0.144,59.61,239696000,2891073000,105230000,109000,275.45,291.4,7.1698,8385610000,892353000,420960000,4504345000,7493257000,4083385000,2895327000,3881265000,34.73,0,311.21,213.97
2025-12-28,VMC,8.47,7882200000.0,34.73,None,1.064,66.17,,None,63164000,63164000,,,,,,,,,129107000,129078000,None,2186513000,2186513000,119702000,None,None,278126000,None,None,222868000,,1.93,0.0066,,,,0.808,0.19,476836000,699704000,2.65,2011-03-31,30.3,3097016000,2224900000.0,708814000,480237000,136402000,701046000,701046000,None,0,None,329187000,None,None,2427596000,None,37271000,388757000,None,None,None,0.236,,231978000,476836000,94773000,313044000,None,534418000,None,,,,,2.193,4.451,4.932,,,,,,,,0.142,,3592830000,2025-10-28,quarterly,2.84,USD,pre-market,1554000,1425668000,0.064,0.135,0.144,59.61,239696000,2732834000,305238000,109000,275.45,291.4,7.1698,8298791000,765250000,618282000,4393174000,7533541000,3774892000,2895327000,3905617000,34.73,0,311.21,213.97
2025-12-28,VMC,8.47,7882200000.0,34.73,None,1.064,66.17,,None,47541000,47541000,,,,,,,,,128570000,129078000,None,2186513000,2186513000,102315000,None,None,317798000,None,None,222868000,,1.93,0.0066,,,,0.808,0.19,476836000,699704000,2.65,2010-12-31,30.3,3097016000,2224900000.0,708814000,480237000,136402000,691693000,691693000,None,0,None,319845000,None,None,2427516000,None,37386000,388757000,None,None,None,0.236,,231978000,476836000,88567000,189287000,None,83399000,None,,,,,2.193,4.451,4.932,,,,,,,,0.142,,3632914000,2025-10-28,quarterly,2.84,USD,pre-market,1554000,1512863000,0.064,0.135,0.144,59.61,239696000,2718262000,290746000,547000,275.45,291.4,7.1698,8337891000,772106000,582348000,4383738000,7565785000,3801390000,2895327000,3964980000,34.73,0,311.21,213.97
2025-12-28,VMC,8.47,7882200000.0,34.73,-2987287000,1.064,66.17,,None,82496000,82496000,,,,,,,,,128391000,128910000,None,2186513000,2186513000,138462000,None,None,404934000,None,None,222868000,,1.93,0.0066,,,,0.808,0.19,476836000,699704000,2.65,2010-09-30,30.3,3093979000,2224900000.0,708814000,480237000,136402000,693779000,693779000,None,0,None,316244000,None,None,2432521000,None,33808000,388757000,None,None,None,0.236,,231978000,476836000,124560000,346007000,None,537041000,None,,,,,2.193,4.451,4.932,,,,,,,,0.142,,3668965000,2025-10-28,quarterly,2.84,USD,pre-market,1554000,1606754000,0.064,0.135,0.144,59.61,239696000,2757770000,325249000,3910000,275.45,291.4,7.1698,8529597000,932144000,671256000,4490743000,7597453000,3819487000,2895327000,4038854000,34.73,0,311.21,213.97
2025-12-28,VMC,8.47,7882200000.0,34.73,-2915565000,1.064,66.17,,None,42173000,42173000,,,,,,,,,128270000,128168000,None,2186513000,2186513000,168269000,None,None,389323000,None,None,222868000,,1.93,0.0066,,,,0.808,0.19,476836000,699704000,2.65,2010-06-30,30.3,3093979000,2224900000.0,708814000,480237000,136402000,681059000,681059000,None,0,None,311340000,None,None,2001180000,None,34078000,388757000,None,None,None,0.236,,231978000,476836000,120557000,328829000,None,538929000,None,,,,,2.193,4.451,4.932,,,,,,,,0.142,,3717015000,2025-10-28,quarterly,2.84,USD,pre-market,1554000,1625620000,0.064,0.135,0.144,59.61,239696000,2746480000,745300000,3910000,275.45,291.4,7.1698,8495044000,867303000,1074129000,4450940000,7627741000,3376811000,2895327000,4044104000,34.73,0,311.21,213.97
2025-12-28,VMC,8.47,7882200000.0,34.73,-2834162000,1.064,66.17,,None,35940000,35940000,,,,,,,,,127693000,126692000,None,2186513000,2186513000,128974000,None,None,291412000,None,None,222868000,,1.93,0.0066,,,,0.808,0.19,476836000,699704000,2.65,2010-03-31,30.3,3093979000,2224900000.0,708814000,480237000,136402000,681872000,681872000,None,0,None,307601000,None,None,2101147000,None,33298000,388757000,None,None,None,0.236,,231978000,476836000,127010000,283878000,None,537835000,None,,,,,2.193,4.451,4.932,,,,,,,,0.142,,3793041000,2025-10-28,quarterly,2.84,USD,pre-market,1554000,1681624000,0.064,0.135,0.144,59.61,239696000,2726491000,625344000,4109000,275.45,291.4,7.1698,8474882000,766072000,909222000,4411882000,7708810000,3502660000,2895327000,4063000000,34.73,0,311.21,213.97
2025-12-28,VMC,8.47,7882200000.0,34.73,None,1.064,66.17,,None,22265000,22265000,,,,,,,,,125912000,126692000,None,2186513000,2186513000,121324000,None,None,268024000,None,None,222868000,,1.93,0.0066,,,,0.808,0.19,476836000,699704000,2.65,2009-12-31,30.3,3093979000,2224900000.0,708814000,480237000,136402000,682643000,682643000,None,0,None,325033000,None,None,2116120000,None,33283000,388757000,None,None,None,0.236,,231978000,476836000,113456000,113478000,None,587518000,None,,,,,2.193,4.451,4.932,,,,,,,,0.142,,3874671000,2025-10-28,quarterly,2.84,USD,pre-market,1554000,1752240000,0.064,0.135,0.144,59.61,239696000,2738013000,621893000,4111000,275.45,291.4,7.1698,8532950000,743289000,856695000,4487634000,7789661000,3630939000,2895327000,4052022000,34.73,0,311.21,213.97
2025-12-28,VMC,8.47,7882200000.0,34.73,None,1.064,66.17,,None,46547000,46547000,,,,,,,,,125401000,125859000,None,2186513000,2186513000,1637521000,None,None,399013000,None,None,222868000,,1.93,0.0066,,,,0.808,0.19,476836000,699704000,2.65,2009-09-30,30.3,3093979000,2224900000.0,708814000,480237000,136402000,681087000,681087000,None,0,None,331695000,None,None,2506170000,None,None,388757000,None,None,None,0.236,,231978000,476836000,101433000,329055000,None,None,None,,,,,2.193,4.451,4.932,,,,,,,,0.142,,-2713057000,2025-10-28,quarterly,2.84,USD,pre-market,1554000,1797036000,0.064,0.135,0.144,59.61,239696000,2852948000,346778000,6803000,275.45,291.4,7.1698,8763168000,885491000,675833000,4677640000,7877677000,4001807000,2895327000,4085528000,34.73,0,311.21,213.97
2025-12-28,VMC,8.47,7882200000.0,34.73,None,1.064,66.17,,None,43711000,43711000,,,,,,,,,124989000,113829000,None,2186513000,2186513000,1720643000,None,None,385501000,None,None,222868000,,1.93,0.0066,,,,0.808,0.19,476836000,699704000,2.65,2009-06-30,30.3,3091524000,2224900000.0,708814000,480237000,136402000,683092000,683092000,None,0,None,363583000,None,None,2521190000,None,None,388757000,None,None,None,0.236,,231978000,476836000,127505000,275847000,None,None,None,,,,,2.193,4.451,4.932,,,,,,,,0.142,,-2644146000,2025-10-28,quarterly,2.84,USD,pre-market,1554000,1743097000,0.064,0.135,0.144,59.61,239696000,2993907000,472717000,6755000,275.45,291.4,7.1698,8847872000,927055000,748564000,4844653000,7920817000,4096089000,2895327000,4003219000,34.73,0,311.21,213.97
2025-12-28,VMC,8.47,7882200000.0,34.73,None,1.064,66.17,,None,47446000,47446000,,,,,,,,,110556000,110598000,None,2186513000,2186513000,138939000,None,None,330063000,None,None,222868000,,1.93,0.0066,,,,0.808,0.19,476836000,699704000,2.65,2009-03-31,30.3,3082467000,2224900000.0,708814000,480237000,136402000,672871000,672871000,None,0,None,361820000,None,None,2536211000,None,None,388757000,None,None,None,0.236,,231978000,476836000,131282000,293371000,None,None,None,,,,,2.193,4.451,4.932,,,,,,,,0.142,,4089668000,2025-10-28,quarterly,2.84,USD,pre-market,1554000,1775587000,0.064,0.135,0.144,59.61,239696000,3514900000,978689000,11530000,275.45,291.4,7.1698,8835564000,882141000,1272060000,5382234000,7953423000,4110174000,2895327000,3453330000,34.73,None,311.21,213.97
2025-12-28,VMC,8.47,7882200000.0,34.73,None,1.064,66.17,,None,10194000,10194000,,,,,,,,,110270000,110598000,None,2186513000,2186513000,147104000,None,None,356977000,None,None,222868000,,1.93,0.0066,,,,0.808,0.19,476836000,699704000,2.65,2008-12-31,30.3,3083013000,2224900000.0,708814000,480237000,136402000,673792000,673792000,None,0,None,364311000,None,None,2153588000,None,None,388757000,None,None,None,0.236,,231978000,476836000,125674000,121777000,None,None,None,,,,,2.193,4.451,4.932,,,,,,,,0.142,,4155812000,2025-10-28,quarterly,2.84,USD,pre-market,1554000,1862913000,0.064,0.135,0.144,59.61,239696000,3547773000,1394185000,36734000,275.45,291.4,7.1698,8914169000,893890000,1663066000,5362872000,8020279000,3699806000,2895327000,3522736000,34.73,None,311.21,213.97
2025-12-28,VMC,8.47,7882200000.0,34.73,None,1.064,66.17,,None,90969000,90969000,,,,,,,,,110146000,111270000,None,2186513000,2186513000,217596000,None,None,519195000,None,None,222868000,,1.93,0.0066,,,,0.808,0.19,476836000,699704000,2.65,2008-09-30,30.3,3899517000,2224900000.0,708814000,480237000,136402000,3899517000,3899517000,None,0,None,372081000,None,None,2168807000,None,None,388757000,None,None,None,0.236,,231978000,476836000,106308000,176974000,None,None,None,,,,,2.193,4.451,4.932,,,,,,,,0.142,,3720085000,2025-10-28,quarterly,2.84,USD,pre-market,1554000,2134748000,0.064,0.135,0.144,59.61,239696000,3677060000,1508253000,36992000,275.45,291.4,7.1698,9127120000,1125545000,1902823000,5184012000,8001575000,3281189000,2895327000,3942698000,34.73,None,311.21,213.97
2025-12-28,VMC,8.47,7882200000.0,34.73,None,1.064,66.17,,None,151210000,151210000,,,,,,,,,109834000,111117000,None,2186513000,2186513000,215835000,None,None,523303000,None,None,222868000,,1.93,0.0066,,,,0.808,0.19,476836000,699704000,2.65,2008-06-30,30.3,3895267000,2224900000.0,708814000,480237000,136402000,3895267000,3895267000,None,0,None,383500000,None,None,2183584000,None,None,388757000,None,None,None,0.236,,231978000,476836000,81466000,178775000,None,None,None,,,,,2.193,4.451,4.932,,,,,,,,0.142,,3721884000,2025-10-28,quarterly,2.84,USD,pre-market,1554000,2129554000,0.064,0.135,0.144,59.61,239696000,3723165000,1539581000,None,275.45,291.4,7.1698,9134482000,1139479000,1934191000,5218303000,7995003000,3284112000,2895327000,3915769000,34.73,None,311.21,213.97
2025-12-28,VMC,8.47,7882200000.0,34.73,None,1.064,66.17,,None,51023000,51023000,,,,,,,,,109441000,109898000,None,2186513000,2186513000,197529000,None,None,437275000,None,None,222868000,,1.93,0.0066,,,,0.808,0.19,476836000,699704000,2.65,2008-03-31,30.3,3900360000,2224900000.0,708814000,480237000,136402000,3900360000,3900360000,None,0,None,384836000,None,None,1529672000,None,None,388757000,None,None,None,0.236,,231978000,476836000,286786000,190212000,None,None,None,,,,,2.193,4.451,4.932,,,,,,,,0.142,,3688820000,2025-10-28,quarterly,2.84,USD,pre-market,1554000,2040864000,0.064,0.135,0.144,59.61,239696000,3757195000,2227523000,None,275.45,291.4,7.1698,9060005000,1159920000,2615264000,5312576000,7900085000,2697312000,2895327000,3747019000,34.73,None,311.21,213.97
2025-12-28,VMC,8.47,7882200000.0,34.73,None,1.064,66.17,,None,34888000,34888000,,,,,,,,,108234000,109898000,None,2186513000,2186513000,219548000,None,None,421861000,None,None,222868000,,1.93,0.0066,,,,0.808,0.19,476836000,699704000,2.65,2007-12-31,30.3,3789091000,2224900000.0,708814000,480237000,136402000,3911015000,3911015000,None,0,None,356318000,None,None,1529828000,None,None,388757000,None,None,None,0.236,,231978000,476836000,344162000,181958000,None,None,None,,,,,2.193,4.451,4.932,,,,,,,,0.142,,3620094000,2025-10-28,quarterly,2.84,USD,pre-market,1554000,2083718000,0.064,0.135,0.144,59.61,239696000,3656509000,2126681000,None,275.45,291.4,7.1698,8936370000,1157229000,2528187000,5176360000,7779141000,2648173000,2895327000,3759600000,34.73,None,311.21,213.97
2025-12-28,VMC,8.47,7882200000.0,34.73,None,1.064,66.17,,None,31079000,31079000,,,,,,,,,139705000,97888000,None,2186513000,2186513000,161385000,None,None,454023000,None,None,222868000,,1.93,0.0066,,,,0.808,0.19,476836000,699704000,2.65,2007-09-30,30.3,650205000,2224900000.0,708814000,480237000,136402000,650205000,650205000,None,0,None,266522000,None,None,321227000,None,None,388757000,None,None,None,0.236,,231978000,476836000,69766000,145850000,None,None,None,,,,,2.193,4.451,4.932,,,,,,,,0.142,,2052770000,2025-10-28,quarterly,2.84,USD,pre-market,1554000,3215846000,0.064,0.135,0.144,59.61,239696000,469564000,148337000,None,275.45,291.4,7.1698,3734508000,821390000,455572000,1434840000,2913118000,979268000,2895327000,2299668000,34.73,-1292159000,311.21,213.97
2025-12-28,VMC,8.47,7882200000.0,34.73,None,1.064,66.17,,None,34593000,34593000,,,,,,,,,139705000,98157000,None,2186513000,2186513000,161032000,None,None,460919000,None,None,222868000,,1.93,0.0066,,,,0.808,0.19,476836000,699704000,2.65,2007-06-30,30.3,650205000,2224900000.0,708814000,480237000,136402000,650205000,650205000,None,0,None,286112000,None,None,321365000,None,None,388757000,None,None,None,0.236,,231978000,476836000,33242000,126350000,None,None,None,,,,,2.193,4.451,4.932,,,,,,,,0.142,,2005623000,2025-10-28,quarterly,2.84,USD,pre-market,1554000,3124385000,0.064,0.135,0.144,59.61,239696000,546092000,224727000,None,275.45,291.4,7.1698,3689649000,814866000,512109000,1467059000,2874783000,954950000,2895327000,2222590000,34.73,-1292577000,311.21,213.97
2025-12-28,VMC,8.47,7882200000.0,34.73,None,1.064,66.17,,None,69960000,69960000,,,,,,,,,None,97778000,None,2186513000,2186513000,156008000,None,None,392016000,None,None,222868000,,1.93,0.0066,,,,0.808,0.19,476836000,699704000,2.65,2007-03-31,30.3,650206000,2224900000.0,708814000,480237000,136402000,650206000,650206000,None,0,None,266416000,None,None,321503000,None,None,388757000,None,None,None,0.236,,231978000,476836000,37181000,129080000,None,None,None,,,,,2.193,4.451,4.932,,,,,,,,0.142,,1956120000,2025-10-28,quarterly,2.84,USD,pre-market,1554000,None,0.064,0.135,0.144,59.61,239696000,562630000,241127000,None,275.45,291.4,7.1698,3570915000,765573000,526215000,1476359000,2805342000,950144000,2895327000,2094556000,34.73,None,311.21,213.97
2025-12-28,VMC,8.47,7882200000.0,34.73,None,1.064,66.17,,None,55230000,55230000,,,,,,,,,139705000,97778000,None,2186513000,2186513000,154215000,None,None,391460000,None,None,222868000,,1.93,0.0066,,,,0.808,0.19,476836000,699704000,2.65,2006-12-31,30.3,620189000,2224900000.0,708814000,480237000,136402000,620189000,620189000,None,0,None,243537000,None,None,322064000,None,None,388757000,None,None,None,0.236,,231978000,476836000,40967000,133763000,None,None,None,,,,,2.193,4.451,4.932,,,,,,,,0.142,,1869114000,2025-10-28,quarterly,2.84,USD,pre-market,1554000,2972738000,0.064,0.135,0.144,59.61,239696000,521594000,199530000,None,275.45,291.4,7.1698,3424225000,731379000,487508000,1416935000,2692846000,929427000,2895327000,2001111000,34.73,-1298074000,311.21,213.97
2025-12-28,VMC,8.47,7882200000.0,34.73,None,1.064,66.17,,None,68651000,68651000,,,,,,,,,None,97679000,None,2186513000,2186513000,174510000,None,None,478784000,None,None,222868000,,1.93,0.0066,,,,0.808,0.19,476836000,699704000,2.65,2006-09-30,30.3,625076000,2224900000.0,708814000,480237000,136402000,625076000,625076000,None,0,None,238097000,None,None,322267000,None,None,388757000,None,None,None,0.236,,231978000,476836000,45805000,131074000,None,None,None,,,,,2.193,4.451,4.932,,,,,,,,0.142,,1765916000,2025-10-28,quarterly,2.84,USD,pre-market,1554000,None,0.064,0.135,0.144,59.61,239696000,591564000,269297000,None,275.45,291.4,7.1698,3410238000,831337000,574881000,1497140000,2578901000,922259000,2895327000,1913098000,34.73,None,311.21,213.97
2025-12-28,VMC,8.47,7882200000.0,34.73,None,1.064,66.17,,None,71191000,71191000,,,,,,,,,None,101636000,None,2186513000,2186513000,186978000,None,None,608246000,None,None,222868000,,1.93,0.0066,,,,0.808,0.19,476836000,699704000,2.65,2006-06-30,30.3,630802000,2224900000.0,708814000,480237000,136402000,630802000,630802000,None,0,None,234663000,None,None,322645000,None,None,388757000,None,None,None,0.236,,231978000,476836000,33271000,187193000,None,None,None,,,,,2.193,4.451,4.932,,,,,,,,0.142,,1715252000,2025-10-28,quarterly,2.84,USD,pre-market,1554000,None,0.064,0.135,0.144,59.61,239696000,572192000,249547000,None,275.45,291.4,7.1698,3485446000,947371000,623718000,1514749000,2538075000,891031000,2895327000,1970697000,34.73,None,311.21,213.97
2025-12-28,VMC,8.47,7882200000.0,34.73,None,1.064,66.17,,None,80343000,80343000,,,,,,,,,None,102346000,None,2186513000,2186513000,137538000,None,None,502019000,None,None,222868000,,1.93,0.0066,,,,0.808,0.19,476836000,699704000,2.65,2006-03-31,30.3,628683000,2224900000.0,708814000,480237000,136402000,628683000,628683000,None,0,None,232438000,None,None,322859000,None,None,388757000,None,None,None,0.236,,231978000,476836000,37486000,163004000,None,None,None,,,,,2.193,4.451,4.932,,,,,,,,0.142,,1665053000,2025-10-28,quarterly,2.84,USD,pre-market,1554000,2670177000,0.064,0.135,0.144,59.61,239696000,355406000,32547000,68965000,275.45,291.4,7.1698,3405805000,921251000,333089000,1222800000,2484554000,889711000,2895327000,2183005000,34.73,None,311.21,213.97
2025-12-28,VMC,8.47,7882200000.0,34.73,None,1.064,66.17,,None,275138000,275138000,,,,,,,,,139705000,102346000,None,2186513000,2186513000,142221000,None,None,476370000,None,None,222868000,,1.93,0.0066,,,,0.808,0.19,476836000,699704000,2.65,2005-12-31,30.3,617083000,2224900000.0,708814000,480237000,136402000,617083000,617083000,None,0,None,197752000,None,None,323392000,None,None,388757000,None,None,None,0.236,,231978000,476836000,40322000,164726000,None,None,None,,,,,2.193,4.451,4.932,,,,,,,,0.142,,1603967000,2025-10-28,quarterly,2.84,USD,pre-market,1554000,2637427000,0.064,0.135,0.144,59.61,239696000,595459000,272067000,175140000,275.45,291.4,7.1698,3588884000,1164722000,579014000,1462343000,2424162000,883329000,2895327000,2126541000,34.73,-785053000,311.21,213.97
2025-12-28,VMC,8.47,7882200000.0,34.73,None,1.064,66.17,,None,253594000,253594000,,,,,,,,,None,104397000,None,2186513000,2186513000,146788000,None,None,536543000,None,None,222868000,,1.93,0.0066,,,,0.808,0.19,476836000,699704000,2.65,2005-09-30,30.3,646833000,2224900000.0,708814000,480237000,136402000,646833000,646833000,None,0,None,185879000,None,None,355308000,None,None,388757000,None,None,None,0.236,,231978000,476836000,63089000,158318000,None,None,None,,,,,2.193,4.451,4.932,,,,,,,,0.142,,1590826000,2025-10-28,quarterly,2.84,USD,pre-market,1554000,2665029000,0.064,0.135,0.144,59.61,239696000,597428000,242120000,192720000,275.45,291.4,7.1698,3654721000,1231825000,547226000,1490836000,2422896000,943610000,2895327000,2163885000,34.73,None,311.21,213.97
2025-12-28,VMC,8.47,7882200000.0,34.73,None,1.064,66.17,,521400000,559700000,559700000,,,,,,,,,132100000,133100000,None,2186513000,2186513000,407000000,None,400500000,892300000,None,None,222868000,,1.93,0.0066,,,,0.808,0.19,476836000,699704000,2.65,2024-12-31,30.3,3788100000,2224900000.0,708814000,480237000,136402000,1714700000,1714700000,None,0,None,681800000,None,None,4906900000,None,31300000,388757000,None,None,None,0.236,,231978000,476836000,131900000,431600000,None,318000000,None,,,,,2.193,4.451,4.932,,,,,,,,0.142,,8987900000,2025-10-28,annual,2.84,USD,pre-market,1554000,5213800000,0.064,0.135,0.144,59.61,239696000,5828800000,400500000,None,275.45,291.4,7.1698,17104800000,2265700000,1239100000,8962300000,14839100000,7723200000,2895327000,8118600000,34.73,None,311.21,213.97
2025-12-28,VMC,8.47,7882200000.0,34.73,None,1.064,66.17,,507400000,931100000,931100000,,,,,,,,,132100000,133699999,None,2186513000,2186513000,390400000,None,500000,889700000,None,None,222868000,,1.93,0.0066,,,,0.808,0.19,476836000,699704000,2.65,2023-12-31,30.3,3531700000,2224900000.0,708814000,480237000,136402000,1460700000,1460700000,None,0,None,615600000,None,None,3877300000,None,31300000,388757000,None,None,None,0.236,,231978000,476836000,88500000,406700000,None,273600000,None,,,,,2.193,4.451,4.932,,,,,,,,0.142,,6729400000,2025-10-28,annual,2.84,USD,pre-market,1554000,4615000000,0.064,0.135,0.144,59.61,239696000,4385200000,500000,None,275.45,291.4,7.1698,14545700000,2524900000,797600000,7037800000,12020800000,6240200000,2895327000,7483400000,34.73,None,311.21,213.97
2025-12-28,VMC,8.47,7882200000.0,34.73,None,1.064,66.17,,548400000,161400000,161400000,,,,,,,,,132900000,133600000,None,2186513000,2186513000,454500000,None,100500000,1045300000,None,None,222868000,,1.93,0.0066,,,,0.808,0.19,476836000,699704000,2.65,2022-12-31,30.3,3689600000,2224900000.0,708814000,480237000,136402000,1702100000,1702100000,None,0,None,579300000,None,None,3875200000,None,31800000,388757000,None,None,None,0.236,,231978000,476836000,116000000,401600000,None,669600000,None,,,,,2.193,4.451,4.932,,,,,,,,0.142,,6623900000,2025-10-28,annual,2.84,USD,pre-market,1554000,4111400000,0.064,0.135,0.144,59.61,239696000,4524100000,100500000,None,275.45,291.4,7.1698,14234600000,1902000000,956600000,7282400000,12332600000,6325800000,2895327000,6928600000,34.73,None,311.21,213.97
2025-12-28,VMC,8.47,7882200000.0,34.73,None,1.064,66.17,,642500000,235000000,235000000,,,,,,,,,132700000,133500000,None,2186513000,2186513000,365500000,None,5200000,838700000,None,None,222868000,,1.93,0.0066,,,,0.808,0.19,476836000,699704000,2.65,2021-12-31,30.3,3696700000,2224900000.0,708814000,480237000,136402000,1749000000,1749000000,None,0,None,521300000,None,None,3874800000,None,34100000,388757000,None,None,None,0.236,,231978000,476836000,101600000,398600000,None,655300000,None,,,,,2.193,4.451,4.932,,,,,,,,0.142,,6238200000,2025-10-28,annual,2.84,USD,pre-market,1554000,3748500000,0.064,0.135,0.144,59.61,239696000,4522500000,5200000,None,275.45,291.4,7.1698,13682600000,1691100000,769300000,7114900000,11991500000,6345600000,2895327000,6545000000,34.73,None,311.21,213.97
2025-12-28,VMC,8.47,7882200000.0,34.73,None,1.064,66.17,,399582000,1197100000,1197100000,,,,,,,,,132500000,133245000,None,2186513000,2186513000,273100000,None,515435000,556300000,None,None,222868000,,1.93,0.0066,,,,0.808,0.19,476836000,699704000,2.65,2020-12-31,30.3,3172112000,2224900000.0,708814000,480237000,136402000,1123544000,1123544000,None,0,None,448585000,None,None,2772240000,None,34301000,388757000,None,None,None,0.236,,231978000,476836000,75200000,259400000,None,1106615000,None,,,,,2.193,4.451,4.932,,,,,,,,0.142,,4425999000,2025-10-28,annual,2.84,USD,pre-market,1554000,3274100000,0.064,0.135,0.144,59.61,239696000,3687200000,515400000,34301000,275.45,291.4,7.1698,11686905000,2277165000,1047900000,5659600000,9409740000,4611700000,2895327000,6027300000,34.73,None,311.21,213.97
2025-12-28,VMC,8.47,7882200000.0,34.73,None,1.064,66.17,,388042000,271589000,271589000,,,,,,,,,132371000,133384999,None,2186513000,2186513000,265159000,None,25000,570116000,None,None,222868000,,1.93,0.0066,,,,0.808,0.19,476836000,699704000,2.65,2019-12-31,30.3,3167061000,2224900000.0,708814000,480237000,136402000,1091475000,1091475000,None,0,None,458308000,None,None,2784315000,None,60709000,388757000,None,None,None,0.236,,231978000,476836000,79313000,270379000,None,1051163000,None,,,,,2.193,4.451,4.932,,,,,,,,0.142,,4316038000,2025-10-28,annual,2.84,USD,pre-market,1554000,2895871000,0.064,0.135,0.144,59.61,239696000,3172382000,25000,None,275.45,291.4,7.1698,10648793000,1379326000,535563000,5026936000,9269467000,4491373000,2895327000,5621857000,34.73,None,311.21,213.97
2025-12-28,VMC,8.47,7882200000.0,34.73,None,1.064,66.17,,None,40037000,40037000,,,,,,,,,131762000,133926000,None,2186513000,2186513000,216473000,None,133023000,540778000,None,None,222868000,,1.93,0.0066,,,,0.808,0.19,476836000,699704000,2.65,2018-12-31,30.3,3165396000,2224900000.0,708814000,480237000,136402000,1095378000,1095378000,None,0,None,429330000,None,None,2779357000,None,44615000,388757000,None,None,None,0.236,,231978000,476836000,69000000,253054000,None,663433000,None,,,,,2.193,4.451,4.932,,,,,,,,0.142,,4237307000,2025-10-28,annual,2.84,USD,pre-market,1554000,2444870000,0.064,0.135,0.144,59.61,239696000,2912380000,133023000,None,275.45,291.4,7.1698,9832130000,1079145000,602550000,4629227000,8752985000,4026677000,2895327000,5202903000,34.73,None,311.21,213.97
2025-12-28,VMC,8.47,7882200000.0,34.73,None,1.064,66.17,,None,141646000,141646000,,,,,,,,,132324000,134878000,None,2186513000,2186513000,197335000,None,41383000,588337000,None,None,222868000,,1.93,0.0066,,,,0.808,0.19,476836000,699704000,2.65,2017-12-31,30.3,3122321000,2224900000.0,708814000,480237000,136402000,1063630000,1063630000,None,0,None,384338000,None,None,2813482000,None,35115000,388757000,None,None,None,0.236,,231978000,476836000,65780000,12678000,None,604231000,None,,,,,2.193,4.451,4.932,,,,,,,,0.142,,3918931000,2025-10-28,annual,2.84,USD,pre-market,1554000,2180448000,0.064,0.135,0.144,59.61,239696000,3204865000,391383000,5000000,275.45,291.4,7.1698,9504891000,1180101000,792872000,4535998000,8324790000,3743126000,2895327000,4968893000,34.73,0,311.21,213.97
2025-12-28,VMC,8.47,7882200000.0,34.73,None,1.064,66.17,,None,258986000,258986000,,,,,,,,,132339000,135790000,None,2186513000,2186513000,145042000,None,138000,491821000,None,None,222868000,,1.93,0.0066,,,,0.808,0.19,476836000,699704000,2.65,2016-12-31,30.3,3094824000,2224900000.0,708814000,480237000,136402000,769052000,769052000,None,0,None,345616000,None,None,1982751000,None,39226000,388757000,None,None,None,0.236,,231978000,476836000,40759000,227064000,None,623064000,None,,,,,2.193,4.451,4.932,,,,,,,,0.142,,3261438000,2025-10-28,annual,2.84,USD,pre-market,1554000,1771518000,0.064,0.135,0.144,59.61,239696000,1982889000,138000,9033000,275.45,291.4,7.1698,8454150000,1119857000,372244000,3898999000,7334293000,3526755000,2895327000,4572476000,34.73,0,311.21,213.97
2025-12-28,VMC,8.47,7882200000.0,34.73,None,1.064,66.17,,None,284060000,284060000,,,,,,,,,133172000,135093000,None,2186513000,2186513000,175729000,None,130000,418024000,None,None,222868000,,1.93,0.0066,,,,0.808,0.19,476836000,699704000,2.65,2015-12-31,30.3,3094824000,2224900000.0,708814000,480237000,136402000,766579000,766579000,None,0,None,347073000,None,None,1980334000,None,40558000,388757000,None,None,None,0.236,,231978000,476836000,35434000,177620000,None,608895000,None,,,,,2.193,4.451,4.932,,,,,,,,0.142,,3156290000,2025-10-28,annual,2.84,USD,pre-market,1554000,1618507000,0.064,0.135,0.144,59.61,239696000,1980464000,130000,1150000,275.45,291.4,7.1698,8301632000,1084591000,353479000,3847444000,7217041000,3493965000,2895327000,4454188000,34.73,0,311.21,213.97
2025-12-28,VMC,8.47,7882200000.0,34.73,None,1.064,66.17,,None,141273000,141273000,,,,,,,,,131907000,132991000,None,2186513000,2186513000,145148000,None,150137000,373842000,None,None,222868000,,1.93,0.0066,,,,0.808,0.19,476836000,699704000,2.65,2014-12-31,30.3,3094824000,2224900000.0,708814000,480237000,136402000,758243000,758243000,None,0,None,321804000,None,None,1855447000,None,41650000,388757000,None,None,None,0.236,,231978000,476836000,83550000,156593000,None,650352000,None,,,,,2.193,4.451,4.932,,,,,,,,0.142,,3071630000,2025-10-28,annual,2.84,USD,pre-market,1554000,1471845000,0.064,0.135,0.144,59.61,239696000,1984779000,150137000,0,275.45,291.4,7.1698,8061902000,920469000,451878000,3864398000,7141433000,3412520000,2895327000,4176699000,34.73,0,311.21,213.97
2025-12-28,VMC,8.47,7882200000.0,34.73,None,1.064,66.17,,None,193738000,193738000,,,,,,,,,130200000,131467000,None,2186513000,2186513000,139345000,None,None,339621000,None,None,222868000,,1.93,0.0066,,,,0.808,0.19,476836000,699704000,2.65,2013-12-31,30.3,3081521000,2224900000.0,708814000,480237000,136402000,697578000,697578000,None,0,None,344606000,None,None,2522243000,None,42387000,388757000,None,None,None,0.236,,231978000,476836000,73531000,159620000,None,555184000,None,,,,,2.193,4.451,4.932,,,,,,,,0.142,,3312017000,2025-10-28,annual,2.84,USD,pre-market,1554000,1295834000,0.064,0.135,0.144,59.61,239696000,2522413000,170000,0,275.45,291.4,7.1698,8263606000,955959000,299135000,4321037000,7307647000,4021902000,2895327000,3938106000,34.73,0,311.21,213.97
2025-12-28,VMC,8.47,7882200000.0,34.73,None,1.064,66.17,,None,275478000,275478000,,,,,,,,,129721000,129745000,None,2186513000,2186513000,113337000,None,None,296980000,None,None,222868000,,1.93,0.0066,,,,0.808,0.19,476836000,699704000,2.65,2012-12-31,30.3,3086716000,2224900000.0,708814000,480237000,136402000,692532000,692532000,None,0,None,335022000,None,None,2526401000,None,None,388757000,None,None,None,0.236,,231978000,476836000,77492000,172472000,None,None,None,,,,,2.193,4.451,4.932,,,,,,,,0.142,,3159185000,2025-10-28,annual,2.84,USD,pre-market,1554000,1276649000,0.064,0.135,0.144,59.61,239696000,2677003000,150602000,0,275.45,291.4,7.1698,8126599000,984972000,436411000,4365537000,7141627000,3929126000,2895327000,3761062000,34.73,-3761062000,311.21,213.97
2025-12-28,VMC,8.47,7882200000.0,34.73,None,1.064,66.17,,None,155839000,155839000,,,,,,,,,129245000,129381000,None,2186513000,2186513000,103931000,None,None,314893000,None,None,222868000,,1.93,0.0066,,,,0.808,0.19,476836000,699704000,2.65,2011-12-31,30.3,3086716000,2224900000.0,708814000,480237000,136402000,697502000,697502000,None,0,None,327657000,None,None,2680677000,None,29004000,388757000,None,None,None,0.236,,231978000,476836000,64711000,167560000,None,588964000,None,,,,,2.193,4.451,4.932,,,,,,,,0.142,,3418179000,2025-10-28,annual,2.84,USD,pre-market,1554000,1334476000,0.064,0.135,0.144,59.61,239696000,2815439000,134762000,81000,275.45,291.4,7.1698,8229314000,863100000,406253000,4437697000,7366214000,4031444000,2895327000,3791617000,34.73,0,311.21,213.97
2025-12-28,VMC,8.47,7882200000.0,34.73,None,1.064,66.17,,None,47541000,47541000,,,,,,,,,128570000,128050000,None,2186513000,2186513000,102315000,None,None,317798000,None,None,222868000,,1.93,0.0066,,,,0.808,0.19,476836000,699704000,2.65,2010-12-31,30.3,3097016000,2224900000.0,708814000,480237000,136402000,691693000,691693000,None,0,None,319845000,None,None,2427516000,None,37386000,388757000,None,None,None,0.236,,231978000,476836000,87832000,189287000,None,83399000,None,,,,,2.193,4.451,4.932,,,,,,,,0.142,,3632914000,2025-10-28,annual,2.84,USD,pre-market,1554000,1512863000,0.064,0.135,0.144,59.61,239696000,2718262000,290746000,547000,275.45,291.4,7.1698,8337891000,772106000,582348000,4383738000,7565785000,3801390000,2895327000,3964980000,34.73,0,311.21,213.97
2025-12-28,VMC,8.47,7882200000.0,34.73,None,1.064,66.17,,None,22265000,22265000,,,,,,,,,125912000,119430000,None,2186513000,2186513000,121324000,None,None,268024000,None,None,222868000,,1.93,0.0066,,,,0.808,0.19,476836000,699704000,2.65,2009-12-31,30.3,3093979000,2224900000.0,708814000,480237000,136402000,682643000,682643000,None,0,None,325033000,None,None,2116120000,None,33283000,388757000,None,None,None,0.236,,231978000,476836000,113456000,113478000,None,587518000,None,,,,,2.193,4.451,4.932,,,,,,,,0.142,,3874671000,2025-10-28,annual,2.84,USD,pre-market,1554000,1752240000,0.064,0.135,0.144,59.61,239696000,2738013000,621893000,4111000,275.45,291.4,7.1698,8533955000,744293000,856695000,4487634000,7789662000,3630939000,2895327000,4052022000,34.73,0,311.21,213.97
2025-12-28,VMC,8.47,7882200000.0,34.73,None,1.064,66.17,,None,10194000,10194000,,,,,,,,,110270000,110954000,None,2186513000,2186513000,147104000,None,None,356977000,None,None,222868000,,1.93,0.0066,,,,0.808,0.19,476836000,699704000,2.65,2008-12-31,30.3,3083013000,2224900000.0,708814000,480237000,136402000,673792000,673792000,None,0,None,364311000,None,None,2153588000,None,None,388757000,None,None,None,0.236,,231978000,476836000,125674000,121777000,None,None,None,,,,,2.193,4.451,4.932,,,,,,,,0.142,,4155812000,2025-10-28,annual,2.84,USD,pre-market,1554000,1862913000,0.064,0.135,0.144,59.61,239696000,3547773000,1394185000,36734000,275.45,291.4,7.1698,8914169000,893890000,1663066000,5362872000,8020279000,3699806000,2895327000,3522736000,34.73,None,311.21,213.97
2025-12-28,VMC,8.47,7882200000.0,34.73,None,1.064,66.17,,None,34888000,34888000,,,,,,,,,108234000,99403000,None,2186513000,2186513000,219548000,None,None,421861000,None,None,222868000,,1.93,0.0066,,,,0.808,0.19,476836000,699704000,2.65,2007-12-31,30.3,3789091000,2224900000.0,708814000,480237000,136402000,3911015000,3911015000,None,0,None,356318000,None,None,1529828000,None,None,388757000,None,None,None,0.236,,231978000,476836000,344162000,181958000,None,None,None,,,,,2.193,4.451,4.932,,,,,,,,0.142,,3620094000,2025-10-28,annual,2.84,USD,pre-market,1554000,2083718000,0.064,0.135,0.144,59.61,239696000,3656509000,2126681000,None,275.45,291.4,7.1698,8936370000,1157229000,2528187000,5176360000,7779141000,2648173000,2895327000,3759600000,34.73,None,311.21,213.97
2025-12-28,VMC,8.47,7882200000.0,34.73,None,1.064,66.17,,None,55230000,55230000,,,,,,,,,139705000,99777000,None,2186513000,2186513000,154215000,None,None,391460000,None,None,222868000,,1.93,0.0066,,,,0.808,0.19,476836000,699704000,2.65,2006-12-31,30.3,620189000,2224900000.0,708814000,480237000,136402000,620189000,620189000,None,0,None,243537000,None,None,322064000,None,None,388757000,None,None,None,0.236,,231978000,476836000,40967000,133763000,None,None,None,,,,,2.193,4.451,4.932,,,,,,,,0.142,,1869114000,2025-10-28,annual,2.84,USD,pre-market,1554000,2972738000,0.064,0.135,0.144,59.61,239696000,521594000,199530000,None,275.45,291.4,7.1698,3424225000,731379000,487508000,1416935000,2692846000,929427000,2895327000,2001111000,34.73,-1298074000,311.21,213.97
2025-12-28,VMC,8.47,7882200000.0,34.73,None,1.064,66.17,,None,275138000,275138000,,,,,,,,,139705000,104085000,None,2186513000,2186513000,142221000,None,None,476370000,None,None,222868000,,1.93,0.0066,,,,0.808,0.19,476836000,699704000,2.65,2005-12-31,30.3,617083000,2224900000.0,708814000,480237000,136402000,617083000,617083000,None,0,None,197752000,None,None,323392000,None,None,388757000,None,None,None,0.236,,231978000,476836000,40322000,164726000,None,None,None,,,,,2.193,4.451,4.932,,,,,,,,0.142,,1603967000,2025-10-28,annual,2.84,USD,pre-market,1554000,2637427000,0.064,0.135,0.144,59.61,239696000,595459000,272067000,175140000,275.45,291.4,7.1698,3588884000,1164722000,579014000,1462343000,2424162000,883329000,2895327000,2126541000,34.73,-785053000,311.21,213.97
2025-12-28,VMC,8.47,7882200000.0,34.73,None,1.064,66.17,222000000,None,275138000,275138000,-618600000,-214000000,None,None,None,None,None,None,139705000,104085000,None,2186513000,2186513000,142221000,None,None,476370000,None,None,222868000,191400000,1.93,0.0066,64700000,64700000,None,0.808,0.19,476836000,699704000,2.65,2025-09-30,30.3,617083000,2224900000.0,708814000,480237000,136402000,617083000,617083000,None,0,None,197752000,None,None,323392000,None,None,375100000,None,None,None,0.236,676800000,231978000,476836000,40322000,164726000,None,None,None,None,None,None,None,2.193,4.451,4.932,None,None,None,None,None,3900000,None,0.142,None,1603967000,2025-10-28,quarterly,2.84,USD,pre-market,1554000,2637427000,0.064,0.135,0.144,59.61,239696000,595459000,272067000,175140000,275.45,291.4,7.1698,3588884000,1164722000,579014000,1462343000,2424162000,883329000,2895327000,2126541000,34.73,-785053000,311.21,213.97
2025-12-28,VMC,8.47,7882200000.0,34.73,None,1.064,66.17,102900000,None,275138000,275138000,-73200000,-110400000,None,None,None,None,None,None,139705000,104085000,None,2186513000,2186513000,142221000,None,None,476370000,None,None,222868000,185400000,1.93,0.0066,64700000,64700000,None,0.808,0.19,476836000,699704000,2.65,2025-06-30,30.3,617083000,2224900000.0,708814000,480237000,136402000,617083000,617083000,None,0,None,197752000,None,None,323392000,None,None,320800000,None,None,None,0.236,341700000,231978000,476836000,40322000,164726000,None,None,None,None,None,None,None,2.193,4.451,4.932,None,None,None,None,None,-3900000,None,0.142,None,1603967000,2025-10-28,quarterly,2.84,USD,pre-market,1554000,2637427000,0.064,0.135,0.144,59.61,239696000,595459000,272067000,175140000,275.45,291.4,7.1698,3588884000,1164722000,579014000,1462343000,2424162000,883329000,2895327000,2126541000,34.73,-785053000,311.21,213.97
2025-12-28,VMC,8.47,7882200000.0,34.73,None,1.064,66.17,168000000,None,275138000,275138000,-532900000,-126500000,None,None,None,None,None,None,139705000,104085000,None,2186513000,2186513000,142221000,None,None,476370000,None,None,222868000,186400000,1.93,0.0066,66000000,66000000,None,0.808,0.19,476836000,699704000,2.65,2025-03-31,30.3,617083000,2224900000.0,708814000,480237000,136402000,617083000,617083000,None,0,None,197752000,None,None,323392000,None,None,129400000,None,None,None,0.236,251500000,231978000,476836000,40322000,164726000,None,None,None,None,None,None,None,2.193,4.451,4.932,None,None,None,None,None,-38100000,None,0.142,None,1603967000,2025-10-28,quarterly,2.84,USD,pre-market,1554000,2637427000,0.064,0.135,0.144,59.61,239696000,595459000,272067000,175140000,275.45,291.4,7.1698,3588884000,1164722000,579014000,1462343000,2424162000,883329000,2895327000,2126541000,34.73,-785053000,311.21,213.97
2025-12-28,VMC,8.47,7882200000.0,34.73,None,1.064,66.17,162500000,None,275138000,275138000,1899500000,-2173100000,None,None,-27400000,None,None,None,139705000,104085000,None,2186513000,2186513000,142221000,None,None,476370000,None,None,222868000,163800000,1.93,0.0066,60800000,60800000,None,0.808,0.19,476836000,699704000,2.65,2024-12-31,30.3,617083000,2224900000.0,708814000,480237000,136402000,617083000,617083000,None,0,None,197752000,None,None,323392000,None,None,293500000,None,None,None,0.236,440100000,231978000,476836000,40322000,164726000,None,None,None,None,None,None,None,2.193,4.451,4.932,None,None,None,None,None,-8500000,None,0.142,None,1603967000,2025-10-28,quarterly,2.84,USD,pre-market,1554000,2637427000,0.064,0.135,0.144,59.61,239696000,595459000,272067000,175140000,275.45,291.4,7.1698,3588884000,1164722000,579014000,1462343000,2424162000,883329000,2895327000,2126541000,34.73,-785053000,311.21,213.97
2025-12-28,VMC,8.47,7882200000.0,34.73,None,1.064,66.17,96800000,None,275138000,275138000,-164300000,-108000000,None,None,None,None,None,None,139705000,104085000,None,2186513000,2186513000,142221000,None,None,476370000,None,None,222868000,160700000,1.93,0.0066,60800000,60800000,None,0.808,0.19,476836000,699704000,2.65,2024-09-30,30.3,617083000,2224900000.0,708814000,480237000,136402000,617083000,617083000,None,0,None,197752000,None,None,323392000,None,None,208400000,None,None,None,0.236,595000000,231978000,476836000,40322000,164726000,None,None,None,None,None,None,None,2.193,4.451,4.932,None,None,None,None,None,-200000,None,0.142,None,1603967000,2025-10-28,quarterly,2.84,USD,pre-market,1554000,2637427000,0.064,0.135,0.144,59.61,239696000,595459000,272067000,175140000,275.45,291.4,7.1698,3588884000,1164722000,579014000,1462343000,2424162000,883329000,2895327000,2126541000,34.73,-785053000,311.21,213.97
2025-12-28,VMC,8.47,7882200000.0,34.73,None,1.064,66.17,191400000,None,275138000,275138000,-19600000,-370000000,None,None,None,None,None,None,139705000,104085000,None,2186513000,2186513000,142221000,None,None,476370000,None,None,222868000,156800000,1.93,0.0066,60800000,60800000,None,0.808,0.19,476836000,699704000,2.65,2024-06-30,30.3,617083000,2224900000.0,708814000,480237000,136402000,617083000,617083000,None,0,None,197752000,None,None,323392000,None,None,308300000,None,None,None,0.236,201100000,231978000,476836000,40322000,164726000,None,None,None,None,None,None,None,2.193,4.451,4.932,None,None,None,None,None,-50000000,None,0.142,None,1603967000,2025-10-28,quarterly,2.84,USD,pre-market,1554000,2637427000,0.064,0.135,0.144,59.61,239696000,595459000,272067000,175140000,275.45,291.4,7.1698,3588884000,1164722000,579014000,1462343000,2424162000,883329000,2895327000,2126541000,34.73,-785053000,311.21,213.97
2025-12-28,VMC,8.47,7882200000.0,34.73,None,1.064,66.17,152800000,None,275138000,275138000,-658700000,-163800000,None,None,None,None,None,None,139705000,104085000,None,2186513000,2186513000,142221000,None,None,476370000,None,None,222868000,150900000,1.93,0.0066,62000000,62000000,None,0.808,0.19,476836000,699704000,2.65,2024-03-31,30.3,617083000,2224900000.0,708814000,480237000,136402000,617083000,617083000,None,0,None,197752000,None,None,323392000,None,None,102900000,None,None,None,0.236,173400000,231978000,476836000,40322000,164726000,None,None,None,None,None,None,None,2.193,4.451,4.932,None,None,None,None,None,-18800000,None,0.142,None,1603967000,2025-10-28,quarterly,2.84,USD,pre-market,1554000,2637427000,0.064,0.135,0.144,59.61,239696000,595459000,272067000,175140000,275.45,291.4,7.1698,3588884000,1164722000,579014000,1462343000,2424162000,883329000,2895327000,2126541000,34.73,-785053000,311.21,213.97
2025-12-28,VMC,8.47,7882200000.0,34.73,None,1.064,66.17,206300000,None,275138000,275138000,-223100000,345700000,None,None,-54600000,None,None,None,139705000,104085000,None,2186513000,2186513000,142221000,None,None,476370000,None,None,222868000,152500000,1.93,0.0066,56800000,56800000,None,0.808,0.19,476836000,699704000,2.65,2023-12-31,30.3,617083000,2224900000.0,708814000,480237000,136402000,617083000,617083000,None,0,None,197752000,None,None,323392000,None,None,228100000,None,None,None,0.236,481600000,231978000,476836000,40322000,164726000,None,None,None,None,None,None,None,2.193,4.451,4.932,None,None,None,None,None,-150100000,None,0.142,None,1603967000,2025-10-28,quarterly,2.84,USD,pre-market,1554000,2637427000,0.064,0.135,0.144,59.61,239696000,595459000,272067000,175140000,275.45,291.4,7.1698,3588884000,1164722000,579014000,1462343000,2424162000,883329000,2895327000,2126541000,34.73,-785053000,311.21,213.97
2025-12-28,VMC,8.47,7882200000.0,34.73,None,1.064,66.17,311700000,None,275138000,275138000,-64900000,-509200000,None,None,None,None,None,None,139705000,104085000,None,2186513000,2186513000,142221000,None,None,476370000,None,None,222868000,125600000,1.93,0.0066,57200000,57200000,None,0.808,0.19,476836000,699704000,2.65,2023-09-30,30.3,617083000,2224900000.0,708814000,480237000,136402000,617083000,617083000,None,0,None,197752000,None,None,323392000,None,None,277300000,None,None,None,0.236,547700000,231978000,476836000,40322000,164726000,None,None,None,None,None,None,None,2.193,4.451,4.932,None,None,None,None,None,-49900000,None,0.142,None,1603967000,2025-10-28,quarterly,2.84,USD,pre-market,1554000,2637427000,0.064,0.135,0.144,59.61,239696000,595459000,272067000,175140000,275.45,291.4,7.1698,3588884000,1164722000,579014000,1462343000,2424162000,883329000,2895327000,2126541000,34.73,-785053000,311.21,213.97
2025-12-28,VMC,8.47,7882200000.0,34.73,None,1.064,66.17,161000000,None,275138000,275138000,-116500000,-141500000,28200000,None,None,None,None,None,139705000,104085000,None,2186513000,2186513000,142221000,None,None,476370000,None,None,222868000,119600000,1.93,0.0066,57200000,57200000,None,0.808,0.19,476836000,699704000,2.65,2023-06-30,30.3,617083000,2224900000.0,708814000,480237000,136402000,617083000,617083000,None,0,None,197752000,None,None,323392000,None,None,308600000,None,None,None,0.236,286200000,231978000,476836000,40322000,164726000,None,None,None,None,None,None,None,2.193,4.451,4.932,None,None,None,None,None,-49900000,None,0.142,None,1603967000,2025-10-28,quarterly,2.84,USD,pre-market,1554000,2637427000,0.064,0.135,0.144,59.61,239696000,595459000,272067000,175140000,275.45,291.4,7.1698,3588884000,1164722000,579014000,1462343000,2424162000,883329000,2895327000,2126541000,34.73,-785053000,311.21,213.97
2025-12-28,VMC,8.47,7882200000.0,34.73,None,1.064,66.17,193600000,None,275138000,275138000,-181100000,-61700000,-21500000,None,None,None,None,None,139705000,104085000,None,2186513000,2186513000,142221000,None,None,476370000,None,None,222868000,148400000,1.93,0.0066,57200000,57200000,None,0.808,0.19,476836000,699704000,2.65,2023-03-31,30.3,617083000,2224900000.0,708814000,480237000,136402000,617083000,617083000,None,0,None,197752000,None,None,323392000,None,None,120900000,None,None,None,0.236,221300000,231978000,476836000,40322000,164726000,None,None,None,None,None,None,None,2.193,4.451,4.932,None,None,None,None,None,-14300000,None,0.142,None,1603967000,2025-10-28,quarterly,2.84,USD,pre-market,1554000,2637427000,0.064,0.135,0.144,59.61,239696000,595459000,272067000,175140000,275.45,291.4,7.1698,3588884000,1164722000,579014000,1462343000,2424162000,883329000,2895327000,2126541000,34.73,-785053000,311.21,213.97
2025-12-28,VMC,8.47,7882200000.0,34.73,None,1.064,66.17,162200000,None,275138000,275138000,-273000000,-1053000000,14600000,None,-49500000,None,None,-53300000,139705000,104085000,None,2186513000,2186513000,142221000,None,None,476370000,None,None,222868000,162500000,1.93,0.0066,53100000,53100000,None,0.808,0.19,476836000,699704000,2.65,2022-12-31,30.3,617083000,2224900000.0,708814000,480237000,136402000,617083000,617083000,None,0,None,197752000,None,None,323392000,None,None,119800000,None,None,None,0.236,399900000,231978000,476836000,40322000,164726000,None,None,None,None,None,None,None,2.193,4.451,4.932,None,None,None,None,None,-1100000,None,0.142,None,1603967000,2025-10-28,quarterly,2.84,USD,pre-market,1554000,2637427000,0.064,0.135,0.144,59.61,239696000,595459000,272067000,175140000,275.45,291.4,7.1698,3588884000,1164722000,579014000,1462343000,2424162000,883329000,2895327000,2126541000,34.73,-785053000,311.21,213.97
2025-12-28,VMC,8.47,7882200000.0,34.73,None,1.064,66.17,159800000,None,275138000,275138000,72400000,-472000000,23200000,None,-49500000,None,None,None,139705000,104085000,None,2186513000,2186513000,142221000,None,None,476370000,None,None,222868000,151000000,1.93,0.0066,53200000,53200000,None,0.808,0.19,476836000,699704000,2.65,2022-09-30,30.3,617083000,2224900000.0,708814000,480237000,136402000,617083000,617083000,None,0,None,197752000,None,None,323392000,None,None,177100000,None,None,None,0.236,422800000,231978000,476836000,40322000,164726000,None,None,None,None,None,None,None,2.193,4.451,4.932,None,None,None,None,None,-200000,None,0.142,None,1603967000,2025-10-28,quarterly,2.84,USD,pre-market,1554000,2637427000,0.064,0.135,0.144,59.61,239696000,595459000,272067000,175140000,275.45,291.4,7.1698,3588884000,1164722000,579014000,1462343000,2424162000,883329000,2895327000,2126541000,34.73,-785053000,311.21,213.97
2025-12-28,VMC,8.47,7882200000.0,34.73,None,1.064,66.17,130200000,None,275138000,275138000,7000000,-166200000,-9300000,None,None,None,None,None,139705000,104085000,None,2186513000,2186513000,142221000,None,None,476370000,None,None,222868000,157900000,1.93,0.0066,53100000,53100000,None,0.808,0.19,476836000,699704000,2.65,2022-06-30,30.3,617083000,2224900000.0,708814000,480237000,136402000,617083000,617083000,None,0,None,197752000,None,None,323392000,None,None,187400000,None,None,None,0.236,149900000,231978000,476836000,40322000,164726000,None,None,None,None,None,None,None,2.193,4.451,4.932,None,None,None,None,None,-100000,None,0.142,None,1603967000,2025-10-28,quarterly,2.84,USD,pre-market,1554000,2637427000,0.064,0.135,0.144,59.61,239696000,595459000,272067000,175140000,275.45,291.4,7.1698,3588884000,1164722000,579014000,1462343000,2424162000,883329000,2895327000,2126541000,34.73,-785053000,311.21,213.97
2025-12-28,VMC,8.47,7882200000.0,34.73,None,1.064,66.17,160400000,None,275138000,275138000,18400000,-302500000,-108500000,None,None,None,None,None,139705000,104085000,None,2186513000,2186513000,142221000,None,None,476370000,None,None,222868000,141000000,1.93,0.0066,53200000,53200000,None,0.808,0.19,476836000,699704000,2.65,2022-03-31,30.3,617083000,2224900000.0,708814000,480237000,136402000,617083000,617083000,None,0,None,197752000,None,None,323392000,None,None,92100000,None,None,None,0.236,175600000,231978000,476836000,40322000,164726000,None,None,None,None,None,None,None,2.193,4.451,4.932,None,None,None,None,None,-17100000,None,0.142,None,1603967000,2025-10-28,quarterly,2.84,USD,pre-market,1554000,2637427000,0.064,0.135,0.144,59.61,239696000,595459000,272067000,175140000,275.45,291.4,7.1698,3588884000,1164722000,579014000,1462343000,2424162000,883329000,2895327000,2126541000,34.73,-785053000,311.21,213.97
2025-12-28,VMC,8.47,7882200000.0,34.73,None,1.064,66.17,132680000,None,275138000,275138000,-68485000,-113516000,105083000,None,8300000,None,None,-42000000,139705000,104085000,None,2186513000,2186513000,142221000,None,None,476370000,None,None,222868000,142224000,1.93,0.0066,49133000,49133000,None,0.808,0.19,476836000,699704000,2.65,2021-12-31,30.3,617083000,2224900000.0,708814000,480237000,136402000,617083000,617083000,None,0,None,197752000,None,None,323392000,None,None,137681000,None,None,None,0.236,287084000,231978000,476836000,40322000,164726000,None,None,None,None,None,None,None,2.193,4.451,4.932,None,None,None,None,None,-3300000,None,0.142,None,1603967000,2025-10-28,quarterly,2.84,USD,pre-market,1554000,2637427000,0.064,0.135,0.144,59.61,239696000,595459000,272067000,175140000,275.45,291.4,7.1698,3588884000,1164722000,579014000,1462343000,2424162000,883329000,2895327000,2126541000,34.73,-785053000,311.21,213.97
2025-12-28,VMC,8.47,7882200000.0,34.73,None,1.064,66.17,126400000,None,275138000,275138000,600193000,-1759112000,-831976000,None,8300000,None,None,None,139705000,104085000,None,2186513000,2186513000,142221000,None,None,476370000,None,None,222868000,114577000,1.93,0.0066,49100000,49100000,None,0.808,0.19,476836000,699704000,2.65,2021-09-30,30.3,617083000,2224900000.0,708814000,480237000,136402000,617083000,617083000,None,0,None,197752000,None,None,323392000,None,None,176761000,None,None,None,0.236,326943000,231978000,476836000,40322000,164726000,None,None,None,None,None,None,None,2.193,4.451,4.932,None,None,None,None,None,-3000000,None,0.142,None,1603967000,2025-10-28,quarterly,2.84,USD,pre-market,1554000,2637427000,0.064,0.135,0.144,59.61,239696000,595459000,272067000,175140000,275.45,291.4,7.1698,3588884000,1164722000,579014000,1462343000,2424162000,883329000,2895327000,2126541000,34.73,-785053000,311.21,213.97
2025-12-28,VMC,8.47,7882200000.0,34.73,None,1.064,66.17,91500000,None,275138000,275138000,-63800000,-87344000,77467000,None,8300000,None,None,None,139705000,104085000,None,2186513000,2186513000,142221000,None,None,476370000,None,None,222868000,113446000,1.93,0.0066,49100000,49100000,None,0.808,0.19,476836000,699704000,2.65,2021-06-30,30.3,617083000,2224900000.0,708814000,480237000,136402000,617083000,617083000,None,0,None,197752000,None,None,323392000,None,None,195344000,None,None,None,0.236,228611000,231978000,476836000,40322000,164726000,None,None,None,None,None,None,None,2.193,4.451,4.932,None,None,None,None,None,-700000,None,0.142,None,1603967000,2025-10-28,quarterly,2.84,USD,pre-market,1554000,2637427000,0.064,0.135,0.144,59.61,239696000,595459000,272067000,175140000,275.45,291.4,7.1698,3588884000,1164722000,579014000,1462343000,2424162000,883329000,2895327000,2126541000,34.73,-785053000,311.21,213.97
2025-12-28,VMC,8.47,7882200000.0,34.73,None,1.064,66.17,100650000,None,275138000,275138000,-562208000,85872000,-307074000,None,441329,None,None,None,139705000,104085000,None,2186513000,2186513000,142221000,None,None,476370000,None,None,222868000,100368000,1.93,0.0066,49100000,49100000,None,0.808,0.19,476836000,699704000,2.65,2021-03-31,30.3,617083000,2224900000.0,708814000,480237000,136402000,617083000,617083000,None,0,None,197752000,None,None,323392000,None,None,160614000,None,None,None,0.236,169262000,231978000,476836000,40322000,164726000,None,None,None,None,None,None,None,2.193,4.451,4.932,None,None,None,None,None,-12100000,None,0.142,None,1603967000,2025-10-28,quarterly,2.84,USD,pre-market,1554000,2637427000,0.064,0.135,0.144,59.61,239696000,595459000,272067000,175140000,275.45,291.4,7.1698,3588884000,1164722000,579014000,1462343000,2424162000,883329000,2895327000,2126541000,34.73,-785053000,311.21,213.97
2025-12-28,VMC,8.47,7882200000.0,34.73,None,1.064,66.17,93205000,None,275138000,275138000,-51383000,-127767000,113283000,None,9800000,None,None,13413000,139705000,104085000,None,2186513000,2186513000,142221000,None,None,476370000,None,None,222868000,99214000,1.93,0.0066,45055000,45055000,None,0.808,0.19,476836000,699704000,2.65,2020-12-31,30.3,617083000,2224900000.0,708814000,480237000,136402000,617083000,617083000,None,0,None,197752000,None,None,323392000,None,None,114518000,None,None,None,0.236,292433000,231978000,476836000,40322000,164726000,None,None,None,None,None,None,None,2.193,4.451,4.932,None,None,None,None,None,-5765000,None,0.142,None,1603967000,2025-10-28,quarterly,2.84,USD,pre-market,1554000,2637427000,0.064,0.135,0.144,59.61,239696000,595459000,272067000,175140000,275.45,291.4,7.1698,3588884000,1164722000,579014000,1462343000,2424162000,883329000,2895327000,2126541000,34.73,-785053000,311.21,213.97
2025-12-28,VMC,8.47,7882200000.0,34.73,None,1.064,66.17,45842000,None,275138000,275138000,-50583000,-34221000,267531000,None,9801000,None,None,None,139705000,104085000,None,2186513000,2186513000,142221000,None,None,476370000,None,None,222868000,99385000,1.93,0.0066,45033000,45033000,None,0.808,0.19,476836000,699704000,2.65,2020-09-30,30.3,617083000,2224900000.0,708814000,480237000,136402000,617083000,617083000,None,0,None,197752000,None,None,323392000,None,None,199788000,None,None,None,0.236,352335000,231978000,476836000,40322000,164726000,None,None,None,None,None,None,None,2.193,4.451,4.932,None,None,None,None,None,-473000,None,0.142,None,1603967000,2025-10-28,quarterly,2.84,USD,pre-market,1554000,2637427000,0.064,0.135,0.144,59.61,239696000,595459000,272067000,175140000,275.45,291.4,7.1698,3588884000,1164722000,579014000,1462343000,2424162000,883329000,2895327000,2126541000,34.73,-785053000,311.21,213.97
2025-12-28,VMC,8.47,7882200000.0,34.73,None,1.064,66.17,80497000,None,275138000,275138000,443094000,-89284000,696926000,None,9801000,None,None,None,139705000,104085000,None,2186513000,2186513000,142221000,None,None,476370000,None,None,222868000,99729000,1.93,0.0066,45028000,45028000,None,0.808,0.19,476836000,699704000,2.65,2020-06-30,30.3,617083000,2224900000.0,708814000,480237000,136402000,617083000,617083000,None,0,None,197752000,None,None,323392000,None,None,209916000,None,None,None,0.236,343116000,231978000,476836000,40322000,164726000,None,None,None,None,None,None,None,2.193,4.451,4.932,None,None,None,None,None,-766000,None,0.142,None,1603967000,2025-10-28,quarterly,2.84,USD,pre-market,1554000,2637427000,0.064,0.135,0.144,59.61,239696000,595459000,272067000,175140000,275.45,291.4,7.1698,3588884000,1164722000,579014000,1462343000,2424162000,883329000,2895327000,2126541000,34.73,-785053000,311.21,213.97
2025-12-28,VMC,8.47,7882200000.0,34.73,None,1.064,66.17,142650000,None,275138000,275138000,-106466000,-130242000,-154233000,None,9801000,None,None,None,139705000,104085000,None,2186513000,2186513000,142221000,None,None,476370000,None,None,222868000,95480000,1.93,0.0066,45100000,45100000,None,0.808,0.19,476836000,699704000,2.65,2020-03-31,30.3,617083000,2224900000.0,708814000,480237000,136402000,617083000,617083000,None,0,None,197752000,None,None,323392000,None,None,60258000,None,None,None,0.236,82475000,231978000,476836000,40322000,164726000,None,None,None,None,None,None,None,2.193,4.451,4.932,None,None,None,None,None,-26132000,None,0.142,None,1603967000,2025-10-28,quarterly,2.84,USD,pre-market,1554000,2637427000,0.064,0.135,0.144,59.61,239696000,595459000,272067000,175140000,275.45,291.4,7.1698,3588884000,1164722000,579014000,1462343000,2424162000,883329000,2895327000,2126541000,34.73,-785053000,311.21,213.97
2025-12-28,VMC,8.47,7882200000.0,34.73,None,1.064,66.17,77201000,None,275138000,275138000,-42009000,-112580000,183404000,None,-28273000,None,None,-29734000,139705000,104085000,None,2186513000,2186513000,142221000,None,None,476370000,None,None,222868000,82901000,1.93,0.0066,41030000,41030000,None,0.808,0.19,476836000,699704000,2.65,2019-12-31,30.3,617083000,2224900000.0,708814000,480237000,136402000,617083000,617083000,None,0,None,197752000,None,None,323392000,None,None,141093000,None,None,None,0.236,337993000,231978000,476836000,40322000,164726000,None,None,None,None,None,None,None,2.193,4.451,4.932,None,None,None,None,None,-924000,None,0.142,None,1603967000,2025-10-28,quarterly,2.84,USD,pre-market,1554000,2637427000,0.064,0.135,0.144,59.61,239696000,595459000,272067000,175140000,275.45,291.4,7.1698,3588884000,1164722000,579014000,1462343000,2424162000,883329000,2895327000,2126541000,34.73,-785053000,311.21,213.97
2025-12-28,VMC,8.47,7882200000.0,34.73,None,1.064,66.17,81056000,None,275138000,275138000,-192724000,-86909000,64580000,None,-28273000,None,None,None,139705000,104085000,None,2186513000,2186513000,142221000,None,None,476370000,None,None,222868000,96014000,1.93,0.0066,41016000,41016000,None,0.808,0.19,476836000,699704000,2.65,2019-09-30,30.3,617083000,2224900000.0,708814000,480237000,136402000,617083000,617083000,None,0,None,197752000,None,None,323392000,None,None,215712000,None,None,None,0.236,344213000,231978000,476836000,40322000,164726000,None,None,None,None,None,None,None,2.193,4.451,4.932,None,None,None,None,None,-2602000,None,0.142,None,1603967000,2025-10-28,quarterly,2.84,USD,pre-market,1554000,2637427000,0.064,0.135,0.144,59.61,239696000,595459000,272067000,175140000,275.45,291.4,7.1698,3588884000,1164722000,579014000,1462343000,2424162000,883329000,2895327000,2126541000,34.73,-785053000,311.21,213.97
2025-12-28,VMC,8.47,7882200000.0,34.73,None,1.064,66.17,103818000,None,275138000,275138000,-93868000,-96470000,-4586000,None,-28273000,None,None,None,139705000,104085000,None,2186513000,2186513000,142221000,None,None,476370000,None,None,222868000,90045000,1.93,0.0066,40988000,40988000,None,0.808,0.19,476836000,699704000,2.65,2019-06-30,30.3,617083000,2224900000.0,708814000,480237000,136402000,617083000,617083000,None,0,None,197752000,None,None,323392000,None,None,197558000,None,None,None,0.236,185752000,231978000,476836000,40322000,164726000,None,None,None,None,None,None,None,2.193,4.451,4.932,None,None,None,None,None,-11371000,None,0.142,None,1603967000,2025-10-28,quarterly,2.84,USD,pre-market,1554000,2637427000,0.064,0.135,0.144,59.61,239696000,595459000,272067000,175140000,275.45,291.4,7.1698,3588884000,1164722000,579014000,1462343000,2424162000,883329000,2895327000,2126541000,34.73,-785053000,311.21,213.97
2025-12-28,VMC,8.47,7882200000.0,34.73,None,1.064,66.17,122019000,None,275138000,275138000,-9582000,-119878000,-13296000,None,-28273000,None,None,None,139705000,104085000,None,2186513000,2186513000,142221000,None,None,476370000,None,None,222868000,89181000,1.93,0.0066,40939000,40939000,None,0.808,0.19,476836000,699704000,2.65,2019-03-31,30.3,617083000,2224900000.0,708814000,480237000,136402000,617083000,617083000,None,0,None,197752000,None,None,323392000,None,None,63299000,None,None,None,0.236,116164000,231978000,476836000,40322000,164726000,None,None,None,None,None,None,None,2.193,4.451,4.932,None,None,None,None,None,-14137000,None,0.142,None,1603967000,2025-10-28,quarterly,2.84,USD,pre-market,1554000,2637427000,0.064,0.135,0.144,59.61,239696000,595459000,272067000,175140000,275.45,291.4,7.1698,3588884000,1164722000,579014000,1462343000,2424162000,883329000,2895327000,2126541000,34.73,-785053000,311.21,213.97
2025-12-28,VMC,8.47,7882200000.0,34.73,None,1.064,66.17,120850000,None,275138000,275138000,-138418000,-120393000,1335000,None,-34976000,None,None,63230000,139705000,104085000,None,2186513000,2186513000,142221000,None,None,476370000,None,None,222868000,83213000,1.93,0.0066,36917000,36917000,None,0.808,0.19,476836000,699704000,2.65,2018-12-31,30.3,617083000,2224900000.0,708814000,480237000,136402000,617083000,617083000,None,0,None,197752000,None,None,323392000,None,None,124022000,None,None,None,0.236,260146000,231978000,476836000,40322000,164726000,None,None,None,None,None,None,None,2.193,4.451,4.932,None,None,None,None,None,-34067000,None,0.142,None,1603967000,2025-10-28,quarterly,2.84,USD,pre-market,1554000,2637427000,0.064,0.135,0.144,59.61,239696000,595459000,272067000,175140000,275.45,291.4,7.1698,3588884000,1164722000,579014000,1462343000,2424162000,883329000,2895327000,2126541000,34.73,-785053000,311.21,213.97
2025-12-28,VMC,8.47,7882200000.0,34.73,None,1.064,66.17,101072000,None,275138000,275138000,-222028000,-92889000,-18046000,None,-34976000,None,None,None,139705000,104085000,None,2186513000,2186513000,142221000,None,None,476370000,None,None,222868000,87287000,1.93,0.0066,36996000,36996000,None,0.808,0.19,476836000,699704000,2.65,2018-09-30,30.3,617083000,2224900000.0,708814000,480237000,136402000,617083000,617083000,None,0,None,197752000,None,None,323392000,None,None,179152000,None,None,None,0.236,296871000,231978000,476836000,40322000,164726000,None,None,None,None,None,None,None,2.193,4.451,4.932,None,None,None,None,None,-24995000,None,0.142,None,1603967000,2025-10-28,quarterly,2.84,USD,pre-market,1554000,2637427000,0.064,0.135,0.144,59.61,239696000,595459000,272067000,175140000,275.45,291.4,7.1698,3588884000,1164722000,579014000,1462343000,2424162000,883329000,2895327000,2126541000,34.73,-785053000,311.21,213.97
2025-12-28,VMC,8.47,7882200000.0,34.73,None,1.064,66.17,118478000,None,275138000,275138000,96394000,-264585000,14601000,None,-34976000,None,None,None,139705000,104085000,None,2186513000,2186513000,142221000,None,None,476370000,None,None,222868000,83527000,1.93,0.0066,37020000,37020000,None,0.808,0.19,476836000,699704000,2.65,2018-06-30,30.3,617083000,2224900000.0,708814000,480237000,136402000,617083000,617083000,None,0,None,197752000,None,None,323392000,None,None,159652000,None,None,None,0.236,182792000,231978000,476836000,40322000,164726000,None,None,None,None,None,None,None,2.193,4.451,4.932,None,None,None,None,None,-19353000,None,0.142,None,1603967000,2025-10-28,quarterly,2.84,USD,pre-market,1554000,2637427000,0.064,0.135,0.144,59.61,239696000,595459000,272067000,175140000,275.45,291.4,7.1698,3588884000,1164722000,579014000,1462343000,2424162000,883329000,2895327000,2126541000,34.73,-785053000,311.21,213.97
2025-12-28,VMC,8.47,7882200000.0,34.73,None,1.064,66.17,128688000,None,275138000,275138000,-1076000,-192024000,-100132000,None,-34976000,None,None,None,139705000,104085000,None,2186513000,2186513000,142221000,None,None,476370000,None,None,222868000,81400,1.93,0.0066,37176000,37176000,None,0.808,0.19,476836000,699704000,2.65,2018-03-31,30.3,617083000,2224900000.0,708814000,480237000,136402000,617083000,617083000,None,0,None,197752000,None,None,323392000,None,None,52979000,None,None,None,0.236,92968000,231978000,476836000,40322000,164726000,None,None,None,None,None,None,None,2.193,4.451,4.932,None,None,None,None,None,-55568000,None,0.142,None,1603967000,2025-10-28,quarterly,2.84,USD,pre-market,1554000,2637427000,0.064,0.135,0.144,59.61,239696000,595459000,272067000,175140000,275.45,291.4,7.1698,3588884000,1164722000,579014000,1462343000,2424162000,883329000,2895327000,2126541000,34.73,-785053000,311.21,213.97
2025-12-28,VMC,8.47,7882200000.0,34.73,None,1.064,66.17,92721000,None,275138000,275138000,-96768000,-711925000,-563550000,None,-14121000,None,None,-81561000,139705000,104085000,None,2186513000,2186513000,142221000,None,None,476370000,None,None,222868000,64794000,1.93,0.0066,33072000,33072000,None,0.808,0.19,476836000,699704000,2.65,2017-12-31,30.3,617083000,2224900000.0,708814000,480237000,136402000,617083000,617083000,None,0,None,197752000,None,None,323392000,None,None,327546000,None,None,None,0.236,245143000,231978000,476836000,40322000,164726000,None,None,None,None,None,None,None,2.193,4.451,4.932,None,None,None,None,None,-715000,None,0.142,None,1603967000,2025-10-28,quarterly,2.84,USD,pre-market,1554000,2637427000,0.064,0.135,0.144,59.61,239696000,595459000,272067000,175140000,275.45,291.4,7.1698,3588884000,1164722000,579014000,1462343000,2424162000,883329000,2895327000,2126541000,34.73,-785053000,311.21,213.97
2025-12-28,VMC,8.47,7882200000.0,34.73,None,1.064,66.17,75811000,None,275138000,275138000,-599011000,-73938000,-428636000,None,0,None,None,None,139705000,104085000,None,2186513000,2186513000,142221000,None,None,476370000,None,None,222868000,78147000,1.93,0.0066,33069000,33069000,None,0.808,0.19,476836000,699704000,2.65,2017-09-30,30.3,617083000,2224900000.0,708814000,480237000,136402000,617083000,617083000,None,0,None,197752000,None,None,323392000,None,None,108579000,None,None,None,0.236,244313000,231978000,476836000,40322000,164726000,None,None,None,None,None,None,None,2.193,4.451,4.932,None,None,None,None,None,-377000,None,0.142,None,1603967000,2025-10-28,quarterly,2.84,USD,pre-market,1554000,2637427000,0.064,0.135,0.144,59.61,239696000,595459000,272067000,175140000,275.45,291.4,7.1698,3588884000,1164722000,579014000,1462343000,2424162000,883329000,2895327000,2126541000,34.73,-785053000,311.21,213.97
2025-12-28,VMC,8.47,7882200000.0,34.73,None,1.064,66.17,158012000,None,275138000,275138000,957583000,-175811000,842842000,None,0,None,None,None,139705000,104085000,None,2186513000,2186513000,142221000,None,None,476370000,None,None,222868000,74003000,1.93,0.0066,33042000,33042000,None,0.808,0.19,476836000,699704000,2.65,2017-06-30,30.3,617083000,2224900000.0,708814000,480237000,136402000,617083000,617083000,None,0,None,197752000,None,None,323392000,None,None,120139000,None,None,None,0.236,61070000,231978000,476836000,40322000,164726000,None,None,None,None,None,None,None,2.193,4.451,4.932,None,None,None,None,None,-11082000,None,0.142,None,1603967000,2025-10-28,quarterly,2.84,USD,pre-market,1554000,2637427000,0.064,0.135,0.144,59.61,239696000,595459000,272067000,175140000,275.45,291.4,7.1698,3588884000,1164722000,579014000,1462343000,2424162000,883329000,2895327000,2126541000,34.73,-785053000,311.21,213.97
2025-12-28,VMC,8.47,7882200000.0,34.73,None,1.064,66.17,133022000,None,275138000,275138000,241636000,-307817000,27971000,None,0,None,None,None,139705000,104085000,None,2186513000,2186513000,142221000,None,None,476370000,None,None,222868000,71600,1.93,0.0066,33152000,33152000,None,0.808,0.19,476836000,699704000,2.65,2017-03-31,30.3,617083000,2224900000.0,708814000,480237000,136402000,617083000,617083000,None,0,None,197752000,None,None,323392000,None,None,44921000,None,None,None,0.236,94152000,231978000,476836000,40322000,164726000,None,None,None,None,None,None,None,2.193,4.451,4.932,None,None,None,None,None,-49221000,None,0.142,None,1603967000,2025-10-28,quarterly,2.84,USD,pre-market,1554000,2637427000,0.064,0.135,0.144,59.61,239696000,595459000,272067000,175140000,275.45,291.4,7.1698,3588884000,1164722000,579014000,1462343000,2424162000,883329000,2895327000,2126541000,34.73,-785053000,311.21,213.97
2025-12-28,VMC,8.47,7882200000.0,34.73,None,1.064,66.17,62708000,None,275138000,275138000,-89990000,-85529000,123621000,None,1625000,None,None,-72763000,139705000,104085000,None,2186513000,2186513000,142221000,None,None,476370000,None,None,222868000,74769000,1.93,0.0066,26468000,26468000,None,0.808,0.19,476836000,699704000,2.65,2016-12-31,30.3,617083000,2224900000.0,708814000,480237000,136402000,617083000,617083000,None,0,None,197752000,None,None,323392000,None,None,137052000,None,None,None,0.236,299140000,231978000,476836000,40322000,164726000,None,None,None,None,None,None,None,2.193,4.451,4.932,None,None,None,None,None,-2385000,None,0.142,None,1603967000,2025-10-28,quarterly,2.84,USD,pre-market,1554000,2637427000,0.064,0.135,0.144,59.61,239696000,595459000,272067000,175140000,275.45,291.4,7.1698,3588884000,1164722000,579014000,1462343000,2424162000,883329000,2895327000,2126541000,34.73,-785053000,311.21,213.97
2025-12-28,VMC,8.47,7882200000.0,34.73,None,1.064,66.17,87676000,None,275138000,275138000,-115840000,-83612000,43463000,None,0,None,None,None,139705000,104085000,None,2186513000,2186513000,142221000,None,None,476370000,None,None,222868000,67027000,1.93,0.0066,26527000,26527000,None,0.808,0.19,476836000,699704000,2.65,2016-09-30,30.3,617083000,2224900000.0,708814000,480237000,136402000,617083000,617083000,None,0,None,197752000,None,None,323392000,None,None,139765000,None,None,None,0.236,249607000,231978000,476836000,40322000,164726000,None,None,None,None,None,None,None,2.193,4.451,4.932,None,None,None,None,None,-92307000,None,0.142,None,1603967000,2025-10-28,quarterly,2.84,USD,pre-market,1554000,2637427000,0.064,0.135,0.144,59.61,239696000,595459000,272067000,175140000,275.45,291.4,7.1698,3588884000,1164722000,579014000,1462343000,2424162000,883329000,2895327000,2126541000,34.73,-785053000,311.21,213.97
2025-12-28,VMC,8.47,7882200000.0,34.73,None,1.064,66.17,91480000,None,275138000,275138000,-69834000,-89826000,-99984000,None,0,None,None,None,139705000,104085000,None,2186513000,2186513000,142221000,None,None,476370000,None,None,222868000,69038000,1.93,0.0066,26620000,26620000,None,0.808,0.19,476836000,699704000,2.65,2016-06-30,30.3,617083000,2224900000.0,708814000,480237000,136402000,617083000,617083000,None,0,None,197752000,None,None,323392000,None,None,123750000,None,None,None,0.236,59676000,231978000,476836000,40322000,164726000,None,None,None,None,None,None,None,2.193,4.451,4.932,None,None,None,None,None,-45723000,None,0.142,None,1603967000,2025-10-28,quarterly,2.84,USD,pre-market,1554000,2637427000,0.064,0.135,0.144,59.61,239696000,595459000,272067000,175140000,275.45,291.4,7.1698,3588884000,1164722000,579014000,1462343000,2424162000,883329000,2895327000,2126541000,34.73,-785053000,311.21,213.97
2025-12-28,VMC,8.47,7882200000.0,34.73,None,1.064,66.17,108284000,None,275138000,275138000,-28921000,-106110000,-92174000,None,0,None,None,None,139705000,104085000,None,2186513000,2186513000,142221000,None,None,476370000,None,None,222868000,69400,1.93,0.0066,26718000,26718000,None,0.808,0.19,476836000,699704000,2.65,2016-03-31,30.3,617083000,2224900000.0,708814000,480237000,136402000,617083000,617083000,None,0,None,197752000,None,None,323392000,None,None,18924000,None,None,None,0.236,88728000,231978000,476836000,40322000,164726000,None,None,None,None,None,None,None,2.193,4.451,4.932,None,None,None,None,None,-23433000,None,0.142,None,1603967000,2025-10-28,quarterly,2.84,USD,pre-market,1554000,2637427000,0.064,0.135,0.144,59.61,239696000,595459000,272067000,175140000,275.45,291.4,7.1698,3588884000,1164722000,579014000,1462343000,2424162000,883329000,2895327000,2126541000,34.73,-785053000,311.21,213.97
2025-12-28,VMC,8.47,7882200000.0,34.73,None,1.064,66.17,74447000,None,275138000,275138000,-28373000,-78289000,115379000,None,-20925000,None,None,-42164000,139705000,104085000,None,2186513000,2186513000,142221000,None,None,476370000,None,None,222868000,66123000,1.93,0.0066,13336000,13336000,None,0.808,0.19,476836000,699704000,2.65,2015-12-31,30.3,617083000,2224900000.0,708814000,480237000,136402000,617083000,617083000,None,0,None,197752000,None,None,323392000,None,None,88888000,None,None,None,0.236,222041000,231978000,476836000,40322000,164726000,None,None,None,None,None,None,None,2.193,4.451,4.932,None,None,None,None,None,-37635000,None,0.142,None,1603967000,2025-10-28,quarterly,2.84,USD,pre-market,1554000,2637427000,0.064,0.135,0.144,59.61,239696000,595459000,272067000,175140000,275.45,291.4,7.1698,3588884000,1164722000,579014000,1462343000,2424162000,883329000,2895327000,2126541000,34.73,-785053000,311.21,213.97
2025-12-28,VMC,8.47,7882200000.0,34.73,None,1.064,66.17,66094000,None,275138000,275138000,-58325000,-64430000,93945000,None,0,None,None,None,139705000,104085000,None,2186513000,2186513000,142221000,None,None,476370000,None,None,222868000,63370000,1.93,0.0066,13329000,13329000,None,0.808,0.19,476836000,699704000,2.65,2015-09-30,30.3,617083000,2224900000.0,708814000,480237000,136402000,617083000,617083000,None,0,None,197752000,None,None,323392000,None,None,123805000,None,None,None,0.236,216700000,231978000,476836000,40322000,164726000,None,None,None,None,None,None,None,2.193,4.451,4.932,None,None,None,None,None,17119000,None,0.142,None,1603967000,2025-10-28,quarterly,2.84,USD,pre-market,1554000,2637427000,0.064,0.135,0.144,59.61,239696000,595459000,272067000,175140000,275.45,291.4,7.1698,3588884000,1164722000,579014000,1462343000,2424162000,883329000,2895327000,2126541000,34.73,-785053000,311.21,213.97
2025-12-28,VMC,8.47,7882200000.0,34.73,None,1.064,66.17,99110000,None,275138000,275138000,-243972000,-119432000,-317921000,None,0,None,None,None,139705000,104085000,None,2186513000,2186513000,142221000,None,None,476370000,None,None,222868000,64254000,1.93,0.0066,13296000,13296000,None,0.808,0.19,476836000,699704000,2.65,2015-06-30,30.3,617083000,2224900000.0,708814000,480237000,136402000,617083000,617083000,None,0,None,197752000,None,None,323392000,None,None,48162000,None,None,None,0.236,45483000,231978000,476836000,40322000,164726000,None,None,None,None,None,None,None,2.193,4.451,4.932,None,None,None,None,None,19353000,None,0.142,None,1603967000,2025-10-28,quarterly,2.84,USD,pre-market,1554000,2637427000,0.064,0.135,0.144,59.61,239696000,595459000,272067000,175140000,275.45,291.4,7.1698,3588884000,1164722000,579014000,1462343000,2424162000,883329000,2895327000,2126541000,34.73,-785053000,311.21,213.97
2025-12-28,VMC,8.47,7882200000.0,34.73,None,1.064,66.17,49611000,None,275138000,275138000,279821000,-47591000,251384000,None,0,None,None,None,139705000,104085000,None,2186513000,2186513000,142221000,None,None,476370000,None,None,222868000,66700,1.93,0.0066,13253000,13253000,None,0.808,0.19,476836000,699704000,2.65,2015-03-31,30.3,617083000,2224900000.0,708814000,480237000,136402000,617083000,617083000,None,0,None,197752000,None,None,323392000,None,None,-39678000,None,None,None,0.236,19154000,231978000,476836000,40322000,164726000,None,None,None,None,None,None,None,2.193,4.451,4.932,None,None,None,None,None,31416000,None,0.142,None,1603967000,2025-10-28,quarterly,2.84,USD,pre-market,1554000,2637427000,0.064,0.135,0.144,59.61,239696000,595459000,272067000,175140000,275.45,291.4,7.1698,3588884000,1164722000,579014000,1462343000,2424162000,883329000,2895327000,2126541000,34.73,-785053000,311.21,213.97
2025-12-28,VMC,8.47,7882200000.0,34.73,None,1.064,66.17,55632000,None,275138000,275138000,3049000,-64254000,49405000,None,-5595000,None,None,-25118000,139705000,104085000,None,2186513000,2186513000,142221000,None,None,476370000,None,None,222868000,64855000,1.93,0.0066,7911000,7911000,None,0.808,0.19,476836000,699704000,2.65,2014-12-31,30.3,617083000,2224900000.0,708814000,480237000,136402000,617083000,617083000,None,0,None,197752000,None,None,323392000,None,None,38021000,None,None,None,0.236,110610000,231978000,476836000,40322000,164726000,None,None,None,None,None,None,None,2.193,4.451,4.932,None,None,None,None,None,10989000,None,0.142,None,1603967000,2025-10-28,quarterly,2.84,USD,pre-market,1554000,2637427000,0.064,0.135,0.144,59.61,239696000,595459000,272067000,175140000,275.45,291.4,7.1698,3588884000,1164722000,579014000,1462343000,2424162000,883329000,2895327000,2126541000,34.73,-785053000,311.21,213.97
2025-12-28,VMC,8.47,7882200000.0,34.73,None,1.064,66.17,52908000,None,275138000,275138000,-4290000,-258352000,-135816000,None,0,None,None,None,139705000,104085000,None,2186513000,2186513000,142221000,None,None,476370000,None,None,222868000,70022000,1.93,0.0066,7899000,7899000,None,0.808,0.19,476836000,699704000,2.65,2014-09-30,30.3,617083000,2224900000.0,708814000,480237000,136402000,617083000,617083000,None,0,None,197752000,None,None,323392000,None,None,66939000,None,None,None,0.236,126826000,231978000,476836000,40322000,164726000,None,None,None,None,None,None,None,2.193,4.451,4.932,None,None,None,None,None,70418000,None,0.142,None,1603967000,2025-10-28,quarterly,2.84,USD,pre-market,1554000,2637427000,0.064,0.135,0.144,59.61,239696000,595459000,272067000,175140000,275.45,291.4,7.1698,3588884000,1164722000,579014000,1462343000,2424162000,883329000,2895327000,2126541000,34.73,-785053000,311.21,213.97
2025-12-28,VMC,8.47,7882200000.0,34.73,None,1.064,66.17,70306000,None,275138000,275138000,-1087000,-67874000,-41089000,None,0,None,None,None,139705000,104085000,None,2186513000,2186513000,142221000,None,None,476370000,None,None,222868000,66917000,1.93,0.0066,6543000,6543000,None,0.808,0.19,476836000,699704000,2.65,2014-06-30,30.3,617083000,2224900000.0,708814000,480237000,136402000,617083000,617083000,None,0,None,197752000,None,None,323392000,None,None,45968000,None,None,None,0.236,27872000,231978000,476836000,40322000,164726000,None,None,None,None,None,None,None,2.193,4.451,4.932,None,None,None,None,None,496000,None,0.142,None,1603967000,2025-10-28,quarterly,2.84,USD,pre-market,1554000,2637427000,0.064,0.135,0.144,59.61,239696000,595459000,272067000,175140000,275.45,291.4,7.1698,3588884000,1164722000,579014000,1462343000,2424162000,883329000,2895327000,2126541000,34.73,-785053000,311.21,213.97
2025-12-28,VMC,8.47,7882200000.0,34.73,None,1.064,66.17,46006000,None,275138000,275138000,-548804000,628811000,75035000,None,0,None,None,None,139705000,104085000,None,2186513000,2186513000,142221000,None,None,476370000,None,None,222868000,-169983000,1.93,0.0066,6531000,6531000,None,0.808,0.19,476836000,699704000,2.65,2014-03-31,30.3,617083000,2224900000.0,708814000,480237000,136402000,617083000,617083000,None,0,None,197752000,None,None,323392000,None,None,53995000,None,None,None,0.236,-4972000,231978000,476836000,40322000,164726000,None,None,None,None,None,None,None,2.193,4.451,4.932,None,None,None,None,None,11599000,None,0.142,None,1603967000,2025-10-28,quarterly,2.84,USD,pre-market,1554000,2637427000,0.064,0.135,0.144,59.61,239696000,595459000,272067000,175140000,275.45,291.4,7.1698,3588884000,1164722000,579014000,1462343000,2424162000,883329000,2895327000,2126541000,34.73,-785053000,311.21,213.97
2025-12-28,VMC,8.47,7882200000.0,34.73,None,1.064,66.17,158070000,None,275138000,275138000,6947000,-155509000,-52075000,None,-7700000,None,None,-42260000,139705000,104085000,None,2186513000,2186513000,142221000,None,None,476370000,None,None,222868000,71854000,1.93,0.0066,1301000,1301000,None,0.808,0.19,476836000,699704000,2.65,2013-12-31,30.3,617083000,2224900000.0,708814000,480237000,136402000,617083000,617083000,None,0,None,197752000,None,None,323392000,None,None,9082000,None,None,None,0.236,100950000,231978000,476836000,40322000,164726000,None,None,None,None,None,None,None,2.193,4.451,4.932,None,None,None,None,None,9092000,None,0.142,None,1603967000,2025-10-28,quarterly,2.84,USD,pre-market,1554000,2637427000,0.064,0.135,0.144,59.61,239696000,595459000,272067000,175140000,275.45,291.4,7.1698,3588884000,1164722000,579014000,1462343000,2424162000,883329000,2895327000,2126541000,34.73,-785053000,311.21,213.97
2025-12-28,VMC,8.47,7882200000.0,34.73,None,1.064,66.17,57269000,None,275138000,275138000,-100407000,-46116000,158834000,None,0,None,None,None,139705000,104085000,None,2186513000,2186513000,142221000,None,None,476370000,None,None,222868000,223368000,1.93,0.0066,1292000,1292000,None,0.808,0.19,476836000,699704000,2.65,2013-09-30,30.3,617083000,2224900000.0,708814000,480237000,136402000,617083000,617083000,None,0,None,197752000,None,None,323392000,None,None,41364000,None,None,None,0.236,305357000,231978000,476836000,40322000,164726000,None,None,None,None,None,None,None,2.193,4.451,4.932,None,None,None,None,None,893000,None,0.142,None,1603967000,2025-10-28,quarterly,2.84,USD,pre-market,1554000,2637427000,0.064,0.135,0.144,59.61,239696000,595459000,272067000,175140000,275.45,291.4,7.1698,3588884000,1164722000,579014000,1462343000,2424162000,883329000,2895327000,2126541000,34.73,-785053000,311.21,213.97
2025-12-28,VMC,8.47,7882200000.0,34.73,None,1.064,66.17,33190000,None,275138000,275138000,-41333000,-27291000,-101102000,None,0,None,None,None,139705000,104085000,None,2186513000,2186513000,142221000,None,None,476370000,None,None,222868000,53551000,1.93,0.0066,1299000,1299000,None,0.808,0.19,476836000,699704000,2.65,2013-06-30,30.3,617083000,2224900000.0,708814000,480237000,136402000,617083000,617083000,None,0,None,197752000,None,None,323392000,None,None,28772000,None,None,None,0.236,-32478000,231978000,476836000,40322000,164726000,None,None,None,None,None,None,None,2.193,4.451,4.932,None,None,None,None,None,395000,None,0.142,None,1603967000,2025-10-28,quarterly,2.84,USD,pre-market,1554000,2637427000,0.064,0.135,0.144,59.61,239696000,595459000,272067000,175140000,275.45,291.4,7.1698,3588884000,1164722000,579014000,1462343000,2424162000,883329000,2895327000,2126541000,34.73,-785053000,311.21,213.97
2025-12-28,VMC,8.47,7882200000.0,34.73,None,1.064,66.17,26851000,None,275138000,275138000,-7256000,-67274000,-87397000,None,0,None,None,None,139705000,104085000,None,2186513000,2186513000,142221000,None,None,476370000,None,None,222868000,75600,1.93,0.0066,1299000,1299000,None,0.808,0.19,476836000,699704000,2.65,2013-03-31,30.3,617083000,2224900000.0,708814000,480237000,136402000,617083000,617083000,None,0,None,197752000,None,None,323392000,None,None,-54836000,None,None,None,0.236,-12867000,231978000,476836000,40322000,164726000,None,None,None,None,None,None,None,2.193,4.451,4.932,None,None,None,None,None,3203000,None,0.142,None,1603967000,2025-10-28,quarterly,2.84,USD,pre-market,1554000,2637427000,0.064,0.135,0.144,59.61,239696000,595459000,272067000,175140000,275.45,291.4,7.1698,3588884000,1164722000,579014000,1462343000,2424162000,883329000,2895327000,2126541000,34.73,-785053000,311.21,213.97
2025-12-28,VMC,8.47,7882200000.0,34.73,None,1.064,66.17,43939000,None,275138000,275138000,-131598000,19234000,32352000,None,-9028000,None,None,17412000,139705000,104085000,None,2186513000,2186513000,142221000,None,None,476370000,None,None,222868000,26956000,1.93,0.0066,1298000,1298000,None,0.808,0.19,476836000,699704000,2.65,2012-12-31,30.3,617083000,2224900000.0,708814000,480237000,136402000,617083000,617083000,None,0,None,197752000,None,None,323392000,None,None,3483000,None,None,None,0.236,144716000,231978000,476836000,40322000,164726000,None,None,None,None,None,None,None,2.193,4.451,4.932,None,None,None,None,None,4295000,None,0.142,None,1603967000,2025-10-28,quarterly,2.84,USD,pre-market,1554000,2637427000,0.064,0.135,0.144,59.61,239696000,595459000,272067000,175140000,275.45,291.4,7.1698,3588884000,1164722000,579014000,1462343000,2424162000,883329000,2895327000,2126541000,34.73,-785053000,311.21,213.97
2025-12-28,VMC,8.47,7882200000.0,34.73,None,1.064,66.17,15834000,None,275138000,275138000,1201000,-13196000,84825000,None,0,None,None,None,139705000,104085000,None,2186513000,2186513000,142221000,None,None,476370000,None,None,222868000,82105000,1.93,0.0066,1295000,1295000,None,0.808,0.19,476836000,699704000,2.65,2012-09-30,30.3,617083000,2224900000.0,708814000,480237000,136402000,617083000,617083000,None,0,None,197752000,None,None,323392000,None,None,14260000,None,None,None,0.236,96820000,231978000,476836000,40322000,164726000,None,None,None,None,None,None,None,2.193,4.451,4.932,None,None,None,None,None,2643000,None,0.142,None,1603967000,2025-10-28,quarterly,2.84,USD,pre-market,1554000,2637427000,0.064,0.135,0.144,59.61,239696000,595459000,272067000,175140000,275.45,291.4,7.1698,3588884000,1164722000,579014000,1462343000,2424162000,883329000,2895327000,2126541000,34.73,-785053000,311.21,213.97
2025-12-28,VMC,8.47,7882200000.0,34.73,None,1.064,66.17,14736000,None,275138000,275138000,-1267000,601000,-32871000,None,0,None,None,None,139705000,104085000,None,2186513000,2186513000,142221000,None,None,476370000,None,None,222868000,84100,1.93,0.0066,1295000,1295000,None,0.808,0.19,476836000,699704000,2.65,2012-06-30,30.3,617083000,2224900000.0,708814000,480237000,136402000,617083000,617083000,None,0,None,197752000,None,None,323392000,None,None,-18283000,None,None,None,0.236,-32205000,231978000,476836000,40322000,164726000,None,None,None,None,None,None,None,2.193,4.451,4.932,None,None,None,None,None,41000,None,0.142,None,1603967000,2025-10-28,quarterly,2.84,USD,pre-market,1554000,2637427000,0.064,0.135,0.144,59.61,239696000,595459000,272067000,175140000,275.45,291.4,7.1698,3588884000,1164722000,579014000,1462343000,2424162000,883329000,2895327000,2126541000,34.73,-785053000,311.21,213.97
2025-12-28,VMC,8.47,7882200000.0,34.73,None,1.064,66.17,18848000,None,275138000,275138000,2429000,3760000,35333000,None,0,None,None,None,139705000,104085000,None,2186513000,2186513000,142221000,None,None,476370000,None,None,222868000,85200,1.93,0.0066,1295000,1295000,None,0.808,0.19,476836000,699704000,2.65,2012-03-31,30.3,617083000,2224900000.0,708814000,480237000,136402000,617083000,617083000,None,0,None,197752000,None,None,323392000,None,None,-52053000,None,None,None,0.236,29144000,231978000,476836000,40322000,164726000,None,None,None,None,None,None,None,2.193,4.451,4.932,None,None,None,None,None,3483000,None,0.142,None,1603967000,2025-10-28,quarterly,2.84,USD,pre-market,1554000,2637427000,0.064,0.135,0.144,59.61,239696000,595459000,272067000,175140000,275.45,291.4,7.1698,3588884000,1164722000,579014000,1462343000,2424162000,883329000,2895327000,2126541000,34.73,-785053000,311.21,213.97
2025-12-28,VMC,8.47,7882200000.0,34.73,None,1.064,66.17,21580000,None,275138000,275138000,-15466000,-28391000,3460000,None,-6927000,None,None,5035000,139705000,104085000,None,2186513000,2186513000,142221000,None,None,476370000,None,None,222868000,40962000,1.93,0.0066,1294000,1294000,None,0.808,0.19,476836000,699704000,2.65,2011-12-31,30.3,617083000,2224900000.0,708814000,480237000,136402000,617083000,617083000,None,0,None,197752000,None,None,323392000,None,None,-27865000,None,None,None,0.236,47317000,231978000,476836000,40322000,164726000,None,None,None,None,None,None,None,2.193,4.451,4.932,None,None,None,None,None,383000,None,0.142,None,1603967000,2025-10-28,quarterly,2.84,USD,pre-market,1554000,2637427000,0.064,0.135,0.144,59.61,239696000,595459000,272067000,175140000,275.45,291.4,7.1698,3588884000,1164722000,579014000,1462343000,2424162000,883329000,2895327000,2126541000,34.73,-785053000,311.21,213.97
2025-12-28,VMC,8.47,7882200000.0,34.73,None,1.064,66.17,25820000,None,275138000,275138000,-109134000,40059000,45635000,None,0,None,None,None,139705000,104085000,None,2186513000,2186513000,142221000,None,None,476370000,None,None,222868000,91865000,1.93,0.0066,32308000,32308000,None,0.808,0.19,476836000,699704000,2.65,2011-09-30,30.3,617083000,2224900000.0,708814000,480237000,136402000,617083000,617083000,None,0,None,197752000,None,None,323392000,None,None,19959000,None,None,None,0.236,114710000,231978000,476836000,40322000,164726000,None,None,None,None,None,None,None,2.193,4.451,4.932,None,None,None,None,None,0,None,0.142,None,1603967000,2025-10-28,quarterly,2.84,USD,pre-market,1554000,2637427000,0.064,0.135,0.144,59.61,239696000,595459000,272067000,175140000,275.45,291.4,7.1698,3588884000,1164722000,579014000,1462343000,2424162000,883329000,2895327000,2126541000,34.73,-785053000,311.21,213.97
2025-12-28,VMC,8.47,7882200000.0,34.73,None,1.064,66.17,27305000,None,275138000,275138000,100830000,-20216000,43580000,None,0,None,None,None,139705000,104085000,None,2186513000,2186513000,142221000,None,None,476370000,None,None,222868000,88236000,1.93,0.0066,32305000,32305000,None,0.808,0.19,476836000,699704000,2.65,2011-06-30,30.3,617083000,2224900000.0,708814000,480237000,136402000,617083000,617083000,None,0,None,197752000,None,None,323392000,None,None,-8139000,None,None,None,0.236,-37034000,231978000,476836000,40322000,164726000,None,None,None,None,None,None,None,2.193,4.451,4.932,None,None,None,None,None,900120000,None,0.142,None,1603967000,2025-10-28,quarterly,2.84,USD,pre-market,1554000,2637427000,0.064,0.135,0.144,59.61,239696000,595459000,272067000,175140000,275.45,291.4,7.1698,3588884000,1164722000,579014000,1462343000,2424162000,883329000,2895327000,2126541000,34.73,-785053000,311.21,213.97
2025-12-28,VMC,8.47,7882200000.0,34.73,None,1.064,66.17,24207000,None,275138000,275138000,-17496000,-10931000,15623000,None,0,None,None,None,139705000,104085000,None,2186513000,2186513000,142221000,None,None,476370000,None,None,222868000,90586000,1.93,0.0066,32265000,32265000,None,0.808,0.19,476836000,699704000,2.65,2011-03-31,30.3,617083000,2224900000.0,708814000,480237000,136402000,617083000,617083000,None,0,None,197752000,None,None,323392000,None,None,-54733000,None,None,None,0.236,44050000,231978000,476836000,40322000,164726000,None,None,None,None,None,None,None,2.193,4.451,4.932,None,None,None,None,None,17612000,None,0.142,None,1603967000,2025-10-28,quarterly,2.84,USD,pre-market,1554000,2637427000,0.064,0.135,0.144,59.61,239696000,595459000,272067000,175140000,275.45,291.4,7.1698,3588884000,1164722000,579014000,1462343000,2424162000,883329000,2895327000,2126541000,34.73,-785053000,311.21,213.97
2025-12-28,VMC,8.47,7882200000.0,34.73,None,1.064,66.17,24220000,None,275138000,275138000,-63641000,-46193000,-34955000,None,6708000,None,None,-49656000,139705000,104085000,None,2186513000,2186513000,142221000,None,None,476370000,None,None,222868000,32431000,1.93,0.0066,32096000,32096000,None,0.808,0.19,476836000,699704000,2.65,2010-12-31,30.3,617083000,2224900000.0,708814000,480237000,136402000,617083000,617083000,None,0,None,197752000,None,None,323392000,None,None,-46997000,None,None,None,0.236,74879000,231978000,476836000,40322000,164726000,None,None,None,None,None,None,None,2.193,4.451,4.932,None,None,None,None,None,7905000,None,0.142,None,1603967000,2025-10-28,quarterly,2.84,USD,pre-market,1554000,2637427000,0.064,0.135,0.144,59.61,239696000,595459000,272067000,175140000,275.45,291.4,7.1698,3588884000,1164722000,579014000,1462343000,2424162000,883329000,2895327000,2126541000,34.73,-785053000,311.21,213.97
2025-12-28,VMC,8.47,7882200000.0,34.73,None,1.064,66.17,19946000,None,275138000,275138000,-18674000,-50174000,40323000,None,0,None,None,None,139705000,104085000,None,2186513000,2186513000,142221000,None,None,476370000,None,None,222868000,94896000,1.93,0.0066,32096000,32096000,None,0.808,0.19,476836000,699704000,2.65,2010-09-30,30.3,617083000,2224900000.0,708814000,480237000,136402000,617083000,617083000,None,0,None,197752000,None,None,323392000,None,None,13246000,None,None,None,0.236,109171000,231978000,476836000,40322000,164726000,None,None,None,None,None,None,None,2.193,4.451,4.932,None,None,None,None,None,366512000,None,0.142,None,1603967000,2025-10-28,quarterly,2.84,USD,pre-market,1554000,2637427000,0.064,0.135,0.144,59.61,239696000,595459000,272067000,175140000,275.45,291.4,7.1698,3588884000,1164722000,579014000,1462343000,2424162000,883329000,2895327000,2126541000,34.73,-785053000,311.21,213.97
2025-12-28,VMC,8.47,7882200000.0,34.73,None,1.064,66.17,22399000,None,275138000,275138000,14712000,-20696000,6233000,None,0,None,None,None,139705000,104085000,None,2186513000,2186513000,142221000,None,None,476370000,None,None,222868000,161153000,1.93,0.0066,32000000,32000000,None,0.808,0.19,476836000,699704000,2.65,2010-06-30,30.3,617083000,2224900000.0,708814000,480237000,136402000,617083000,617083000,None,0,None,197752000,None,None,323392000,None,None,-23992000,None,None,None,0.236,12217000,231978000,476836000,40322000,164726000,None,None,None,None,None,None,None,2.193,4.451,4.932,None,None,None,None,None,22492000,None,0.142,None,1603967000,2025-10-28,quarterly,2.84,USD,pre-market,1554000,2637427000,0.064,0.135,0.144,59.61,239696000,595459000,272067000,175140000,275.45,291.4,7.1698,3588884000,1164722000,579014000,1462343000,2424162000,883329000,2895327000,2126541000,34.73,-785053000,311.21,213.97
2025-12-28,VMC,8.47,7882200000.0,34.73,None,1.064,66.17,19759000,None,275138000,275138000,-21451000,28687000,13675000,None,0,None,None,None,139705000,104085000,None,2186513000,2186513000,142221000,None,None,476370000,None,None,222868000,94197000,1.93,0.0066,31600000,31600000,None,0.808,0.19,476836000,699704000,2.65,2010-03-31,30.3,617083000,2224900000.0,708814000,480237000,136402000,617083000,617083000,None,0,None,197752000,None,None,323392000,None,None,-38747000,None,None,None,0.236,6439000,231978000,476836000,40322000,164726000,None,None,None,None,None,None,None,2.193,4.451,4.932,None,None,None,None,None,73593000,None,0.142,None,1603967000,2025-10-28,quarterly,2.84,USD,pre-market,1554000,2637427000,0.064,0.135,0.144,59.61,239696000,595459000,272067000,175140000,275.45,291.4,7.1698,3588884000,1164722000,579014000,1462343000,2424162000,883329000,2895327000,2126541000,34.73,-785053000,311.21,213.97
2025-12-28,VMC,8.47,7882200000.0,34.73,None,1.064,66.17,15564000,None,275138000,275138000,-119898000,-2597000,None,None,39289000,None,None,None,139705000,104085000,None,2186513000,2186513000,142221000,None,None,476370000,None,None,222868000,78437000,1.93,0.0066,31420000,31420000,None,0.808,0.19,476836000,699704000,2.65,2009-12-31,30.3,617083000,2224900000.0,708814000,480237000,136402000,617083000,617083000,None,0,None,197752000,None,None,323392000,None,None,-13349000,None,None,None,0.236,98213000,231978000,476836000,40322000,164726000,None,None,None,None,None,None,None,2.193,4.451,4.932,None,None,None,None,None,6369000,None,0.142,None,1603967000,2025-10-28,quarterly,2.84,USD,pre-market,1554000,2637427000,0.064,0.135,0.144,59.61,239696000,595459000,272067000,175140000,275.45,291.4,7.1698,3588884000,1164722000,579014000,1462343000,2424162000,883329000,2895327000,2126541000,34.73,-785053000,311.21,213.97
2025-12-28,VMC,8.47,7882200000.0,34.73,None,1.064,66.17,34064000,None,275138000,275138000,-155368000,-27216000,None,None,0,None,None,None,139705000,104085000,None,2186513000,2186513000,142221000,None,None,476370000,None,None,222868000,66103000,1.93,0.0066,31296000,31296000,None,0.808,0.19,476836000,699704000,2.65,2009-09-30,30.3,617083000,2224900000.0,708814000,480237000,136402000,617083000,617083000,None,0,None,197752000,None,None,323392000,None,None,54232000,None,None,None,0.236,185420000,231978000,476836000,40322000,164726000,None,None,None,None,None,None,None,2.193,4.451,4.932,None,None,None,None,None,7261000,None,0.142,None,1603967000,2025-10-28,quarterly,2.84,USD,pre-market,1554000,2637427000,0.064,0.135,0.144,59.61,239696000,595459000,272067000,175140000,275.45,291.4,7.1698,3588884000,1164722000,579014000,1462343000,2424162000,883329000,2895327000,2126541000,34.73,-785053000,311.21,213.97
2025-12-28,VMC,8.47,7882200000.0,34.73,None,1.064,66.17,34463000,None,275138000,275138000,-3242000,-64797000,None,None,0,None,None,None,139705000,104085000,None,2186513000,2186513000,142221000,None,None,476370000,None,None,222868000,97707000,1.93,0.0066,54683000,54683000,None,0.808,0.19,476836000,699704000,2.65,2009-06-30,30.3,617083000,2224900000.0,708814000,480237000,136402000,617083000,617083000,None,0,None,197752000,None,None,323392000,None,None,22211000,None,None,None,0.236,64304000,231978000,476836000,40322000,164726000,None,None,None,None,None,None,None,2.193,4.451,4.932,None,None,None,None,None,942000,None,0.142,None,1603967000,2025-10-28,quarterly,2.84,USD,pre-market,1554000,2637427000,0.064,0.135,0.144,59.61,239696000,595459000,272067000,175140000,275.45,291.4,7.1698,3588884000,1164722000,579014000,1462343000,2424162000,883329000,2895327000,2126541000,34.73,-785053000,311.21,213.97
2025-12-28,VMC,8.47,7882200000.0,34.73,None,1.064,66.17,25638000,None,275138000,275138000,-82454000,14608000,None,None,None,None,None,None,139705000,104085000,None,2186513000,2186513000,142221000,None,None,476370000,None,None,222868000,99315000,1.93,0.0066,54069000,54069000,None,0.808,0.19,476836000,699704000,2.65,2009-03-31,30.3,617083000,2224900000.0,708814000,480237000,136402000,617083000,617083000,None,0,None,197752000,None,None,323392000,None,None,-32780000,None,None,None,0.236,105098000,231978000,476836000,40322000,164726000,None,None,None,None,None,None,None,2.193,4.451,4.932,None,None,None,None,None,400415000,None,0.142,None,1603967000,2025-10-28,quarterly,2.84,USD,pre-market,1554000,2637427000,0.064,0.135,0.144,59.61,239696000,595459000,272067000,175140000,275.45,291.4,7.1698,3588884000,1164722000,579014000,1462343000,2424162000,883329000,2895327000,2126541000,34.73,-785053000,311.21,213.97
2025-12-28,VMC,8.47,7882200000.0,34.73,None,1.064,66.17,10942000,None,275138000,275138000,-183657000,-6692000,None,None,None,None,None,None,139705000,104085000,None,2186513000,2186513000,142221000,None,None,476370000,None,None,222868000,97569000,1.93,0.0066,53967000,53967000,None,0.808,0.19,476836000,699704000,2.65,2008-12-31,30.3,617083000,2224900000.0,708814000,480237000,136402000,617083000,617083000,None,0,None,197752000,None,None,323392000,None,None,-217853000,None,None,None,0.236,109574000,231978000,476836000,40322000,164726000,None,None,None,None,None,None,None,2.193,4.451,4.932,None,None,None,None,None,None,None,0.142,None,1603967000,2025-10-28,quarterly,2.84,USD,pre-market,1554000,2637427000,0.064,0.135,0.144,59.61,239696000,595459000,272067000,175140000,275.45,291.4,7.1698,3588884000,1164722000,579014000,1462343000,2424162000,883329000,2895327000,2126541000,34.73,-785053000,311.21,213.97
2025-12-28,VMC,8.47,7882200000.0,34.73,None,1.064,66.17,96227000,None,275138000,275138000,-74449000,-129981000,None,None,None,None,None,None,139705000,104085000,None,2186513000,2186513000,142221000,None,None,476370000,None,None,222868000,98716000,1.93,0.0066,53840000,53840000,None,0.808,0.19,476836000,699704000,2.65,2008-09-30,30.3,617083000,2224900000.0,708814000,480237000,136402000,617083000,617083000,None,0,None,197752000,None,None,323392000,None,None,59050000,None,None,None,0.236,144189000,231978000,476836000,40322000,164726000,None,None,None,None,None,None,None,2.193,4.451,4.932,None,None,None,None,None,None,None,0.142,None,1603967000,2025-10-28,quarterly,2.84,USD,pre-market,1554000,2637427000,0.064,0.135,0.144,59.61,239696000,595459000,272067000,175140000,275.45,291.4,7.1698,3588884000,1164722000,579014000,1462343000,2424162000,883329000,2895327000,2126541000,34.73,-785053000,311.21,213.97
2025-12-28,VMC,8.47,7882200000.0,34.73,None,1.064,66.17,117363000,None,275138000,275138000,-123256000,74316000,None,None,None,None,None,None,139705000,104085000,None,2186513000,2186513000,142221000,None,None,476370000,None,None,222868000,96919000,1.93,0.0066,53799000,53799000,None,0.808,0.19,476836000,699704000,2.65,2008-06-30,30.3,617083000,2224900000.0,708814000,480237000,136402000,617083000,617083000,None,0,None,197752000,None,None,323392000,None,None,140755000,None,None,None,0.236,121136000,231978000,476836000,40322000,164726000,None,None,None,None,None,None,None,2.193,4.451,4.932,None,None,None,None,None,None,None,0.142,None,1603967000,2025-10-28,quarterly,2.84,USD,pre-market,1554000,2637427000,0.064,0.135,0.144,59.61,239696000,595459000,272067000,175140000,275.45,291.4,7.1698,3588884000,1164722000,579014000,1462343000,2424162000,883329000,2895327000,2126541000,34.73,-785053000,311.21,213.97
2025-12-28,VMC,8.47,7882200000.0,34.73,None,1.064,66.17,128664000,None,275138000,275138000,110523000,-126683000,None,None,None,None,None,None,139705000,104085000,None,2186513000,2186513000,142221000,None,None,476370000,None,None,222868000,95856000,1.93,0.0066,53177000,53177000,None,0.808,0.19,476836000,699704000,2.65,2008-03-31,30.3,617083000,2224900000.0,708814000,480237000,136402000,617083000,617083000,None,0,None,197752000,None,None,323392000,None,None,13933000,None,None,None,0.236,32295000,231978000,476836000,40322000,164726000,None,None,None,None,None,None,None,2.193,4.451,4.932,None,None,None,None,None,None,None,0.142,None,1603967000,2025-10-28,quarterly,2.84,USD,pre-market,1554000,2637427000,0.064,0.135,0.144,59.61,239696000,595459000,272067000,175140000,275.45,291.4,7.1698,3588884000,1164722000,579014000,1462343000,2424162000,883329000,2895327000,2126541000,34.73,-785053000,311.21,213.97
2025-12-28,VMC,8.47,7882200000.0,34.73,None,1.064,66.17,131836000,None,275138000,275138000,3055905000,-3338927000,None,None,None,None,None,None,139705000,104085000,None,2186513000,2186513000,142221000,None,None,476370000,None,None,222868000,80404000,1.93,0.0066,49756000,49756000,None,0.808,0.19,476836000,699704000,2.65,2007-12-31,30.3,617083000,2224900000.0,708814000,480237000,136402000,617083000,617083000,None,0,None,197752000,None,None,323392000,None,None,84613000,None,None,None,0.236,286831000,231978000,476836000,40322000,164726000,None,None,None,None,None,None,None,2.193,4.451,4.932,None,None,None,None,None,4800000,None,0.142,None,1603967000,2025-10-28,quarterly,2.84,USD,pre-market,1554000,2637427000,0.064,0.135,0.144,59.61,239696000,595459000,272067000,175140000,275.45,291.4,7.1698,3588884000,1164722000,579014000,1462343000,2424162000,883329000,2895327000,2126541000,34.73,-785053000,311.21,213.97
2025-12-28,VMC,8.47,7882200000.0,34.73,None,1.064,66.17,116686000,None,275138000,275138000,-118889000,-87999000,None,None,None,None,None,None,139705000,104085000,None,2186513000,2186513000,142221000,None,None,476370000,None,None,222868000,66366000,1.93,0.0066,43949000,43949000,None,0.808,0.19,476836000,699704000,2.65,2007-09-30,30.3,617083000,2224900000.0,708814000,480237000,136402000,617083000,617083000,None,0,None,197752000,None,None,323392000,None,None,135412000,None,None,None,0.236,203374000,231978000,476836000,40322000,164726000,None,None,None,None,None,None,None,2.193,4.451,4.932,None,None,None,None,None,None,None,0.142,None,1603967000,2025-10-28,quarterly,2.84,USD,pre-market,1554000,2637427000,0.064,0.135,0.144,59.61,239696000,595459000,272067000,175140000,275.45,291.4,7.1698,3588884000,1164722000,579014000,1462343000,2424162000,883329000,2895327000,2126541000,34.73,-785053000,311.21,213.97
2025-12-28,VMC,8.47,7882200000.0,34.73,None,1.064,66.17,112164000,None,275138000,275138000,-48293000,-106868000,None,None,None,None,None,None,139705000,104085000,None,2186513000,2186513000,142221000,None,None,476370000,None,None,222868000,63904000,1.93,0.0066,43848000,43848000,None,0.808,0.19,476836000,699704000,2.65,2007-06-30,30.3,617083000,2224900000.0,708814000,480237000,136402000,617083000,617083000,None,0,None,197752000,None,None,323392000,None,None,142011000,None,None,None,0.236,119794000,231978000,476836000,40322000,164726000,None,None,None,None,None,None,None,2.193,4.451,4.932,None,None,None,None,None,None,None,0.142,None,1603967000,2025-10-28,quarterly,2.84,USD,pre-market,1554000,2637427000,0.064,0.135,0.144,59.61,239696000,595459000,272067000,175140000,275.45,291.4,7.1698,3588884000,1164722000,579014000,1462343000,2424162000,883329000,2895327000,2126541000,34.73,-785053000,311.21,213.97
2025-12-28,VMC,8.47,7882200000.0,34.73,None,1.064,66.17,122636000,None,275138000,275138000,37090000,-120505000,None,None,None,None,None,None,139705000,104085000,None,2186513000,2186513000,142221000,None,None,476370000,None,None,222868000,60801000,1.93,0.0066,43762000,43762000,None,0.808,0.19,476836000,699704000,2.65,2007-03-31,30.3,617083000,2224900000.0,708814000,480237000,136402000,617083000,617083000,None,0,None,197752000,None,None,323392000,None,None,88874000,None,None,None,0.236,98145000,231978000,476836000,40322000,164726000,None,None,None,None,None,None,None,2.193,4.451,4.932,None,None,None,None,None,-4800000,None,0.142,None,1603967000,2025-10-28,quarterly,2.84,USD,pre-market,1554000,2637427000,0.064,0.135,0.144,59.61,239696000,595459000,272067000,175140000,275.45,291.4,7.1698,3588884000,1164722000,579014000,1462343000,2424162000,883329000,2895327000,2126541000,34.73,-785053000,311.21,213.97
2025-12-28,VMC,8.47,7882200000.0,34.73,None,1.064,66.17,136060000,None,275138000,275138000,-95816000,-133336000,None,None,None,None,None,None,139705000,104085000,None,2186513000,2186513000,142221000,None,None,476370000,None,None,222868000,59078000,1.93,0.0066,34973000,34973000,None,0.808,0.19,476836000,699704000,2.65,2006-12-31,30.3,617083000,2224900000.0,708814000,480237000,136402000,617083000,617083000,None,0,None,197752000,None,None,323392000,None,None,113860000,None,None,None,0.236,215731000,231978000,476836000,40322000,164726000,None,None,None,None,None,None,None,2.193,4.451,4.932,None,None,None,None,None,-1169000,None,0.142,None,1603967000,2025-10-28,quarterly,2.84,USD,pre-market,1554000,2637427000,0.064,0.135,0.144,59.61,239696000,595459000,272067000,175140000,275.45,291.4,7.1698,3588884000,1164722000,579014000,1462343000,2424162000,883329000,2895327000,2126541000,34.73,-785053000,311.21,213.97
2025-12-28,VMC,8.47,7882200000.0,34.73,None,1.064,66.17,111874000,None,275138000,275138000,-198531000,26474000,None,None,None,None,None,None,139705000,104085000,None,2186513000,2186513000,142221000,None,None,476370000,None,None,222868000,57600000,1.93,0.0066,35254000,35254000,None,0.808,0.19,476836000,699704000,2.65,2006-09-30,30.3,617083000,2224900000.0,708814000,480237000,136402000,617083000,617083000,None,0,None,197752000,None,None,323392000,None,None,136065000,None,None,None,0.236,169517000,231978000,476836000,40322000,164726000,None,None,None,None,None,None,None,2.193,4.451,4.932,None,None,None,None,None,-186408000,None,0.142,None,1603967000,2025-10-28,quarterly,2.84,USD,pre-market,1554000,2637427000,0.064,0.135,0.144,59.61,239696000,595459000,272067000,175140000,275.45,291.4,7.1698,3588884000,1164722000,579014000,1462343000,2424162000,883329000,2895327000,2126541000,34.73,-785053000,311.21,213.97
2025-12-28,VMC,8.47,7882200000.0,34.73,None,1.064,66.17,91486000,None,275138000,275138000,-133721000,2485000,None,None,None,None,None,None,139705000,104085000,None,2186513000,2186513000,142221000,None,None,476370000,None,None,222868000,54786000,1.93,0.0066,36688000,36688000,None,0.808,0.19,476836000,699704000,2.65,2006-06-30,30.3,617083000,2224900000.0,708814000,480237000,136402000,617083000,617083000,None,0,None,197752000,None,None,323392000,None,None,147692000,None,None,None,0.236,122084000,231978000,476836000,40322000,164726000,None,None,None,None,None,None,None,2.193,4.451,4.932,None,None,None,None,None,-315887000,None,0.142,None,1603967000,2025-10-28,quarterly,2.84,USD,pre-market,1554000,2637427000,0.064,0.135,0.144,59.61,239696000,595459000,272067000,175140000,275.45,291.4,7.1698,3588884000,1164722000,579014000,1462343000,2424162000,883329000,2895327000,2126541000,34.73,-785053000,311.21,213.97
2025-12-28,VMC,8.47,7882200000.0,34.73,None,1.064,66.17,95787000,None,275138000,275138000,-266182000,-630000,None,None,None,None,None,None,139705000,104085000,None,2186513000,2186513000,142221000,None,None,476370000,None,None,222868000,53232000,1.93,0.0066,37167000,37167000,None,0.808,0.19,476836000,699704000,2.65,2006-03-31,30.3,617083000,2224900000.0,708814000,480237000,136402000,617083000,617083000,None,0,None,197752000,None,None,323392000,None,None,69917000,None,None,None,0.236,72017000,231978000,476836000,40322000,164726000,None,None,None,None,None,None,None,2.193,4.451,4.932,None,None,None,None,None,-19337000,None,0.142,None,1603967000,2025-10-28,quarterly,2.84,USD,pre-market,1554000,2637427000,0.064,0.135,0.144,59.61,239696000,595459000,272067000,175140000,275.45,291.4,7.1698,3588884000,1164722000,579014000,1462343000,2424162000,883329000,2895327000,2126541000,34.73,-785053000,311.21,213.97
2025-12-28,VMC,8.47,7882200000.0,34.73,None,1.064,66.17,64436000,None,275138000,275138000,-134049000,-43453000,None,None,None,None,None,None,139705000,104085000,None,2186513000,2186513000,142221000,None,None,476370000,None,None,222868000,57564000,1.93,0.0066,29183000,29183000,None,0.808,0.19,476836000,699704000,2.65,2005-12-31,30.3,617083000,2224900000.0,708814000,480237000,136402000,617083000,617083000,None,0,None,197752000,None,None,323392000,None,None,90643000,None,None,None,0.236,199046000,231978000,476836000,40322000,164726000,None,None,None,None,None,None,None,2.193,4.451,4.932,None,None,None,None,None,-105354000,None,0.142,None,1603967000,2025-10-28,quarterly,2.84,USD,pre-market,1554000,2637427000,0.064,0.135,0.144,59.61,239696000,595459000,272067000,175140000,275.45,291.4,7.1698,3588884000,1164722000,579014000,1462343000,2424162000,883329000,2895327000,2126541000,34.73,-785053000,311.21,213.97
2025-12-28,VMC,8.47,7882200000.0,34.73,None,1.064,66.17,51085000,None,275138000,275138000,-73688000,-18923000,None,None,None,None,None,None,139705000,104085000,None,2186513000,2186513000,142221000,None,None,476370000,None,None,222868000,55753000,1.93,0.0066,29610000,29610000,None,0.808,0.19,476836000,699704000,2.65,2005-09-30,30.3,617083000,2224900000.0,708814000,480237000,136402000,617083000,617083000,None,0,None,197752000,None,None,323392000,None,None,122216000,None,None,None,0.236,60071000,231978000,476836000,40322000,164726000,None,None,None,None,None,None,None,2.193,4.451,4.932,None,None,None,None,None,-54120000,None,0.142,None,1603967000,2025-10-28,quarterly,2.84,USD,pre-market,1554000,2637427000,0.064,0.135,0.144,59.61,239696000,595459000,272067000,175140000,275.45,291.4,7.1698,3588884000,1164722000,579014000,1462343000,2424162000,883329000,2895327000,2126541000,34.73,-785053000,311.21,213.97
2025-12-28,VMC,8.47,7882200000.0,34.73,None,1.064,66.17,603500000,None,275138000,275138000,1056900000,-2814900000,None,None,-27400000,None,None,None,139705000,104085000,None,2186513000,2186513000,142221000,None,None,476370000,None,None,222868000,632200000,1.93,0.0066,244400000,244400000,None,0.808,0.19,476836000,699704000,2.65,2024-12-31,30.3,617083000,2224900000.0,708814000,480237000,136402000,617083000,617083000,None,0,None,197752000,None,None,323392000,None,None,913100000,None,None,None,0.236,1409600000,231978000,476836000,40322000,164726000,None,None,None,None,None,None,None,2.193,4.451,4.932,None,None,None,None,None,-68800000,None,0.142,None,1603967000,2025-10-28,annual,2.84,USD,pre-market,1554000,2637427000,0.064,0.135,0.144,59.61,239696000,595459000,272067000,175140000,275.45,291.4,7.1698,3588884000,1164722000,579014000,1462343000,2424162000,883329000,2895327000,2126541000,34.73,-785053000,311.21,213.97
2025-12-28,VMC,8.47,7882200000.0,34.73,None,1.064,66.17,872600000,None,275138000,275138000,-585600000,-163500000,None,None,-54600000,None,None,None,139705000,104085000,None,2186513000,2186513000,142221000,None,None,476370000,None,None,222868000,617000000,1.93,0.0066,228400000,228400000,None,0.808,0.19,476836000,699704000,2.65,2023-12-31,30.3,617083000,2224900000.0,708814000,480237000,136402000,617083000,617083000,None,0,None,197752000,None,None,323392000,None,None,914600000,None,None,None,0.236,1536800000,231978000,476836000,40322000,164726000,None,None,None,None,None,None,None,2.193,4.451,4.932,None,None,None,None,None,-200000000,None,0.142,None,1603967000,2025-10-28,annual,2.84,USD,pre-market,1554000,2637427000,0.064,0.135,0.144,59.61,239696000,595459000,272067000,175140000,275.45,291.4,7.1698,3588884000,1164722000,579014000,1462343000,2424162000,883329000,2895327000,2126541000,34.73,-785053000,311.21,213.97
2025-12-28,VMC,8.47,7882200000.0,34.73,None,1.064,66.17,612600000,None,275138000,275138000,-175200000,-1053000000,-80000000,None,-49500000,None,None,-53300000,139705000,104085000,None,2186513000,2186513000,142221000,None,None,476370000,None,None,222868000,587500000,1.93,0.0066,212600000,212600000,None,0.808,0.19,476836000,699704000,2.65,2022-12-31,30.3,617083000,2224900000.0,708814000,480237000,136402000,617083000,617083000,None,0,None,197752000,None,None,323392000,None,None,576500000,None,None,None,0.236,1148200000,231978000,476836000,40322000,164726000,None,None,None,None,None,None,None,2.193,4.451,4.932,None,None,None,None,None,-49900000,None,0.142,None,1603967000,2025-10-28,annual,2.84,USD,pre-market,1554000,2637427000,0.064,0.135,0.144,59.61,239696000,595459000,272067000,175140000,275.45,291.4,7.1698,3588884000,1164722000,579014000,1462343000,2424162000,883329000,2895327000,2126541000,34.73,-785053000,311.21,213.97
2025-12-28,VMC,8.47,7882200000.0,34.73,None,1.064,66.17,451300000,None,275138000,275138000,-94300000,-1874100000,-956500000,None,8300000,None,None,-42000000,139705000,104085000,None,2186513000,2186513000,142221000,None,None,476370000,None,None,222868000,342900000,1.93,0.0066,196400000,196400000,None,0.808,0.19,476836000,699704000,2.65,2021-12-31,30.3,617083000,2224900000.0,708814000,480237000,136402000,617083000,617083000,None,0,None,197752000,None,None,323392000,None,None,670400000,None,None,None,0.236,1011900000,231978000,476836000,40322000,164726000,None,None,None,None,None,None,None,2.193,4.451,4.932,None,None,None,None,None,-19100000,None,0.142,None,1603967000,2025-10-28,annual,2.84,USD,pre-market,1554000,2637427000,0.064,0.135,0.144,59.61,239696000,595459000,272067000,175140000,275.45,291.4,7.1698,3588884000,1164722000,579014000,1462343000,2424162000,883329000,2895327000,2126541000,34.73,-785053000,311.21,213.97
2025-12-28,VMC,8.47,7882200000.0,34.73,None,1.064,66.17,362194000,None,275138000,275138000,234662000,-381514000,923507000,None,9801000,None,None,13413000,139705000,104085000,None,2186513000,2186513000,142221000,None,None,476370000,None,None,222868000,392809000,1.93,0.0066,180216000,180216000,None,0.808,0.19,476836000,699704000,2.65,2020-12-31,30.3,617083000,2224900000.0,708814000,480237000,136402000,617083000,617083000,None,0,None,197752000,None,None,323392000,None,None,584480000,None,None,None,0.236,1070359000,231978000,476836000,40322000,164726000,None,None,None,None,None,None,None,2.193,4.451,4.932,None,None,None,None,None,-26132000,None,0.142,None,1603967000,2025-10-28,annual,2.84,USD,pre-market,1554000,2637427000,0.064,0.135,0.144,59.61,239696000,595459000,272067000,175140000,275.45,291.4,7.1698,3588884000,1164722000,579014000,1462343000,2424162000,883329000,2895327000,2126541000,34.73,-785053000,311.21,213.97
2025-12-28,VMC,8.47,7882200000.0,34.73,None,1.064,66.17,384094000,None,275138000,275138000,-338183000,-415837000,230102000,None,-28273000,None,None,-29734000,139705000,104085000,None,2186513000,2186513000,142221000,None,None,476370000,None,None,222868000,350844000,1.93,0.0066,163973000,163973000,None,0.808,0.19,476836000,699704000,2.65,2019-12-31,30.3,617083000,2224900000.0,708814000,480237000,136402000,617083000,617083000,None,0,None,197752000,None,None,323392000,None,None,617662000,None,None,None,0.236,984122000,231978000,476836000,40322000,164726000,None,None,None,None,None,None,None,2.193,4.451,4.932,None,None,None,None,None,-2602000,None,0.142,None,1603967000,2025-10-28,annual,2.84,USD,pre-market,1554000,2637427000,0.064,0.135,0.144,59.61,239696000,595459000,272067000,175140000,275.45,291.4,7.1698,3588884000,1164722000,579014000,1462343000,2424162000,883329000,2895327000,2126541000,34.73,-785053000,311.21,213.97
2025-12-28,VMC,8.47,7882200000.0,34.73,None,1.064,66.17,469088000,None,275138000,275138000,-265128000,-669891000,-102242000,None,-34976000,None,None,63230000,139705000,104085000,None,2186513000,2186513000,142221000,None,None,476370000,None,None,222868000,331302000,1.93,0.0066,148109000,148109000,None,0.808,0.19,476836000,699704000,2.65,2018-12-31,30.3,617083000,2224900000.0,708814000,480237000,136402000,617083000,617083000,None,0,None,197752000,None,None,323392000,None,None,515805000,None,None,None,0.236,832777000,231978000,476836000,40322000,164726000,None,None,None,None,None,None,None,2.193,4.451,4.932,None,None,None,None,None,-133983000,None,0.142,None,1603967000,2025-10-28,annual,2.84,USD,pre-market,1554000,2637427000,0.064,0.135,0.144,59.61,239696000,595459000,272067000,175140000,275.45,291.4,7.1698,3588884000,1164722000,579014000,1462343000,2424162000,883329000,2895327000,2126541000,34.73,-785053000,311.21,213.97
2025-12-28,VMC,8.47,7882200000.0,34.73,None,1.064,66.17,459566000,None,275138000,275138000,503440000,-1269491000,-121373000,None,-14121000,None,None,-81561000,139705000,104085000,None,2186513000,2186513000,142221000,None,None,476370000,None,None,222868000,275208000,1.93,0.0066,132335000,132335000,None,0.808,0.19,476836000,699704000,2.65,2017-12-31,30.3,617083000,2224900000.0,708814000,480237000,136402000,617083000,617083000,None,0,None,197752000,None,None,323392000,None,None,601185000,None,None,None,0.236,644678000,231978000,476836000,40322000,164726000,None,None,None,None,None,None,None,2.193,4.451,4.932,None,None,None,None,None,-60303000,None,0.142,None,1603967000,2025-10-28,annual,2.84,USD,pre-market,1554000,2637427000,0.064,0.135,0.144,59.61,239696000,595459000,272067000,175140000,275.45,291.4,7.1698,3588884000,1164722000,579014000,1462343000,2424162000,883329000,2895327000,2126541000,34.73,-785053000,311.21,213.97
2025-12-28,VMC,8.47,7882200000.0,34.73,None,1.064,66.17,350148000,None,275138000,275138000,-304585000,-365077000,-25074000,None,1625000,None,None,-72763000,139705000,104085000,None,2186513000,2186513000,142221000,None,None,476370000,None,None,222868000,256069000,1.93,0.0066,106333000,106333000,None,0.808,0.19,476836000,699704000,2.65,2016-12-31,30.3,617083000,2224900000.0,708814000,480237000,136402000,617083000,617083000,None,0,None,197752000,None,None,323392000,None,None,419491000,None,None,None,0.236,644588000,231978000,476836000,40322000,164726000,None,None,None,None,None,None,None,2.193,4.451,4.932,None,None,None,None,None,-161463000,None,0.142,None,1603967000,2025-10-28,annual,2.84,USD,pre-market,1554000,2637427000,0.064,0.135,0.144,59.61,239696000,595459000,272067000,175140000,275.45,291.4,7.1698,3588884000,1164722000,579014000,1462343000,2424162000,883329000,2895327000,2126541000,34.73,-785053000,311.21,213.97
2025-12-28,VMC,8.47,7882200000.0,34.73,None,1.064,66.17,289262000,None,275138000,275138000,-50849000,-309742000,142787000,None,-20925000,None,None,-42164000,139705000,104085000,None,2186513000,2186513000,142221000,None,None,476370000,None,None,222868000,245172000,1.93,0.0066,53214000,53214000,None,0.808,0.19,476836000,699704000,2.65,2015-12-31,30.3,617083000,2224900000.0,708814000,480237000,136402000,617083000,617083000,None,0,None,197752000,None,None,323392000,None,None,221177000,None,None,None,0.236,503378000,231978000,476836000,40322000,164726000,None,None,None,None,None,None,None,2.193,4.451,4.932,None,None,None,None,None,-21475000,None,0.142,None,1603967000,2025-10-28,annual,2.84,USD,pre-market,1554000,2637427000,0.064,0.135,0.144,59.61,239696000,595459000,272067000,175140000,275.45,291.4,7.1698,3588884000,1164722000,579014000,1462343000,2424162000,883329000,2895327000,2126541000,34.73,-785053000,311.21,213.97
2025-12-28,VMC,8.47,7882200000.0,34.73,None,1.064,66.17,224852000,None,275138000,275138000,-551132000,238331000,-52465000,None,-5595000,None,None,-25118000,139705000,104085000,None,2186513000,2186513000,142221000,None,None,476370000,None,None,222868000,251155000,1.93,0.0066,28884000,28884000,None,0.808,0.19,476836000,699704000,2.65,2014-12-31,30.3,617083000,2224900000.0,708814000,480237000,136402000,617083000,617083000,None,0,None,197752000,None,None,323392000,None,None,204923000,None,None,None,0.236,260336000,231978000,476836000,40322000,164726000,None,None,None,None,None,None,None,2.193,4.451,4.932,None,None,None,None,None,116502000,None,0.142,None,1603967000,2025-10-28,annual,2.84,USD,pre-market,1554000,2637427000,0.064,0.135,0.144,59.61,239696000,595459000,272067000,175140000,275.45,291.4,7.1698,3588884000,1164722000,579014000,1462343000,2424162000,883329000,2895327000,2126541000,34.73,-785053000,311.21,213.97
2025-12-28,VMC,8.47,7882200000.0,34.73,None,1.064,66.17,275380000,None,275138000,275138000,-142049000,-296190000,-81740000,None,-7700000,None,None,-42260000,139705000,104085000,None,2186513000,2186513000,142221000,None,None,476370000,None,None,222868000,283395000,1.93,0.0066,5191000,5191000,None,0.808,0.19,476836000,699704000,2.65,2013-12-31,30.3,617083000,2224900000.0,708814000,480237000,136402000,617083000,617083000,None,0,None,197752000,None,None,323392000,None,None,24382000,None,None,None,0.236,356499000,231978000,476836000,40322000,164726000,None,None,None,None,None,None,None,2.193,4.451,4.932,None,None,None,None,None,165762000,None,0.142,None,1603967000,2025-10-28,annual,2.84,USD,pre-market,1554000,2637427000,0.064,0.135,0.144,59.61,239696000,595459000,272067000,175140000,275.45,291.4,7.1698,3588884000,1164722000,579014000,1462343000,2424162000,883329000,2895327000,2126541000,34.73,-785053000,311.21,213.97
2025-12-28,VMC,8.47,7882200000.0,34.73,None,1.064,66.17,93357000,None,275138000,275138000,-129235000,10399000,119639000,None,-9028000,None,None,17412000,139705000,104085000,None,2186513000,2186513000,142221000,None,None,476370000,None,None,222868000,313396000,1.93,0.0066,5183000,5183000,None,0.808,0.19,476836000,699704000,2.65,2012-12-31,30.3,617083000,2224900000.0,708814000,480237000,136402000,617083000,617083000,None,0,None,197752000,None,None,323392000,None,None,-52593000,None,None,None,0.236,238475000,231978000,476836000,40322000,164726000,None,None,None,None,None,None,None,2.193,4.451,4.932,None,None,None,None,None,10462000,None,0.142,None,1603967000,2025-10-28,annual,2.84,USD,pre-market,1554000,2637427000,0.064,0.135,0.144,59.61,239696000,595459000,272067000,175140000,275.45,291.4,7.1698,3588884000,1164722000,579014000,1462343000,2424162000,883329000,2895327000,2126541000,34.73,-785053000,311.21,213.97
2025-12-28,VMC,8.47,7882200000.0,34.73,None,1.064,66.17,98912000,None,275138000,275138000,-41266000,-19479000,108298000,None,-6927000,None,None,5035000,139705000,104085000,None,2186513000,2186513000,142221000,None,None,476370000,None,None,222868000,368797000,1.93,0.0066,98172000,98172000,None,0.808,0.19,476836000,699704000,2.65,2011-12-31,30.3,617083000,2224900000.0,708814000,480237000,136402000,617083000,617083000,None,0,None,197752000,None,None,323392000,None,None,-70778000,None,None,None,0.236,169043000,231978000,476836000,40322000,164726000,None,None,None,None,None,None,None,2.193,4.451,4.932,None,None,None,None,None,798962000,None,0.142,None,1603967000,2025-10-28,annual,2.84,USD,pre-market,1554000,2637427000,0.064,0.135,0.144,59.61,239696000,595459000,272067000,175140000,275.45,291.4,7.1698,3588884000,1164722000,579014000,1462343000,2424162000,883329000,2895327000,2126541000,34.73,-785053000,311.21,213.97
2025-12-28,VMC,8.47,7882200000.0,34.73,None,1.064,66.17,86324000,None,275138000,275138000,-89054000,-88376000,25276000,None,6708000,None,None,-49656000,139705000,104085000,None,2186513000,2186513000,142221000,None,None,476370000,None,None,222868000,288694000,1.93,0.0066,127792000,127792000,None,0.808,0.19,476836000,699704000,2.65,2010-12-31,30.3,617083000,2224900000.0,708814000,480237000,136402000,617083000,617083000,None,0,None,197752000,None,None,323392000,None,None,-96490000,None,None,None,0.236,202706000,231978000,476836000,40322000,164726000,None,None,None,None,None,None,None,2.193,4.451,4.932,None,None,None,None,None,519490000,None,0.142,None,1603967000,2025-10-28,annual,2.84,USD,pre-market,1554000,2637427000,0.064,0.135,0.144,59.61,239696000,595459000,272067000,175140000,275.45,291.4,7.1698,3588884000,1164722000,579014000,1462343000,2424162000,883329000,2895327000,2126541000,34.73,-785053000,311.21,213.97
2025-12-28,VMC,8.47,7882200000.0,34.73,None,1.064,66.17,109729000,None,275138000,275138000,-360962000,-80002000,12071000,None,39289000,None,None,79930000,139705000,104085000,None,2186513000,2186513000,142221000,None,None,476370000,None,None,222868000,337008000,1.93,0.0066,171468000,171468000,None,0.808,0.19,476836000,699704000,2.65,2009-12-31,30.3,617083000,2224900000.0,708814000,480237000,136402000,617083000,617083000,None,0,None,197752000,None,None,323392000,None,None,30314000,None,None,None,0.236,453035000,231978000,476836000,40322000,164726000,None,None,None,None,None,None,None,2.193,4.451,4.932,None,None,None,None,None,414987000,None,0.142,None,1603967000,2025-10-28,annual,2.84,USD,pre-market,1554000,2637427000,0.064,0.135,0.144,59.61,239696000,595459000,272067000,175140000,275.45,291.4,7.1698,3588884000,1164722000,579014000,1462343000,2424162000,883329000,2895327000,2126541000,34.73,-785053000,311.21,213.97
2025-12-28,VMC,8.47,7882200000.0,34.73,None,1.064,66.17,353196000,None,275138000,275138000,-270839000,-189040000,None,None,-7630000,None,None,None,139705000,104085000,None,2186513000,2186513000,142221000,None,None,476370000,None,None,222868000,389060000,1.93,0.0066,214783000,214783000,None,0.808,0.19,476836000,699704000,2.65,2008-12-31,30.3,617083000,2224900000.0,708814000,480237000,136402000,617083000,617083000,None,0,None,197752000,None,None,323392000,None,None,-4115000,None,None,None,0.236,435185000,231978000,476836000,40322000,164726000,None,None,None,None,None,None,None,2.193,4.451,4.932,None,None,None,None,None,None,None,0.142,None,1603967000,2025-10-28,annual,2.84,USD,pre-market,1554000,2637427000,0.064,0.135,0.144,59.61,239696000,595459000,272067000,175140000,275.45,291.4,7.1698,3588884000,1164722000,579014000,1462343000,2424162000,883329000,2895327000,2126541000,34.73,-785053000,311.21,213.97
2025-12-28,VMC,8.47,7882200000.0,34.73,None,1.064,66.17,483322000,None,275138000,275138000,2925813000,-3654299000,None,None,-29508000,None,None,None,139705000,104085000,None,2186513000,2186513000,142221000,None,None,476370000,None,None,222868000,271475000,1.93,0.0066,181315000,181315000,None,0.808,0.19,476836000,699704000,2.65,2007-12-31,30.3,617083000,2224900000.0,708814000,480237000,136402000,617083000,617083000,None,0,None,197752000,None,None,323392000,None,None,450910000,None,None,None,0.236,708144000,231978000,476836000,40322000,164726000,None,None,None,None,None,None,None,2.193,4.451,4.932,None,None,None,None,None,-4800000,None,0.142,None,1603967000,2025-10-28,annual,2.84,USD,pre-market,1554000,2637427000,0.064,0.135,0.144,59.61,239696000,595459000,272067000,175140000,275.45,291.4,7.1698,3588884000,1164722000,579014000,1462343000,2424162000,883329000,2895327000,2126541000,34.73,-785053000,311.21,213.97
2025-12-28,VMC,8.47,7882200000.0,34.73,None,1.064,66.17,435207000,None,275138000,275138000,-694250000,-105007000,None,None,-28552000,None,None,None,139705000,104085000,None,2186513000,2186513000,142221000,None,None,476370000,None,None,222868000,224696000,1.93,0.0066,144082000,144082000,None,0.808,0.19,476836000,699704000,2.65,2006-12-31,30.3,617083000,2224900000.0,708814000,480237000,136402000,617083000,617083000,None,0,None,197752000,None,None,323392000,None,None,467534000,None,None,None,0.236,579349000,231978000,476836000,40322000,164726000,None,None,None,None,None,None,None,2.193,4.451,4.932,None,None,None,None,None,-522801000,None,0.142,None,1603967000,2025-10-28,annual,2.84,USD,pre-market,1554000,2637427000,0.064,0.135,0.144,59.61,239696000,595459000,272067000,175140000,275.45,291.4,7.1698,3588884000,1164722000,579014000,1462343000,2424162000,883329000,2895327000,2126541000,34.73,-785053000,311.21,213.97
2025-12-28,VMC,8.47,7882200000.0,34.73,None,1.064,66.17,215646000,None,275138000,275138000,-320324000,-149172000,None,None,-6210000,None,None,None,139705000,104085000,None,2186513000,2186513000,142221000,None,None,476370000,None,None,222868000,220956000,1.93,0.0066,118229000,118229000,None,0.808,0.19,476836000,699704000,2.65,2005-12-31,30.3,617083000,2224900000.0,708814000,480237000,136402000,617083000,617083000,None,0,None,197752000,None,None,323392000,None,None,388757000,None,None,None,0.236,473184000,231978000,476836000,40322000,164726000,None,None,None,None,None,None,None,2.193,4.451,4.932,None,None,None,None,None,-228479000,None,0.142,None,1603967000,2025-10-28,annual,2.84,USD,pre-market,1554000,2637427000,0.064,0.135,0.144,59.61,239696000,595459000,272067000,175140000,275.45,291.4,7.1698,3588884000,1164722000,579014000,1462343000,2424162000,883329000,2895327000,2126541000,34.73,-785053000,311.21,213.97
