date,symbol,eps,revenue_ttm,pe_ratio,accumulateddepreciationamortizationppe,beta,book_value,capitalexpenditures,capitalleaseobligations,cashandcashequivalentsatcarryingvalue,cashandshortterminvestments,cashflowfromfinancing,cashflowfrominvestment,changeincashandcashequivalents,changeinexchangerate,changeininventory,changeinoperatingassets,changeinoperatingliabilities,changeinreceivables,commonstock,commonstocksharesoutstanding,comprehensiveincomenetoftax,costofgoodsandservicessold,costofrevenue,currentaccountspayable,currentdebt,currentlongtermdebt,currentnetreceivables,deferredrevenue,depreciation,depreciationandamortization,depreciationdepletionandamortization,dividendpayout,dividendpayoutcommonstock,dividendpayoutpreferredstock,earnings_growth_yoy,earnings_surprise,ebit,ebitda,estimated_eps,fiscaldateending,forward_pe,goodwill,gross_profit_ttm,grossprofit,incomebeforetax,incometaxexpense,intangibleassets,intangibleassetsexcludinggoodwill,interestanddebtexpense,interestexpense,interestincome,inventory,investmentincomenet,investments,longtermdebt,longtermdebtnoncurrent,longterminvestments,netincome,netincomefromcontinuingoperations,netinterestincome,noninterestincome,operating_margin_ttm,operatingcashflow,operatingexpenses,operatingincome,othercurrentassets,othercurrentliabilities,othernoncurrentassets,othernoncurrentliabilities,othernonoperatingincome,paymentsforoperatingactivities,paymentsforrepurchaseofcommonstock,paymentsforrepurchaseofequity,paymentsforrepurchaseofpreferredstock,peg_ratio,price_to_book,price_to_sales_ttm,proceedsfromissuanceofcommonstock,proceedsfromissuanceoflongtermdebtandcapitalsecuritiesnet,proceedsfromissuanceofpreferredstock,proceedsfromoperatingactivities,proceedsfromrepaymentsofshorttermdebt,proceedsfromrepurchaseofequity,proceedsfromsaleoftreasurystock,profit_margin,profitloss,propertyplantequipment,report_date,report_type,reported_eps,reportedcurrency,reporttime,researchanddevelopment,retainedearnings,return_on_assets_ttm,return_on_equity_ttm,revenue_growth_yoy,revenue_per_share_ttm,sellinggeneralandadministrative,shortlongtermdebttotal,shorttermdebt,shortterminvestments,sma_200,sma_50,surprise_pct,totalassets,totalcurrentassets,totalcurrentliabilities,totalliabilities,totalnoncurrentassets,totalnoncurrentliabilities,totalrevenue,totalshareholderequity,trailing_pe,treasurystock,week_52_high,week_52_low
1996-03-31,VRTX,,,,,,,,,,,,,,,,,,,,,,,,,,,,,,,,,,,,-0.04,,,-0.17,,,,,,,,,,,,,,,,,,,,,,,,,,,,,,,,,,,,,,,,,,,,,,,,,1996-04-25,,-0.21,,pre-market,,,,,,,,,,,,,-23.5294,,,,,,,,,,,,
1996-06-30,VRTX,,,,,,,,,,,,,,,,,,,,,,,,,,,,,,,,,,,,-0.03,,,-0.18,,,,,,,,,,,,,,,,,,,,,,,,,,,,,,,,,,,,,,,,,,,,,,,,,1996-07-26,,-0.21,,pre-market,,,,,,,,,,,,,-16.6667,,,,,,,,,,,,
1996-09-30,VRTX,,,,,,,,,,,,,,,,,,,,,,,,,,,,,,,,,,,,0.03,,,-0.19,,,,,,,,,,,,,,,,,,,,,,,,,,,,,,,,,,,,,,,,,,,,,,,,,1996-10-23,,-0.16,,pre-market,,,,,,,,,,,,,15.7895,,,,,,,,,,,,
1996-12-31,VRTX,,,,,,,,,,,,,,,,,,,,,,,,,,,,,,,,,,,,0.07,,,-0.16,,,,,,,,,,,,,,,,,,,,,,,,,,,,,,,,,,,,,,,,,,,,,,,,,1997-02-19,,-0.09,,pre-market,,,,,,,,,,,,,43.75,,,,,,,,,,,,
1997-03-31,VRTX,,,,,,,,,,,,,,,,,,,,,,,,,,,,,,,,,,,,0.02,,,-0.15,,,,,,,,,,,,,,,,,,,,,,,,,,,,,,,,,,,,,,,,,,,,,,,,,1997-04-22,,-0.13,,pre-market,,,,,,,,,,,,,13.3333,,,,,,,,,,,,
1997-06-30,VRTX,,,,,,,,,,,,,,,,,,,,,,,,,,,,,,,,,,,,0.09,,,-0.12,,,,,,,,,,,,,,,,,,,,,,,,,,,,,,,,,,,,,,,,,,,,,,,,,1997-07-22,,-0.03,,pre-market,,,,,,,,,,,,,75.0,,,,,,,,,,,,
1997-09-30,VRTX,,,,,,,,,,,,,,,,,,,,,,,,,,,,,,,,,,,,0.03,,,-0.14,,,,,,,,,,,,,,,,,,,,,,,,,,,,,,,,,,,,,,,,,,,,,,,,,1997-10-21,,-0.11,,pre-market,,,,,,,,,,,,,21.4286,,,,,,,,,,,,
1997-12-31,VRTX,,,,,,,,,,,,,,,,,,,,,,,,,,,,,,,,,,,,0.02,,,-0.15,,,,,,,,,,,,,,,,,,,,,,,,,,,,,,,,,,,,,,,,,,,,,,,,,1998-02-23,,-0.13,,pre-market,,,,,,,,,,,,,13.3333,,,,,,,,,,,,
1998-03-31,VRTX,,,,,,,,,,,,,,,,,,,,,,,,,,,,,,,,,,,,0.0,,,-0.16,,,,,,,,,,,,,,,,,,,,,,,,,,,,,,,,,,,,,,,,,,,,,,,,,1998-04-22,,-0.16,,pre-market,,,,,,,,,,,,,0.0,,,,,,,,,,,,
1998-06-30,VRTX,,,,,,,,,,,,,,,,,,,,,,,,,,,,,,,,,,,,-0.04,,,-0.15,,,,,,,,,,,,,,,,,,,,,,,,,,,,,,,,,,,,,,,,,,,,,,,,,1998-07-22,,-0.19,,pre-market,,,,,,,,,,,,,-26.6667,,,,,,,,,,,,
1998-09-30,VRTX,,,,,,,,,,,,,,,,,,,,,,,,,,,,,,,,,,,,0.05,,,-0.09,,,,,,,,,,,,,,,,,,,,,,,,,,,,,,,,,,,,,,,,,,,,,,,,,1998-10-21,,-0.04,,pre-market,,,,,,,,,,,,,55.5556,,,,,,,,,,,,
1998-12-31,VRTX,,,,,,,,,,,,,,,,,,,,,,,,,,,,,,,,,,,,-0.04,,,-0.21,,,,,,,,,,,,,,,,,,,,,,,,,,,,,,,,,,,,,,,,,,,,,,,,,1999-02-25,,-0.25,,pre-market,,,,,,,,,,,,,-19.0476,,,,,,,,,,,,
1999-03-31,VRTX,,,,,,,,,,,,,,,,,,,,,,,,,,,,,,,,,,,,-0.04,,,-0.3,,,,,,,,,,,,,,,,,,,,,,,,,,,,,,,,,,,,,,,,,,,,,,,,,1999-04-21,,-0.34,,pre-market,,,,,,,,,,,,,-13.3333,,,,,,,,,,,,
1999-06-30,VRTX,,,,,,,,,,,,,,,,,,,,,,,,,,,,,,,,,,,,-0.02,,,-0.19,,,,,,,,,,,,,,,,,,,,,,,,,,,,,,,,,,,,,,,,,,,,,,,,,1999-07-27,,-0.21,,pre-market,,,,,,,,,,,,,-10.5263,,,,,,,,,,,,
1999-09-30,VRTX,,,,,,,,,,,,,,,,,,,,,,,,,,,,,,,,,,,,-0.03,,,-0.25,,,,,,,,,,,,,,,,,,,,,,,,,,,,,,,,,,,,,,,,,,,,,,,,,1999-10-27,,-0.28,,pre-market,,,,,,,,,,,,,-12.0,,,,,,,,,,,,
1999-12-31,VRTX,,,,,,,,,,,,,,,,,,,,,,,,,,,,,,,,,,,,0.02,,,0.01,,,,,,,,,,,,,,,,,,,,,,,,,,,,,,,,,,,,,,,,,,,,,,,,,2000-02-16,,0.03,,pre-market,,,,,,,,,,,,,200.0,,,,,,,,,,,,
2000-03-31,VRTX,,,,,,,,,,,,,,,,,,,,,,,,,,,,,,,,,,,,-0.02,,,-0.29,,,,,,,,,,,,,,,,,,,,,,,,,,,,,,,,,,,,,,,,,,,,,,,,,2000-05-11,,-0.31,,pre-market,,,,,,,,,,,,,-6.8966,,,,,,,,,,,,
2000-06-30,VRTX,,,,,,,,,,,,,,,,,,,,,,,,,,,,,,,,,,,,0.01,,,0.21,,,,,,,,,,,,,,,,,,,,,,,,,,,,,,,,,,,,,,,,,,,,,,,,,2000-07-26,,0.22,,pre-market,,,,,,,,,,,,,4.7619,,,,,,,,,,,,
2000-09-30,VRTX,,,,,,,,,,,,,,,,,,,,,,,,,,,,,,,,,,,,-0.24,,,-0.22,,,,,,,,,,,,,,,,,,,,,,,,,,,,,,,,,,,,,,,,,,,,,,,,,2000-10-24,,-0.46,,pre-market,,,,,,,,,,,,,-109.0909,,,,,,,,,,,,
2000-12-31,VRTX,,,,,,,,,,,,,,,,,,,,,,,,,,,,,,,,,,,,0.1,,,-0.14,,,,,,,,,,,,,,,,,,,,,,,,,,,,,,,,,,,,,,,,,,,,,,,,,2001-02-22,,-0.04,,pre-market,,,,,,,,,,,,,71.4286,,,,,,,,,,,,
2001-03-31,VRTX,,,,,,,,,,,,,,,,,,,,,,,,,,,,,,,,,,,,0.16,,,-0.31,,,,,,,,,,,,,,,,,,,,,,,,,,,,,,,,,,,,,,,,,,,,,,,,,2001-04-24,,-0.15,,pre-market,,,,,,,,,,,,,51.6129,,,,,,,,,,,,
2001-06-30,VRTX,,,,,,,,,,,,,,,,,,,,,,,,,,,,,,,,,,,,0.1,,,-0.26,,,,,,,,,,,,,,,,,,,,,,,,,,,,,,,,,,,,,,,,,,,,,,,,,2001-07-27,,-0.16,,pre-market,,,,,,,,,,,,,38.4615,,,,,,,,,,,,
2001-09-30,VRTX,,,,,,,,,,,,,,,,,,,,,,,,,,,,,,,,,,,,0.09,,,-0.27,,,,,,,,,,,,,,,,,,,,,,,,,,,,,,,,,,,,,,,,,,,,,,,,,2001-10-24,,-0.18,,pre-market,,,,,,,,,,,,,33.3333,,,,,,,,,,,,
2001-12-31,VRTX,,,,,,,,,,,,,,,,,,,,,,,,,,,,,,,,,,,,0.04,,,-0.19,,,,,,,,,,,,,,,,,,,,,,,,,,,,,,,,,,,,,,,,,,,,,,,,,2002-02-07,,-0.15,,pre-market,,,,,,,,,,,,,21.0526,,,,,,,,,,,,
2002-03-31,VRTX,,,,,,,,,,,,,,,,,,,,,,,,,,,,,,,,,,,,-0.01,,,-0.28,,,,,,,,,,,,,,,,,,,,,,,,,,,,,,,,,,,,,,,,,,,,,,,,,2002-04-24,,-0.29,,pre-market,,,,,,,,,,,,,-3.5714,,,,,,,,,,,,
2002-06-30,VRTX,,,,,,,,,,,,,,,,,,,,,,,,,,,,,,,,,,,,0.0,,,-0.28,,,,,,,,,,,,,,,,,,,,,,,,,,,,,,,,,,,,,,,,,,,,,,,,,2002-07-18,,-0.28,,pre-market,,,,,,,,,,,,,0.0,,,,,,,,,,,,
2002-09-30,VRTX,,,,,,,,,,,,,,,,,,,,,,,,,,,,,,,,,,,,-0.14,,,-0.3,,,,,,,,,,,,,,,,,,,,,,,,,,,,,,,,,,,,,,,,,,,,,,,,,2002-11-04,,-0.44,,pre-market,,,,,,,,,,,,,-46.6667,,,,,,,,,,,,
2002-12-31,VRTX,,,,,,,,,,,,,,,,,,,,,,,,,,,,,,,,,,,,0.0,,,-0.4,,,,,,,,,,,,,,,,,,,,,,,,,,,,,,,,,,,,,,,,,,,,,,,,,2003-02-04,,-0.4,,pre-market,,,,,,,,,,,,,0.0,,,,,,,,,,,,
2003-03-31,VRTX,,,,,,,,,,,,,,,,,,,,,,,,,,,,,,,,,,,,-0.16,,,-0.48,,,,,,,,,,,,,,,,,,,,,,,,,,,,,,,,,,,,,,,,,,,,,,,,,2003-04-24,,-0.64,,pre-market,,,,,,,,,,,,,-33.3333,,,,,,,,,,,,
2003-06-30,VRTX,,,,,,,,,,,,,,,,,,,,,,,,,,,,,,,,,,,,0.01,,,-0.61,,,,,,,,,,,,,,,,,,,,,,,,,,,,,,,,,,,,,,,,,,,,,,,,,2003-07-24,,-0.6,,pre-market,,,,,,,,,,,,,1.6393,,,,,,,,,,,,
2003-09-30,VRTX,,,,,,,,,,,,,,,,,,,,,,,,,,,,,,,,,,,,-0.09,,,-0.49,,,,,,,,,,,,,,,,,,,,,,,,,,,,,,,,,,,,,,,,,,,,,,,,,2003-11-10,,-0.58,,pre-market,,,,,,,,,,,,,-18.3673,,,,,,,,,,,,
2003-12-31,VRTX,,,,,,,,,,,,,,,,,,,,,,,,,,,,,,,,,,,,0.03,,,-0.54,,,,,,,,,,,,,,,,,,,,,,,,,,,,,,,,,,,,,,,,,,,,,,,,,2004-02-11,,-0.51,,pre-market,,,,,,,,,,,,,5.5556,,,,,,,,,,,,
2004-03-31,VRTX,,,,,,,,,,,,,,,,,,,,,,,,,,,,,,,,,,,,0.0,,,-0.52,,,,,,,,,,,,,,,,,,,,,,,,,,,,,,,,,,,,,,,,,,,,,,,,,2004-04-26,,-0.52,,pre-market,,,,,,,,,,,,,0.0,,,,,,,,,,,,
2004-06-30,VRTX,,,,,,,,,,,,,,,,,,,,,,,,,,,,,,,,,,,,-0.05,,,-0.51,,,,,,,,,,,,,,,,,,,,,,,,,,,,,,,,,,,,,,,,,,,,,,,,,2004-07-26,,-0.56,,pre-market,,,,,,,,,,,,,-9.8039,,,,,,,,,,,,
2004-09-30,VRTX,,,,,,,,,,,,,,,,,,,,,,,,,,,,,,,,,,,,-0.01,,,-0.48,,,,,,,,,,,,,,,,,,,,,,,,,,,,,,,,,,,,,,,,,,,,,,,,,2004-10-25,,-0.49,,pre-market,,,,,,,,,,,,,-2.0833,,,,,,,,,,,,
2004-12-31,VRTX,,,,,,,,,,,,,,,,,,,,,,,,,,,,,,,,,,,,-0.1,,,-0.44,,,,,,,,,,,,,,,,,,,,,,,,,,,,,,,,,,,,,,,,,,,,,,,,,2005-02-09,,-0.54,,pre-market,,,,,,,,,,,,,-22.7273,,,,,,,,,,,,
2005-03-31,VRTX,,,,,,,,,,,,,,,,,,,,,,,,,,,,,,,,,,,,0.0,,,-0.56,,,,,,,,,,,,,,,,,,,,,,,,,,,,,,,,,,,,,,,,,,,,,,,,,2005-04-26,,-0.56,,pre-market,,,,,,,,,,,,,0.0,,,,,,,,,,,,
2005-06-30,VRTX,,,,,,,,,,,,,,,,,,,,,,,,,,,,,,,,,,,,0.01,,,-0.51,,,,,,,,,,,,,,,,,,,,,,,,,,,,,,,,,,,,,,,,,,,,,,,,,2005-07-27,,-0.5,,pre-market,,,,,,,,,,,,,1.9608,,,,,,,,,,,,
2005-09-30,VRTX,,,,,,,,,,,,,,,,,,,,,,,,,,,,,,,,,,,,-0.37,,,-0.47,,,,,,,,,,,,,,,,,,,,,,,,,,,,,,,,,,,,,,,,,,,,,,,,,2005-10-26,,-0.84,,pre-market,,,,,,,,,,,,,-78.7234,,,,,,,,,,,,
2005-12-31,VRTX,,,,,,,,,,,,,,,,,,,,,,,,,,,,,,,,,,,,-0.15,,,-0.23,,,,,,,,,,,,,,,,,,,,,,,,,,,,,,,,,,,,,,,,,,,,,,,,,2006-02-07,,-0.38,,pre-market,,,,,,,,,,,,,-65.2174,,,,,,,,,,,,
2006-03-31,VRTX,,,,,,,,,,,,,,,,,,,,,,,,,,,,,,,,,,,,0.09,,,-0.56,,,,,,,,,,,,,,,,,,,,,,,,,,,,,,,,,,,,,,,,,,,,,,,,,2006-04-25,,-0.47,,pre-market,,,,,,,,,,,,,16.0714,,,,,,,,,,,,
2006-06-30,VRTX,,,,,,,,,,,,,,,,,,,,,,,,,,,,,,,,,,,,-0.2,,,-0.52,,,,,,,,,,,,,,,,,,,,,,,,,,,,,,,,,,,,,,,,,,,,,,,,,2006-07-26,,-0.72,,pre-market,,,,,,,,,,,,,-38.4615,,,,,,,,,,,,
2006-09-30,VRTX,,,,,,,,,,,,,,,,,,,,,,,,,,,,,,,,,,,,0.02,,,-0.48,,,,,,,,,,,,,,,,,,,,,,,,,,,,,,,,,,,,,,,,,,,,,,,,,2006-10-26,,-0.46,,pre-market,,,,,,,,,,,,,4.1667,,,,,,,,,,,,
2006-12-31,VRTX,,,,,,,,,,,,,,,,,,,,,,,,,,,,,,,,,,,,0.16,,,-0.38,,,,,,,,,,,,,,,,,,,,,,,,,,,,,,,,,,,,,,,,,,,,,,,,,2007-02-01,,-0.22,,pre-market,,,,,,,,,,,,,42.1053,,,,,,,,,,,,
2007-03-31,VRTX,,,,,,,,,,,,,,,,,,,,,,,,,,,,,,,,,,,,0.0,,,-0.64,,,,,,,,,,,,,,,,,,,,,,,,,,,,,,,,,,,,,,,,,,,,,,,,,2007-04-30,,-0.64,,pre-market,,,,,,,,,,,,,0.0,,,,,,,,,,,,
2007-06-30,VRTX,,,,,,,,,,,,,,,,,,,,,,,,,,,,,,,,,,,,-0.22,,,-0.69,,,,,,,,,,,,,,,,,,,,,,,,,,,,,,,,,,,,,,,,,,,,,,,,,2007-07-24,,-0.91,,pre-market,,,,,,,,,,,,,-31.8841,,,,,,,,,,,,
2007-09-30,VRTX,,,,,,,,,,,,,,,,,,,,,,,,,,,,,,,,,,,,-0.09,,,-0.73,,,,,,,,,,,,,,,,,,,,,,,,,,,,,,,,,,,,,,,,,,,,,,,,,2007-10-29,,-0.82,,pre-market,,,,,,,,,,,,,-12.3288,,,,,,,,,,,,
2007-12-31,VRTX,,,,,,,,,,,,,,,,,,,,,,,,,,,,,,,,,,,,0.0,,,-0.66,,,,,,,,,,,,,,,,,,,,,,,,,,,,,,,,,,,,,,,,,,,,,,,,,2008-02-11,,-0.66,,pre-market,,,,,,,,,,,,,0.0,,,,,,,,,,,,
2008-03-31,VRTX,,,,,,,,,,,,,,,,,,,,,,,,,,,,,,,,,,,,-0.07,,,-0.65,,,,,,,,,,,,,,,,,,,,,,,,,,,,,,,,,,,,,,,,,,,,,,,,,2008-04-21,,-0.72,,pre-market,,,,,,,,,,,,,-10.7692,,,,,,,,,,,,
2008-06-30,VRTX,,,,,,,,,,,,,,,,,,,,,,,,,,,,,,,,,,,,-0.09,,,-0.57,,,,,,,,,,,,,,,,,,,,,,,,,,,,,,,,,,,,,,,,,,,,,,,,,2008-07-31,,-0.66,,pre-market,,,,,,,,,,,,,-15.7895,,,,,,,,,,,,
2008-09-30,VRTX,,,,,,,,,,,,,,,,,,,,,,,,,,,,,,,,,,,,-0.01,,,-0.92,,,,,,,,,,,,,,,,,,,,,,,,,,,,,,,,,,,,,,,,,,,,,,,,,2008-10-27,,-0.93,,pre-market,,,,,,,,,,,,,-1.087,,,,,,,,,,,,
2008-12-31,VRTX,,,,,,,,,,,,,,,,,,,,,,,,,,,,,,,,,,,,-0.03,,,-0.93,,,,,,,,,,,,,,,,,,,,,,,,,,,,,,,,,,,,,,,,,,,,,,,,,2009-02-09,,-0.96,,pre-market,,,,,,,,,,,,,-3.2258,,,,,,,,,,,,
2009-03-31,VRTX,,,,,,,,,,,,,,,,,,,,,,,,,,,,,,,,,,,,-0.22,,,-0.82,,,,,,,,,,,,,,,,,,,,,,,,,,,,,,,,,,,,,,,,,,,,,,,,,2009-04-16,,-1.04,,pre-market,,,,,,,,,,,,,-26.8293,,,,,,,,,,,,
2009-06-30,VRTX,,,,,,,,,,,,,,,,,,,,,,,,,,,,,,,,,,,,-0.15,,,-0.84,,,,,,,,,,,,,,,,,,,,,,,,,,,,,,,,,,,,,,,,,,,,,,,,,2009-08-05,,-0.99,,pre-market,,,,,,,,,,,,,-17.8571,,,,,,,,,,,,
2009-09-30,VRTX,,,,,,,,,,,,,,,,,,,,,,,,,,,,,,,,,,,,-0.02,,,-0.82,,,,,,,,,,,,,,,,,,,,,,,,,,,,,,,,,,,,,,,,,,,,,,,,,2009-10-26,,-0.84,,pre-market,,,,,,,,,,,,,-2.439,,,,,,,,,,,,
2009-12-31,VRTX,,,,,,,,,,,,,,,,,,,,,,,,,,,,,,,,,,,,0.0,,,-0.85,,,,,,,,,,,,,,,,,,,,,,,,,,,,,,,,,,,,,,,,,,,,,,,,,2010-02-04,,-0.85,,pre-market,,,,,,,,,,,,,0.0,,,,,,,,,,,,
2010-03-31,VRTX,,,,,,,,,,,,,,,,,,,,,,,,,,,,,,,,,,,,-0.03,,,-0.8,,,,,,,,,,,,,,,,,,,,,,,,,,,,,,,,,,,,,,,,,,,,,,,,,2010-04-21,,-0.83,,pre-market,,,,,,,,,,,,,-3.75,,,,,,,,,,,,
2010-06-30,VRTX,,,,,,,,,,,,,,,,,,,,,,,,,,,,,,,,,,,,-0.16,,,-0.84,,,,,,,,,,,,,,,,,,,,,,,,,,,,,,,,,,,,,,,,,,,,,,,,,2010-07-28,,-1.0,,pre-market,,,,,,,,,,,,,-19.0476,,,,,,,,,,,,
2010-09-30,VRTX,,,,,,,,,,,,,,,,,,,,,,,,,,,,,,,,,,,,-0.11,,,-0.93,,,,,,,,,,,,,,,,,,,,,,,,,,,,,,,,,,,,,,,,,,,,,,,,,2010-10-25,,-1.04,,pre-market,,,,,,,,,,,,,-11.828,,,,,,,,,,,,
2010-12-31,VRTX,,,,,,,,,,,,,,,,,,,,,,,,,,,,,,,,,,,,0.03,,,-0.93,,,,,,,,,,,,,,,,,,,,,,,,,,,,,,,,,,,,,,,,,,,,,,,,,2011-02-03,,-0.9,,pre-market,,,,,,,,,,,,,3.2258,,,,,,,,,,,,
2011-03-31,VRTX,,,,,,,,,,,,,,,,,,,,,,,,,,,,,,,,,,,,0.22,,,-1.09,,,,,,,,,,,,,,,,,,,,,,,,,,,,,,,,,,,,,,,,,,,,,,,,,2011-05-03,,-0.87,,pre-market,,,,,,,,,,,,,20.1835,,,,,,,,,,,,
2011-06-30,VRTX,,,,,,,,,,,,,,,,,,,,,,,,,,,,,,,,,,,,0.11,,,-0.96,,,,,,,,,,,,,,,,,,,,,,,,,,,,,,,,,,,,,,,,,,,,,,,,,2011-07-28,,-0.85,,pre-market,,,,,,,,,,,,,11.4583,,,,,,,,,,,,
2011-09-30,VRTX,,,,,,,,,,,,,,,,,,,,,,,,,,,,,,,,,,,,0.81,,,0.21,,,,,,,,,,,,,,,,,,,,,,,,,,,,,,,,,,,,,,,,,,,,,,,,,2011-10-27,,1.02,,pre-market,,,,,,,,,,,,,385.7143,,,,,,,,,,,,
2011-12-31,VRTX,,,,,,,,,,,,,,,,,,,,,,,,,,,,,,,,,,,,0.04,,,0.7,,,,,,,,,,,,,,,,,,,,,,,,,,,,,,,,,,,,,,,,,,,,,,,,,2012-02-02,,0.74,,pre-market,,,,,,,,,,,,,5.7143,,,,,,,,,,,,
2012-03-31,VRTX,,,,,,,,,,,,,,,,,,,,,,,,,,,,,,,,,,,,-0.13,,,0.56,,,,,,,,,,,,,,,,,,,,,,,,,,,,,,,,,,,,,,,,,,,,,,,,,2012-04-26,,0.43,,pre-market,,,,,,,,,,,,,-23.2143,,,,,,,,,,,,
2012-06-30,VRTX,,,,,,,,,,,,,,,,,,,,,,,,,,,,,,,,,,,,-0.52,,,0.58,,,,,,,,,,,,,,,,,,,,,,,,,,,,,,,,,,,,,,,,,,,,,,,,,2012-07-30,,0.06,,pre-market,,,,,,,,,,,,,-89.6552,,,,,,,,,,,,
2012-09-30,VRTX,,,,,,,,,,,,,,,,,,,,,,,,,,,,,,,,,,,,-0.47,,,0.2,,,,,,,,,,,,,,,,,,,,,,,,,,,,,,,,,,,,,,,,,,,,,,,,,2012-11-01,,-0.27,,pre-market,,,,,,,,,,,,,-235.0,,,,,,,,,,,,
2012-12-31,VRTX,,,,,,,,,,,,,,,,,,,,,,,,,,,,,,,,,,,,-0.01,,,-0.08,,,,,,,,,,,,,,,,,,,,,,,,,,,,,,,,,,,,,,,,,,,,,,,,,2013-01-29,,-0.09,,pre-market,,,,,,,,,,,,,-12.5,,,,,,,,,,,,
2013-03-31,VRTX,,,,,,,,,,,,,,,,,,,,,,,,,,,,,,,,,,,,0.07,,,-0.18,,,,,,,,,,,,,,,,,,,,,,,,,,,,,,,,,,,,,,,,,,,,,,,,,2013-04-30,,-0.11,,pre-market,,,,,,,,,,,,,38.8889,,,,,,,,,,,,
2013-06-30,VRTX,,,,,,,,,,,,,,,,,,,,,,,,,,,,,,,,,,,,-0.07,,,-0.19,,,,,,,,,,,,,,,,,,,,,,,,,,,,,,,,,,,,,,,,,,,,,,,,,2013-07-29,,-0.26,,pre-market,,,,,,,,,,,,,-36.8421,,,,,,,,,,,,
2013-09-30,VRTX,,,,,,,,,,,,,,,,,,,,,,,,,,,,,,,,,,,,-0.2,,,-0.34,,,,,,,,,,,,,,,,,,,,,,,,,,,,,,,,,,,,,,,,,,,,,,,,,2013-10-29,,-0.54,,pre-market,,,,,,,,,,,,,-58.8235,,,,,,,,,,,,
2013-12-31,VRTX,,,,,,,,,,,,,,,,,,,,,,,,,,,,,,,,,,,,0.74,,,-0.55,,,,,,,,,,,,,,,,,,,,,,,,,,,,,,,,,,,,,,,,,,,,,,,,,2014-01-29,,0.19,,pre-market,,,,,,,,,,,,,134.5455,,,,,,,,,,,,
2014-03-31,VRTX,,,,,,,,,,,,,,,,,,,,,,,,,,,,,,,,,,,,-0.32,,,-0.68,,,,,,,,,,,,,,,,,,,,,,,,,,,,,,,,,,,,,,,,,,,,,,,,,2014-05-01,,-1.0,,pre-market,,,,,,,,,,,,,-47.0588,,,,,,,,,,,,
2014-06-30,VRTX,,,,,,,,,,,,,,,,,,,,,,,,,,,,,,,,,,,,0.03,,,-0.71,,,,,,,,,,,,,,,,,,,,,,,,,,,,,,,,,,,,,,,,,,,,,,,,,2014-07-29,,-0.68,,pre-market,,,,,,,,,,,,,4.2254,,,,,,,,,,,,
2014-09-30,VRTX,,,,,,,,,,,,,,,,,,,,,,,,,,,,,,,,,,,,-0.1,,,-0.62,,,,,,,,,,,,,,,,,,,,,,,,,,,,,,,,,,,,,,,,,,,,,,,,,2014-10-28,,-0.72,,post-market,,,,,,,,,,,,,-16.129,,,,,,,,,,,,
2014-12-31,VRTX,,,,,,,,,,,,,,,,,,,,,,,,,,,,,,,,,,,,-0.09,,,-0.65,,,,,,,,,,,,,,,,,,,,,,,,,,,,,,,,,,,,,,,,,,,,,,,,,2015-01-28,,-0.74,,post-market,,,,,,,,,,,,,-13.8462,,,,,,,,,,,,
2015-03-31,VRTX,,,,,,,,,,,,,,,,,,,,,,,,,,,,,,,,,,,,-0.08,,,-0.75,,,,,,,,,,,,,,,,,,,,,,,,,,,,,,,,,,,,,,,,,,,,,,,,,2015-04-29,,-0.83,,post-market,,,,,,,,,,,,,-10.6667,,,,,,,,,,,,
2015-06-30,VRTX,,,,,,,,,,,,,,,,,,,,,,,,,,,,,,,,,,,,0.04,,,-0.58,,,,,,,,,,,,,,,,,,,,,,,,,,,,,,,,,,,,,,,,,,,,,,,,,2015-07-29,,-0.54,,post-market,,,,,,,,,,,,,6.8966,,,,,,,,,,,,
2015-09-30,VRTX,,,,,,,,,,,,,,,,,,,,,,,,,,,,,,,,,,,,0.15,,,-0.28,,,,,,,,,,,,,,,,,,,,,,,,,,,,,,,,,,,,,,,,,,,,,,,,,2015-10-28,,-0.13,,post-market,,,,,,,,,,,,,53.5714,,,,,,,,,,,,
2015-12-31,VRTX,,,,,,,,,,,,,,,,,,,,,,,,,,,,,,,,,,,,0.0,,,0.17,,,,,,,,,,,,,,,,,,,,,,,,,,,,,,,,,,,,,,,,,,,,,,,,,2016-01-27,,0.17,,post-market,,,,,,,,,,,,,0.0,,,,,,,,,,,,
2016-03-31,VRTX,,,,,,,,,,,,,,,,,,,,,,,,,,,,,,,,,,,,-0.2,,,0.29,,,,,,,,,,,,,,,,,,,,,,,,,,,,,,,,,,,,,,,,,,,,,,,,,2016-04-27,,0.09,,post-market,,,,,,,,,,,,,-68.9655,,,,,,,,,,,,
2016-06-30,VRTX,,,,,,,,,,,,,,,,,,,,,,,,,,,,,,,,,,,,0.03,,,0.21,,,,,,,,,,,,,,,,,,,,,,,,,,,,,,,,,,,,,,,,,,,,,,,,,2016-07-27,,0.24,,post-market,,,,,,,,,,,,,14.2857,,,,,,,,,,,,
2016-09-30,VRTX,,,,,,,,,,,,,,,,,,,,,,,,,,,,,,,,,,,,-0.02,,,0.18,,,,,,,,,,,,,,,,,,,,,,,,,,,,,,,,,,,,,,,,,,,,,,,,,2016-10-25,,0.16,,post-market,,,,,,,,,,,,,-11.1111,,,,,,,,,,,,
2016-12-31,VRTX,,,,,,,,,,,,,,,,,,,,,,,,,,,,,,,,,,,,0.06,,,0.29,,,,,,,,,,,,,,,,,,,,,,,,,,,,,,,,,,,,,,,,,,,,,,,,,2017-01-25,,0.35,,post-market,,,,,,,,,,,,,20.6897,,,,,,,,,,,,
2017-03-31,VRTX,,,,,,,,,,,,,,,,,,,,,,,,,,,,,,,,,,,,0.02,,,0.39,,,,,,,,,,,,,,,,,,,,,,,,,,,,,,,,,,,,,,,,,,,,,,,,,2017-04-27,,0.41,,post-market,,,,,,,,,,,,,5.1282,,,,,,,,,,,,
2017-06-30,VRTX,,,,,,,,,,,,,,,,,,,,,,,,,,,,,,,,,,,,0.04,,,0.35,,,,,,,,,,,,,,,,,,,,,,,,,,,,,,,,,,,,,,,,,,,,,,,,,2017-07-26,,0.39,,post-market,,,,,,,,,,,,,11.4286,,,,,,,,,,,,
2017-09-30,VRTX,,,,,,,,,,,,,,,,,,,,,,,,,,,,,,,,,,,,0.22,,,0.31,,,,,,,,,,,,,,,,,,,,,,,,,,,,,,,,,,,,,,,,,,,,,,,,,2017-10-25,,0.53,,post-market,,,,,,,,,,,,,70.9677,,,,,,,,,,,,
2017-12-31,VRTX,,,,,,,,,,,,,,,,,,,,,,,,,,,,,,,,,,,,0.08,,,0.53,,,,,,,,,,,,,,,,,,,,,,,,,,,,,,,,,,,,,,,,,,,,,,,,,2018-01-31,,0.61,,post-market,,,,,,,,,,,,,15.0943,,,,,,,,,,,,
2018-03-31,VRTX,,,,,,,,,,,,,,,,,,,,,,,,,,,,,,,,,,,,0.13,,,0.63,,,,,,,,,,,,,,,,,,,,,,,,,,,,,,,,,,,,,,,,,,,,,,,,,2018-04-26,,0.76,,pre-market,,,,,,,,,,,,,20.6349,,,,,,,,,,,,
2018-06-30,VRTX,,,,,,,,,,,,,,,,,,,,,,,,,,,,,,,,,,,,0.19,,,0.75,,,,,,,,,,,,,,,,,,,,,,,,,,,,,,,,,,,,,,,,,,,,,,,,,2018-07-25,,0.94,,post-market,,,,,,,,,,,,,25.3333,,,,,,,,,,,,
2018-09-30,VRTX,,,,,,,,,,,,,,,,,,,,,,,,,,,,,,,,,,,,0.07,,,1.02,,,,,,,,,,,,,,,,,,,,,,,,,,,,,,,,,,,,,,,,,,,,,,,,,2018-10-24,,1.09,,post-market,,,,,,,,,,,,,6.8627,,,,,,,,,,,,
2018-12-31,VRTX,,,,,,,,,,,,,,,,,,,,,,,,,,,,,,,,,,,,0.24,,,1.06,,,,,,,,,,,,,,,,,,,,,,,,,,,,,,,,,,,,,,,,,,,,,,,,,2019-02-05,,1.3,,post-market,,,,,,,,,,,,,22.6415,,,,,,,,,,,,
2019-03-31,VRTX,,,,,,,,,,,,,,,,,,,,,,,,,,,,,,,,,,,,0.17,,,0.97,,,,,,,,,,,,,,,,,,,,,,,,,,,,,,,,,,,,,,,,,,,,,,,,,2019-04-30,,1.14,,post-market,,,,,,,,,,,,,17.5258,,,,,,,,,,,,
2019-06-30,VRTX,,,,,,,,,,,,,,,,,,,,,,,,,,,,,,,,,,,,0.19,,,1.07,,,,,,,,,,,,,,,,,,,,,,,,,,,,,,,,,,,,,,,,,,,,,,,,,2019-07-31,,1.26,,post-market,,,,,,,,,,,,,17.757,,,,,,,,,,,,
2019-09-30,VRTX,,,,,,,,,,,,,,,,,,,,,,,,,,,,,,,,,,,,0.08,,,1.15,,,,,,,,,,,,,,,,,,,,,,,,,,,,,,,,,,,,,,,,,,,,,,,,,2019-10-30,,1.23,,post-market,,,,,,,,,,,,,6.9565,,,,,,,,,,,,
2019-12-31,VRTX,,,,,,,,,,,,,,,,,,,,,,,,,,,,,,,,,,,,0.49,,,1.21,,,,,,,,,,,,,,,,,,,,,,,,,,,,,,,,,,,,,,,,,,,,,,,,,2020-01-30,,1.7,,post-market,,,,,,,,,,,,,40.4959,,,,,,,,,,,,
2020-03-31,VRTX,,,,,,,,,,,,,,,,,,,,,,,,,,,,,,,,,,,,0.71,,,1.85,,,,,,,,,,,,,,,,,,,,,,,,,,,,,,,,,,,,,,,,,,,,,,,,,2020-04-29,,2.56,,post-market,,,,,,,,,,,,,38.3784,,,,,,,,,,,,
2020-06-30,VRTX,,,,,,,,,,,,,,,,,,,,,,,,,,,,,,,,,,,,0.54,,,2.07,,,,,,,,,,,,,,,,,,,,,,,,,,,,,,,,,,,,,,,,,,,,,,,,,2020-07-30,,2.61,,post-market,,,,,,,,,,,,,26.087,,,,,,,,,,,,
2020-09-30,VRTX,,,,,,,,,,,,,,,,,,,,,,,,,,,,,,,,,,,,0.3,,,2.34,,,,,,,,,,,,,,,,,,,,,,,,,,,,,,,,,,,,,,,,,,,,,,,,,2020-10-29,,2.64,,post-market,,,,,,,,,,,,,12.8205,,,,,,,,,,,,
2020-12-31,VRTX,,,,,,,,,,,,,,,,,,,,,,,,,,,,,,,,,,,,-0.08,,,2.59,,,,,,,,,,,,,,,,,,,,,,,,,,,,,,,,,,,,,,,,,,,,,,,,,2021-02-01,,2.51,,post-market,,,,,,,,,,,,,-3.0888,,,,,,,,,,,,
2021-03-31,VRTX,,,,,,,,,,,,,,,,,,,,,,,,,,,,,,,,,,,,0.29,,,2.69,,,,,,,,,,,,,,,,,,,,,,,,,,,,,,,,,,,,,,,,,,,,,,,,,2021-04-29,,2.98,,post-market,,,,,,,,,,,,,10.7807,,,,,,,,,,,,
2021-06-30,VRTX,,,,,,,,,,,,,,,,,,,,,,,,,,,,,,,,,,,,0.6,,,2.51,,,,,,,,,,,,,,,,,,,,,,,,,,,,,,,,,,,,,,,,,,,,,,,,,2021-07-29,,3.11,,post-market,,,,,,,,,,,,,23.9044,,,,,,,,,,,,
2021-09-30,VRTX,,,,,,,,,,,,,,,,,,,,,,,,,,,,,,,,,,,,0.48,,,3.08,,,,,,,,,,,,,,,,,,,,,,,,,,,,,,,,,,,,,,,,,,,,,,,,,2021-11-02,,3.56,,post-market,,,,,,,,,,,,,15.5844,,,,,,,,,,,,
2021-12-31,VRTX,,,,,,,,,,,,,,,,,,,,,,,,,,,,,,,,,,,,0.07,,,3.3,,,,,,,,,,,,,,,,,,,,,,,,,,,,,,,,,,,,,,,,,,,,,,,,,2022-01-26,,3.37,,post-market,,,,,,,,,,,,,2.1212,,,,,,,,,,,,
2022-03-31,VRTX,,,,,,,,,,,,,,,,,,,,,,,,,,,,,,,,,,,,0.03,,,3.49,,,,,,,,,,,,,,,,,,,,,,,,,,,,,,,,,,,,,,,,,,,,,,,,,2022-05-05,,3.52,,post-market,,,,,,,,,,,,,0.8596,,,,,,,,,,,,
2022-06-30,VRTX,,,,,,,,,,,,,,,,,,,,,,,,,,,,,,,,,,,,0.12,,,3.48,,,,,,,,,,,,,,,,,,,,,,,,,,,,,,,,,,,,,,,,,,,,,,,,,2022-08-04,,3.6,,post-market,,,,,,,,,,,,,3.4483,,,,,,,,,,,,
2022-09-30,VRTX,,,,,,,,,,,,,,,,,,,,,,,,,,,,,,,,,,,,0.37,,,3.64,,,,,,,,,,,,,,,,,,,,,,,,,,,,,,,,,,,,,,,,,,,,,,,,,2022-10-27,,4.01,,post-market,,,,,,,,,,,,,10.1648,,,,,,,,,,,,
2022-12-31,VRTX,,,,,,,,,,,,,,,,,,,,,,,,,,,,,,,,,,,,0.25,,,3.51,,,,,,,,,,,,,,,,,,,,,,,,,,,,,,,,,,,,,,,,,,,,,,,,,2023-02-07,,3.76,,post-market,,,,,,,,,,,,,7.1225,,,,,,,,,,,,
2023-03-31,VRTX,,,,,,,,,,,,,,,,,,,,,,,,,,,,,,,,,,,,0.05,,,3.0,,,,,,,,,,,,,,,,,,,,,,,,,,,,,,,,,,,,,,,,,,,,,,,,,2023-05-01,,3.05,,post-market,,,,,,,,,,,,,1.6667,,,,,,,,,,,,
2023-06-30,VRTX,,,,,,,,,,,,,,,,,,,,,,,,,,,,,,,,,,,,0.01,,,3.88,,,,,,,,,,,,,,,,,,,,,,,,,,,,,,,,,,,,,,,,,,,,,,,,,2023-08-01,,3.89,,post-market,,,,,,,,,,,,,0.2577,,,,,,,,,,,,
2023-09-30,VRTX,,,,,,,,,,,,,,,,,,,,,,,,,,,,,,,,,,,,0.11,,,3.97,,,,,,,,,,,,,,,,,,,,,,,,,,,,,,,,,,,,,,,,,,,,,,,,,2023-11-06,,4.08,,post-market,,,,,,,,,,,,,2.7708,,,,,,,,,,,,
2023-12-31,VRTX,,,,,,,,,,,,,,,,,,,,,,,,,,,,,,,,,,,,0.1,,,4.1,,,,,,,,,,,,,,,,,,,,,,,,,,,,,,,,,,,,,,,,,,,,,,,,,2024-02-05,,4.2,,post-market,,,,,,,,,,,,,2.439,,,,,,,,,,,,
2024-03-31,VRTX,,,,,,,,,,,,,,,,,,,,,,,,,,,,,,,,,,,,0.7,,,4.06,,,,,,,,,,,,,,,,,,,,,,,,,,,,,,,,,,,,,,,,,,,,,,,,,2024-05-06,,4.76,,post-market,,,,,,,,,,,,,17.2414,,,,,,,,,,,,
2024-06-30,VRTX,,,,,,,,,,,,,,,,,,,,,,,,,,,,,,,,,,,,-15.77,,,2.94,,,,,,,,,,,,,,,,,,,,,,,,,,,,,,,,,,,,,,,,,,,,,,,,,2024-08-01,,-12.83,,post-market,,,,,,,,,,,,,-536.3946,,,,,,,,,,,,
2024-09-30,VRTX,,,,,,,,,,,,,,,,,,,,,,,,,,,,,,,,,,,,0.25,,,4.13,,,,,,,,,,,,,,,,,,,,,,,,,,,,,,,,,,,,,,,,,,,,,,,,,2024-11-04,,4.38,,post-market,,,,,,,,,,,,,6.0533,,,,,,,,,,,,
2024-12-31,VRTX,,,,,,,,,,,,,,,,,,,,,,,,,,,,,,,,,,,,-0.04,,,4.02,,,,,,,,,,,,,,,,,,,,,,,,,,,,,,,,,,,,,,,,,,,,,,,,,2025-02-10,,3.98,,post-market,,,,,,,,,,,,,-0.995,,,,,,,,,,,,
2025-03-31,VRTX,,,,,,,,,,,,,,,,,,,,,,,,,,,,,,,,,,,,-0.23,,,4.29,,,,,,,,,,,,,,,,,,,,,,,,,,,,,,,,,,,,,,,,,,,,,,,,,2025-05-05,,4.06,,post-market,,,,,,,,,,,,,-5.3613,,,,,,,,,,,,
2025-06-30,VRTX,,,,,,,,,,,,,,,,,,,,,,,,,,,,,,,,,,,,0.27,,,4.25,,,,,,,,,,,,,,,,,,,,,,,,,,,,,,,,,,,,,,,,,,,,,,,,,2025-08-04,,4.52,,post-market,,,,,,,,,,,,,6.3529,,,,,,,,,,,,
2025-09-30,VRTX,,,,,,,,,,,,,,,,,,,,,,,,,,,,,,,,,,,,0.19,,,4.61,,,,,,,,,,,,,,,,,,,,,,,,,,,,,,,,,,,,,,,,,,,,,,,,,2025-11-10,,4.8,,post-market,,,,,,,,,,,,,4.1215,,,,,,,,,,,,
2025-12-28,VRTX,14.21,11723300000.0,32.58,,0.321,68.2,,,,,,,,,,,,,,,,,,,,,,,,,,,,,0.047,0.19,,,4.61,,24.27,,6180100000.0,,,,,,,,,,,,,,,,,,,0.403,,,,,,,,,,,,,0.58,6.1,10.12,,,,,,,,0.314,,,2025-11-10,,4.8,,post-market,,,0.12,0.223,0.11,45.68,,,,,440.65,433.26,4.1215,,,,,,,,,32.58,,519.68,362.5
2025-12-28,VRTX,14.21,11723300000.0,32.58,,0.321,68.2,,,,,,,,,,,,,,,None,414800000,414800000,,,,,,None,54000000,,,,,0.047,0.19,1302100000,1356100000,4.61,2025-09-30,24.27,,6180100000.0,2661600000,1298800000,215900000,,,None,3300000,125700000,,None,,,,,1082900000,1082900000,122400000,None,0.403,,1475400000,1186200000,,,,,None,,,,,0.58,6.1,10.12,,,,,,,,0.314,,,2025-11-10,quarterly,4.8,USD,post-market,1032200000,,0.12,0.223,0.11,45.68,445100000,,,,440.65,433.26,4.1215,,,,,,,3076400000,,32.58,,519.68,362.5
2025-12-28,VRTX,14.21,11723300000.0,32.58,,0.321,68.2,,,,,,,,,,,,,,,None,407500000,407500000,,,,,,None,51700000,,,,,0.047,0.19,1286700000,1338400000,4.61,2025-06-30,24.27,,6180100000.0,2557200000,1283000000,250100000,,,None,3700000,122400000,,None,,,,,1032900000,1032900000,118700000,None,0.403,,1406100000,1151100000,,,,,None,,,,,0.58,6.1,10.12,,,,,,,,0.314,,,2025-11-10,quarterly,4.8,USD,post-market,978400000,,0.12,0.223,0.11,45.68,424600000,,,,440.65,433.26,4.1215,,,,,,,2964700000,,32.58,,519.68,362.5
2025-12-28,VRTX,14.21,11723300000.0,32.58,,0.321,68.2,,,,,,,,,,,,,,,None,363000000,363000000,,,,,,None,48400000,,,,,0.047,0.19,733400000,781800000,4.61,2025-03-31,24.27,,6180100000.0,2407200000,730400000,84100000,,,None,3000000,120900000,,None,,,,,646300000,646300000,117900000,None,0.403,,1777100000,630100000,,,,,None,,,,,0.58,6.1,10.12,,,,,,,,0.314,,,2025-11-10,quarterly,4.8,USD,post-market,979700000,,0.12,0.223,0.11,45.68,396400000,,,,440.65,433.26,4.1215,,,,,,,2770200000,,32.58,,519.68,362.5
2025-12-28,VRTX,14.21,11723300000.0,32.58,,0.321,68.2,,,,,,,,,,,,,,,None,423400000,423400000,,,,,,None,46500000,,,,,0.047,0.19,1137900000,1184400000,4.61,2024-12-31,24.27,,6180100000.0,2488600000,1136500000,223500000,,,None,2800000,128200000,,None,,,,,913000000,913000000,125400000,None,0.403,,1462600000,1026000000,,,,,None,,,,,0.58,6.1,10.12,,,,,,,,0.314,,,2025-11-10,quarterly,4.8,USD,post-market,998700000,,0.12,0.223,0.11,45.68,377600000,,,,440.65,433.26,4.1215,,,,,,,2912000000,,32.58,,519.68,362.5
2025-12-28,VRTX,14.21,11723300000.0,32.58,,0.321,68.2,,,,,,,,,,,,,,,None,392600000,392600000,,,,,,None,53200000,,,,,0.047,0.19,1231600000,1284800000,4.61,2024-09-30,24.27,,6180100000.0,2379300000,1224100000,178700000,,,None,7500000,132200000,,None,,,,,1045400000,1045400000,124700000,None,0.403,,1263000000,1116300000,,,,,None,,,,,0.58,6.1,10.12,,,,,,,,0.314,,,2025-11-10,quarterly,4.8,USD,post-market,875900000,,0.12,0.223,0.11,45.68,371800000,,,,440.65,433.26,4.1215,,,,,,,2771900000,,32.58,,519.68,362.5
2025-12-28,VRTX,14.21,11723300000.0,32.58,,0.321,68.2,,,,,,,,,,,,,,,None,371900000,371900000,,,,,,None,54000000,,,,,0.047,0.19,-3381300000,-3327300000,4.61,2024-06-30,24.27,,6180100000.0,2273700000,-3391200000,202400000,,,None,9900000,156500000,,None,,,,,-3593600000,-3593600000,146600000,None,0.403,,5788400000,-3514700000,,,,,None,,,,,0.58,6.1,10.12,,,,,,,,0.314,,,2025-11-10,quarterly,4.8,USD,post-market,5415700000,,0.12,0.223,0.11,45.68,372200000,,,,440.65,433.26,4.1215,,,,,,,2645600000,,32.58,,519.68,362.5
2025-12-28,VRTX,14.21,11723300000.0,32.58,,0.321,68.2,,,,,,,,,,,,,,,None,342600000,342600000,,,,,,None,53500000,,,,,0.047,0.19,1289500000,1343000000,4.61,2024-03-31,24.27,,6180100000.0,2344600000,1279100000,179500000,,,None,10400000,181200000,,None,,,,,1099600000,1099600000,170800000,None,0.403,,1208500000,1139500000,,,,,None,,,,,0.58,6.1,10.12,,,,,,,,0.314,,,2025-11-10,quarterly,4.8,USD,post-market,865900000,,0.12,0.223,0.11,45.68,342700000,,,,440.65,433.26,4.1215,,,,,,,2687200000,,32.58,,519.68,362.5
2025-12-28,VRTX,14.21,11723300000.0,32.58,,0.321,68.2,,,,,,,,,,,,,,,None,368000000,368000000,,,,,,None,59000000,,,,,0.047,0.19,1158200000,1217200000,4.61,2023-12-31,24.27,,6180100000.0,2149700000,1147600000,178800000,,,None,10600000,179500000,,None,,,,,968800000,968800000,168900000,None,0.403,,1161200000,988500000,,,,,None,,,,,0.58,6.1,10.12,,,,,,,,0.314,,,2025-11-10,quarterly,4.8,USD,post-market,1351700000,,0.12,0.223,0.11,45.68,369100000,,,,440.65,433.26,4.1215,,,,,,,2517700000,,32.58,,519.68,362.5
2025-12-28,VRTX,14.21,11723300000.0,32.58,,0.321,68.2,,,,,,,,,,,,,,,None,318700000,318700000,,,,,,None,42100000,,,,,0.047,0.19,1190100000,1232200000,4.61,2023-09-30,24.27,,6180100000.0,2164800000,1179200000,143900000,,,None,10900000,167900000,,None,,,,,1035300000,1035300000,157000000,None,0.403,,1125500000,1038100000,,,,,None,,,,,0.58,6.1,10.12,,,,,,,,0.314,,,2025-11-10,quarterly,4.8,USD,post-market,861700000,,0.12,0.223,0.11,45.68,263800000,,,,440.65,433.26,4.1215,,,,,,,2483500000,,32.58,,519.68,362.5
2025-12-28,VRTX,14.21,11723300000.0,32.58,,0.321,68.2,,,,,,,,,,,,,,,None,308600000,308600000,,,,,,None,41400000,,,,,0.047,0.19,1172700000,1214100000,4.61,2023-06-30,24.27,,6180100000.0,2184600000,1161500000,245800000,,,None,11200000,144700000,,None,,,,,915700000,915700000,133500000,None,0.403,,1158800000,1026400000,,,,,146300000,,,,,0.58,6.1,10.12,,,,,,,,0.314,,,2025-11-10,quarterly,4.8,USD,post-market,896200000,,0.12,0.223,0.11,45.68,262000000,,,,440.65,433.26,4.1215,,,,,,,2493200000,,32.58,,519.68,362.5
2025-12-28,VRTX,14.21,11723300000.0,32.58,,0.321,68.2,,,,,,,,,,,,,,,None,266900000,266900000,,,,,,None,38800000,,,,,0.047,0.19,902900000,941700000,4.61,2023-03-31,24.27,,6180100000.0,2107900000,891500000,191700000,,,None,11400000,122600000,,None,,,,,699800000,699800000,111200000,None,0.403,,1328900000,779000000,,,,,123900000,,,,,0.58,6.1,10.12,,,,,,,,0.314,,,2025-11-10,quarterly,4.8,USD,post-market,742600000,,0.12,0.223,0.11,45.68,239200000,,,,440.65,433.26,4.1215,,,,,,,2374800000,,32.58,,519.68,362.5
2025-12-28,VRTX,14.21,11723300000.0,32.58,,0.321,68.2,,,,,,,,,,,,,,,None,283300000,283300000,,,,,,None,38400000,,,,,0.047,0.19,1088400000,1126800000,4.61,2022-12-31,24.27,,6180100000.0,2019400000,1076800000,257900000,,,None,11600000,86000000,,None,,,,,818900000,818900000,74400000,None,0.403,,985900000,1033500000,,,,,54900000,,,,,0.58,6.1,10.12,,,,,,,,0.314,,,2025-11-10,quarterly,4.8,USD,post-market,694100000,,0.12,0.223,0.11,45.68,269200000,,,,440.65,433.26,4.1215,,,,,,,2302700000,,32.58,,519.68,362.5
2025-12-28,VRTX,14.21,11723300000.0,32.58,,0.321,68.2,,,,,,,,,,,,,,,None,289400000,289400000,,,,,,None,36700000,,,,,0.047,0.19,1190100000,1226800000,4.61,2022-09-30,24.27,,6180100000.0,2044900000,1176400000,245900000,,,None,13700000,46200000,,None,,,,,930500000,930500000,32500000,None,0.403,,918200000,1126700000,,,,,63400000,,,,,0.58,6.1,10.12,,,,,,,,0.314,,,2025-11-10,quarterly,4.8,USD,post-market,645000000,,0.12,0.223,0.11,45.68,244200000,,,,440.65,433.26,4.1215,,,,,,,2334300000,,32.58,,519.68,362.5
2025-12-28,VRTX,14.21,11723300000.0,32.58,,0.321,68.2,,,,,,,,,,,,,,,None,261800000,261800000,,,,,,None,37300000,,,,,0.047,0.19,1039000000,1076300000,4.61,2022-06-30,24.27,,6180100000.0,1934400000,1024400000,213900000,,,None,14600000,10800000,,None,,,,,810500000,810500000,-3800000,None,0.403,,828100000,1106300000,,,,,-67300000,,,,,0.58,6.1,10.12,,,,,,,,0.314,,,2025-11-10,quarterly,4.8,USD,post-market,600100000,,0.12,0.223,0.11,45.68,166100000,,,,440.65,433.26,4.1215,,,,,,,2196200000,,32.58,,519.68,362.5
2025-12-28,VRTX,14.21,11723300000.0,32.58,,0.321,68.2,,,,,,,,,,,,,,,None,245800000,245800000,,,,,,None,35900000,,,,,0.047,0.19,969700000,1005600000,4.61,2022-03-31,24.27,,6180100000.0,1851700000,954800000,192700000,,,None,14900000,1600000,,None,,,,,762100000,762100000,-13300000,None,0.403,,810800000,1040900000,,,,,-71200000,,,,,0.58,6.1,10.12,,,,,,,,0.314,,,2025-11-10,quarterly,4.8,USD,post-market,603100000,,0.12,0.223,0.11,45.68,207700000,,,,440.65,433.26,4.1215,,,,,,,2097500000,,32.58,,519.68,362.5
2025-12-28,VRTX,14.21,11723300000.0,32.58,,0.321,68.2,,,,,,,,,,,,,,,None,247400000,247400000,,,,,,None,33832000,,,,,0.047,0.19,886000000,919832000,4.61,2021-12-31,24.27,,6180100000.0,1825200000,870900000,100800000,,,None,15100000,1200000,,None,,,,,770100000,770100000,-13900000,None,0.403,,949500000,877700000,,,,,8320000,,,,,0.58,6.1,10.12,,,,,,,,0.314,,,2025-11-10,quarterly,4.8,USD,post-market,694300000,,0.12,0.223,0.11,45.68,255200000,,,,440.65,433.26,4.1215,,,,,,,2072600000,,32.58,,519.68,362.5
2025-12-28,VRTX,14.21,11723300000.0,32.58,,0.321,68.2,,,,,,,,,,,,,,,None,236512000,236512000,,,,,,None,31696000,,,,,0.047,0.19,1097996000,1129692000,4.61,2021-09-30,24.27,,6180100000.0,1747652000,1082741000,230813000,,,None,15255000,1116000,,None,,,,,851928000,851928000,-14139000,None,0.403,,691940000,1054512000,,,,,43484000,,,,,0.58,6.1,10.12,,,,,,,,0.314,,,2025-11-10,quarterly,4.8,USD,post-market,493751000,,0.12,0.223,0.11,45.68,199389000,,,,440.65,433.26,4.1215,,,,,,,1984164000,,32.58,,519.68,362.5
2025-12-28,VRTX,14.21,11723300000.0,32.58,,0.321,68.2,,,,,,,,,,,,,,,None,227972000,227972000,,,,,,None,31300000,,,,,0.047,0.19,-28700000,2600000,4.61,2021-06-30,24.27,,6180100000.0,1565400000,-44200000,-111179000,,,None,15478000,1133000,,None,,,,,66924000,66924000,-14345000,None,0.403,,1603300000,-37900000,,,,,9184000,,,,,0.58,6.1,10.12,,,,,,,,0.314,,,2025-11-10,quarterly,4.8,USD,post-market,1407090000,,0.12,0.223,0.11,45.68,194669000,,,,440.65,433.26,4.1215,,,,,,,1793370000,,32.58,,519.68,362.5
2025-12-28,VRTX,14.21,11723300000.0,32.58,,0.321,68.2,,,,,,,,,,,,,,,None,192329000,192329000,,,,,,None,28834000,,,,,0.047,0.19,836638000,865472000,4.61,2021-03-31,24.27,,6180100000.0,1531976000,820960000,167822000,,,None,15678000,1465000,,None,,,,,653138000,653138000,-14213000,None,0.403,,648050000,887826000,,,,,-51188000,,,,,0.58,6.1,10.12,,,,,,,,0.314,,,2025-11-10,quarterly,4.8,USD,post-market,455973000,,0.12,0.223,0.11,45.68,192077000,,,,440.65,433.26,4.1215,,,,,,,1724305000,,32.58,,519.68,362.5
2025-12-28,VRTX,14.21,11723300000.0,32.58,,0.321,68.2,,,,,,,,,,,,,,,None,203101000,203101000,,,,,,None,29355000,,,,,0.047,0.19,904911000,934266000,4.61,2020-12-31,24.27,,6180100000.0,1424719000,888623000,284433000,,,None,16288000,2320000,,None,,,,,604190000,604190000,-13968000,None,0.403,,678427000,745792000,,,,,159119000,,,,,0.58,6.1,10.12,,,,,,,,0.314,,,2025-11-10,quarterly,4.8,USD,post-market,466584000,,0.12,0.223,0.11,45.68,211843000,,,,440.65,433.26,4.1215,,,,,,,1627820000,,32.58,,519.68,362.5
2025-12-28,VRTX,14.21,11723300000.0,32.58,,0.321,68.2,,,,,,,,,,,,,,,None,186182000,186182000,,,,,,None,26642000,,,,,0.047,0.19,759727000,786369000,4.61,2020-09-30,24.27,,6180100000.0,1352089000,745871000,78437000,,,None,13856000,3100000,,None,,,,,667434000,667434000,-10756000,None,0.403,,678048000,672241000,,,,,87486000,,,,,0.58,6.1,10.12,,,,,,,,0.314,,,2025-11-10,quarterly,4.8,USD,post-market,493497000,,0.12,0.223,0.11,45.68,184551000,,,,440.65,433.26,4.1215,,,,,,,1538271000,,32.58,,519.68,362.5
2025-12-28,VRTX,14.21,11723300000.0,32.58,,0.321,68.2,,,,,,,,,,,,,,,None,184520000,184520000,,,,,,None,26697000,,,,,0.047,0.19,838641000,865338000,4.61,2020-06-30,24.27,,6180100000.0,1339965000,824770000,-12500000,,,None,13871000,4243000,,None,,,,,837270000,837270000,-9628000,None,0.403,,621932000,718033000,,,,,120608000,,,,,0.58,6.1,10.12,,,,,,,,0.314,,,2025-11-10,quarterly,4.8,USD,post-market,420928000,,0.12,0.223,0.11,45.68,191804000,,,,440.65,433.26,4.1215,,,,,,,1524485000,,32.58,,519.68,362.5
2025-12-28,VRTX,14.21,11723300000.0,32.58,,0.321,68.2,,,,,,,,,,,,,,,None,162497000,162497000,,,,,,None,26821000,,,,,0.047,0.19,671670000,698491000,4.61,2020-03-31,24.27,,6180100000.0,1352610000,657534000,54781000,,,None,14136000,12576000,,None,,,,,602753000,602753000,-1560000,None,0.403,,630786000,720224000,,,,,-48554000,,,,,0.58,6.1,10.12,,,,,,,,0.314,,,2025-11-10,quarterly,4.8,USD,post-market,448528000,,0.12,0.223,0.11,45.68,182258000,,,,440.65,433.26,4.1215,,,,,,,1515107000,,32.58,,519.68,362.5
2025-12-28,VRTX,14.21,11723300000.0,32.58,,0.321,68.2,,,,,,,,,,,,,,,None,185012000,185012000,,,,,,None,26256000,,,,,0.047,0.19,691199000,717455000,4.61,2019-12-31,24.27,,6180100000.0,1228253000,676950000,93716000,,,None,14249000,12359000,,None,,,,,583234000,583234000,-1890000,None,0.403,,675288000,551465000,,,,,139734000,,,,,0.58,6.1,10.12,,,,,,,,0.314,,,2025-11-10,quarterly,4.8,USD,post-market,480011000,,0.12,0.223,0.11,45.68,195277000,,,,440.65,433.26,4.1215,,,,,,,1413265000,,32.58,,519.68,362.5
2025-12-28,VRTX,14.21,11723300000.0,32.58,,0.321,68.2,,,,,,,,,,,,,,,None,131914000,131914000,,,,,,None,25847000,,,,,0.047,0.19,85214000,111061000,4.61,2019-09-30,24.27,,6180100000.0,817914000,70666000,13148000,,,None,14548000,17628000,,None,,,,,57518000,57518000,3080000,None,0.403,,715622000,99333000,,,,,-14119000,,,,,0.58,6.1,10.12,,,,,,,,0.314,,,2025-11-10,quarterly,4.8,USD,post-market,555948000,,0.12,0.223,0.11,45.68,159674000,,,,440.65,433.26,4.1215,,,,,,,949828000,,32.58,,519.68,362.5
2025-12-28,VRTX,14.21,11723300000.0,32.58,,0.321,68.2,,,,,,,,,,,,,,,None,135740000,135740000,,,,,,None,27698000,,,,,0.047,0.19,341975000,369673000,4.61,2019-06-30,24.27,,6180100000.0,805553000,327138000,59711000,,,None,14837000,18076000,,None,,,,,267427000,267427000,3239000,None,0.403,,535593000,269960000,,,,,72015000,,,,,0.58,6.1,10.12,,,,,,,,0.314,,,2025-11-10,quarterly,4.8,USD,post-market,379091000,,0.12,0.223,0.11,45.68,156502000,,,,440.65,433.26,4.1215,,,,,,,941293000,,32.58,,519.68,362.5
2025-12-28,VRTX,14.21,11723300000.0,32.58,,0.321,68.2,,,,,,,,,,,,,,,None,95092000,95092000,,,,,,None,27140000,,,,,0.047,0.19,335033000,362173000,4.61,2019-03-31,24.27,,6180100000.0,763343000,320165000,51534000,,,None,14868000,3898000,,None,,,,,268631000,268631000,747000,None,0.403,,486535000,276808000,,,,,58225000,,,,,0.58,6.1,10.12,,,,,,,,0.314,,,2025-11-10,quarterly,4.8,USD,post-market,339490000,,0.12,0.223,0.11,45.68,147045000,,,,440.65,433.26,4.1215,,,,,,,858435000,,32.58,,519.68,362.5
2025-12-28,VRTX,14.21,11723300000.0,32.58,,0.321,68.2,,,,,,,,,,,,,,,None,122289000,122289000,,,,,,None,18826000,,,,,0.047,0.19,37270000,56096000,4.61,2018-12-31,24.27,,6180100000.0,747817000,32497000,-1492599000,,,None,4773000,None,,None,,,,,1550527000,1525059000,None,None,0.403,,591091000,127722000,,,,,-90452000,,,,,0.58,6.1,10.12,,,,,,,,0.314,,,2025-11-10,quarterly,4.8,USD,post-market,437881000,,0.12,0.223,0.11,45.68,153210000,,,,440.65,433.26,4.1215,,,,,,,870106000,,32.58,,519.68,362.5
2025-12-28,VRTX,14.21,11723300000.0,32.58,,0.321,68.2,,,,,,,,,,,,,,,None,111255000,111255000,,,,,,None,19192000,,,,,0.047,0.19,144654000,163846000,4.61,2018-09-30,24.27,,6180100000.0,673280000,136511000,8055000,,,None,8143000,None,,None,,,,,128746000,128411000,None,None,0.403,,467805000,205649000,,,,,-60995000,,,,,0.58,6.1,10.12,,,,,,,,0.314,,,2025-11-10,quarterly,4.8,USD,post-market,330510000,,0.12,0.223,0.11,45.68,137295000,,,,440.65,433.26,4.1215,,,,,,,784535000,,32.58,,519.68,362.5
2025-12-28,VRTX,14.21,11723300000.0,32.58,,0.321,68.2,,,,,,,,,,,,,,,None,104382000,104382000,,,,,,None,18059000,,,,,0.047,0.19,226697000,244756000,4.61,2018-06-30,24.27,,6180100000.0,647775000,216591000,10341000,,,None,18155000,None,,None,,,,,207360000,206291000,None,None,0.403,,474835000,172878000,,,,,53819000,,,,,0.58,6.1,10.12,,,,,,,,0.314,,,2025-11-10,quarterly,4.8,USD,post-market,337532000,,0.12,0.223,0.11,45.68,137303000,,,,440.65,433.26,4.1215,,,,,,,752157000,,32.58,,519.68,362.5
2025-12-28,VRTX,14.21,11723300000.0,32.58,,0.321,68.2,,,,,,,,,,,,,,,None,71613000,71613000,,,,,,None,16343000,,,,,0.047,0.19,225739000,242082000,4.61,2018-03-31,24.27,,6180100000.0,569186000,214642000,-12659000,,,None,16886000,None,,None,,,,,210263000,227342000,None,None,0.403,,440361000,128901000,,,,,96838000,,,,,0.58,6.1,10.12,,,,,,,,0.314,,,2025-11-10,quarterly,4.8,USD,post-market,310553000,,0.12,0.223,0.11,45.68,129808000,,,,440.65,433.26,4.1215,,,,,,,640799000,,32.58,,519.68,362.5
2025-12-28,VRTX,14.21,11723300000.0,32.58,,0.321,68.2,,,,,,,,,,,,,,,None,84052000,84052000,,,,,,None,16432000,,,,,0.047,0.19,124989000,141421000,4.61,2017-12-31,24.27,,6180100000.0,567582000,112442000,10257000,,,None,12547000,None,,None,,,,,100684000,102148000,None,None,0.403,,441458000,125737000,,,,,-748000,,,,,0.58,6.1,10.12,,,,,,,,0.314,,,2025-11-10,quarterly,4.8,USD,post-market,306664000,,0.12,0.223,0.11,45.68,134794000,,,,440.65,433.26,4.1215,,,,,,,651634000,,32.58,,519.68,362.5
2025-12-28,VRTX,14.21,11723300000.0,32.58,,0.321,68.2,,,,,,,,,,,,,,,None,72874000,72874000,,,,,,None,15225000,,,,,0.047,0.19,-403596000,-388371000,4.61,2017-09-30,24.27,,6180100000.0,505291000,-417170000,-125903000,,,None,13574000,None,,None,,,,,-102952000,-291267000,None,None,0.403,,575657000,-326043000,,,,,-77553000,,,,,0.58,6.1,10.12,,,,,,,,0.314,,,2025-11-10,quarterly,4.8,USD,post-market,454947000,,0.12,0.223,0.11,45.68,120710000,,,,440.65,433.26,4.1215,,,,,,,578165000,,32.58,,519.68,362.5
2025-12-28,VRTX,14.21,11723300000.0,32.58,,0.321,68.2,,,,,,,,,,,,,,,None,71205000,71205000,,,,,,None,14890000,,,,,0.047,0.19,50170000,65060000,4.61,2017-06-30,24.27,,6180100000.0,472930000,35506000,4337000,,,None,14664000,None,,None,,,,,17996000,31206000,None,None,0.403,,416700000,52707000,,,,,-2537000,,,,,0.58,6.1,10.12,,,,,,,,0.314,,,2025-11-10,quarterly,4.8,USD,post-market,289451000,,0.12,0.223,0.11,45.68,127249000,,,,440.65,433.26,4.1215,,,,,,,544135000,,32.58,,519.68,362.5
2025-12-28,VRTX,14.21,11723300000.0,32.58,,0.321,68.2,,,,,,,,,,,,,,,None,46988000,46988000,,,,,,None,14850000,,,,,0.047,0.19,270298000,285148000,4.61,2017-03-31,24.27,,6180100000.0,667730000,253533000,3985000,,,None,16765000,None,,None,,,,,247756000,249548000,None,None,0.403,,386889000,270842000,,,,,-544000,,,,,0.58,6.1,10.12,,,,,,,,0.314,,,2025-11-10,quarterly,4.8,USD,post-market,273563000,,0.12,0.223,0.11,45.68,113326000,,,,440.65,433.26,4.1215,,,,,,,714718000,,32.58,,519.68,362.5
2025-12-28,VRTX,14.21,11723300000.0,32.58,,0.321,68.2,,,,,,,,,,,,,,,None,60482000,60482000,,,,,,None,15451000,,,,,0.047,0.19,40745000,56196000,4.61,2016-12-31,24.27,,6180100000.0,398224000,20306000,-7453000,,,None,20439000,None,,None,,,,,32945000,27759000,None,None,0.403,,358360000,39640000,,,,,1105000,,,,,0.58,6.1,10.12,,,,,,,,0.314,,,2025-11-10,quarterly,4.8,USD,post-market,248452000,,0.12,0.223,0.11,45.68,109908000,,,,440.65,433.26,4.1215,,,,,,,458706000,,32.58,,519.68,362.5
2025-12-28,VRTX,14.21,11723300000.0,32.58,,0.321,68.2,,,,,,,,,,,,,,,None,54077000,54077000,,,,,,None,14569000,,,,,0.047,0.19,-18894000,-4325000,4.61,2016-09-30,24.27,,6180100000.0,359706000,-42034000,503000,,,None,20140000,None,,None,,,,,-41841000,-39537000,None,None,0.403,,381425000,-21727000,,,,,-167000,,,,,0.58,6.1,10.12,,,,,,,,0.314,,,2025-11-10,quarterly,4.8,USD,post-market,275370000,,0.12,0.223,0.11,45.68,106055000,,,,440.65,433.26,4.1215,,,,,,,413783000,,32.58,,519.68,362.5
2025-12-28,VRTX,14.21,11723300000.0,32.58,,0.321,68.2,,,,,,,,,,,,,,,None,45252000,45252000,,,,,,None,14963000,,,,,0.047,0.19,2134000,17097000,4.61,2016-06-30,24.27,,6180100000.0,386356000,-18021000,18130000,,,None,20155000,None,,None,,,,,-64525000,-36151000,None,None,0.403,,382660000,3353000,,,,,-1219000,,,,,0.58,6.1,10.12,,,,,,,,0.314,,,2025-11-10,quarterly,4.8,USD,post-market,271008000,,0.12,0.223,0.11,45.68,111652000,,,,440.65,433.26,4.1215,,,,,,,431608000,,32.58,,519.68,362.5
2025-12-28,VRTX,14.21,11723300000.0,32.58,,0.321,68.2,,,,,,,,,,,,,,,None,50649000,50649000,,,,,,None,16415000,,,,,0.047,0.19,-13643000,2772000,4.61,2016-03-31,24.27,,6180100000.0,347431000,-30617000,5485000,,,None,20698000,None,,None,,,,,-41631000,-36102000,None,None,0.403,,361074000,-14330000,,,,,4411000,,,,,0.58,6.1,10.12,,,,,,,,0.314,,,2025-11-10,quarterly,4.8,USD,post-market,255860000,,0.12,0.223,0.11,45.68,105214000,,,,440.65,433.26,4.1215,,,,,,,398080000,,32.58,,519.68,362.5
2025-12-28,VRTX,14.21,11723300000.0,32.58,,0.321,68.2,,,,,,,,,,,,,,,None,64415000,64415000,,,,,,None,15747000,,,,,0.047,0.19,-55394000,-39647000,4.61,2015-12-31,24.27,,6180100000.0,353520000,-77829000,-1379000,,,None,20654000,None,,None,,,,,-75512000,-74669000,None,None,0.403,,407483000,-55487000,,,,,-1690000,,,,,0.58,6.1,10.12,,,,,,,,0.314,,,2025-11-10,quarterly,4.8,USD,post-market,310429000,,0.12,0.223,0.11,45.68,96549000,,,,440.65,433.26,4.1215,,,,,,,417935000,,32.58,,519.68,362.5
2025-12-28,VRTX,14.21,11723300000.0,32.58,,0.321,68.2,,,,,,,,,,,,,,,None,31960000,31960000,,,,,,None,16168000,,,,,0.047,0.19,-71352000,-55184000,4.61,2015-09-30,24.27,,6180100000.0,277856000,-92486000,1330000,,,None,21134000,None,,None,,,,,-95149000,-93816000,None,None,0.403,,346056000,-70026000,,,,,-1326000,,,,,0.58,6.1,10.12,,,,,,,,0.314,,,2025-11-10,quarterly,4.8,USD,post-market,246284000,,0.12,0.223,0.11,45.68,99772000,,,,440.65,433.26,4.1215,,,,,,,309816000,,32.58,,519.68,362.5
2025-12-28,VRTX,14.21,11723300000.0,32.58,,0.321,68.2,,,,,,,,,,,,,,,None,16860000,16860000,,,,,,None,14065000,,,,,0.047,0.19,-169036000,-154971000,4.61,2015-06-30,24.27,,6180100000.0,149216000,-190861000,30131000,,,None,21111000,None,,None,,,,,-188848000,-220992000,None,None,0.403,,318252000,-171164000,,,,,1414000,,,,,0.58,6.1,10.12,,,,,,,,0.314,,,2025-11-10,quarterly,4.8,USD,post-market,223858000,,0.12,0.223,0.11,45.68,94394000,,,,440.65,433.26,4.1215,,,,,,,166076000,,32.58,,519.68,362.5
2025-12-28,VRTX,14.21,11723300000.0,32.58,,0.321,68.2,,,,,,,,,,,,,,,None,12307000,12307000,,,,,,None,16363000,,,,,0.047,0.19,-175257000,-158894000,4.61,2015-03-31,24.27,,6180100000.0,126202000,-198405000,299000,,,None,21307000,None,,None,,,,,-198606000,-198704000,None,None,0.403,,301459000,-171985000,,,,,-5113000,,,,,0.58,6.1,10.12,,,,,,,,0.314,,,2025-11-10,quarterly,4.8,USD,post-market,215599000,,0.12,0.223,0.11,45.68,85860000,,,,440.65,433.26,4.1215,,,,,,,138509000,,32.58,,519.68,362.5
2025-12-28,VRTX,14.21,11723300000.0,32.58,,0.321,68.2,,,,,,,,,,,,,,,None,14027000,14027000,,,,,,None,16336000,,,,,0.047,0.19,-157417000,-141081000,4.61,2014-12-31,24.27,,6180100000.0,130529000,-178594000,2043000,,,None,21177000,None,,None,,,,,-176656000,-179998000,None,None,0.403,,279990000,-153625000,,,,,-3792000,,,,,0.58,6.1,10.12,,,,,,,,0.314,,,2025-11-10,quarterly,4.8,USD,post-market,201463000,,0.12,0.223,0.11,45.68,78527000,,,,440.65,433.26,4.1215,,,,,,,144556000,,32.58,,519.68,362.5
2025-12-28,VRTX,14.21,11723300000.0,32.58,,0.321,68.2,,,,,,,,,,,,,,,None,14184000,14184000,,,,,,None,16961000,,,,,0.047,0.19,-146193000,-129232000,4.61,2014-09-30,24.27,,6180100000.0,164803000,-166577000,3419000,,,None,20384000,None,,None,,,,,-170060000,-169996000,None,None,0.403,,266163000,-142203000,,,,,-3990000,,,,,0.58,6.1,10.12,,,,,,,,0.314,,,2025-11-10,quarterly,4.8,USD,post-market,190939000,,0.12,0.223,0.11,45.68,75224000,,,,440.65,433.26,4.1215,,,,,,,178987000,,32.58,,519.68,362.5
2025-12-28,VRTX,14.21,11723300000.0,32.58,,0.321,68.2,,,,,,,,,,,,,,,None,17300000,17300000,,,,,,None,14172000,,,,,0.047,0.19,-195007000,-180835000,4.61,2014-06-30,24.27,,6180100000.0,121121000,-158689000,693000,,,None,15585000,None,,None,,,,,-159382000,-159382000,None,None,0.403,,302226000,-180835000,,,,,37731000,,,,,0.58,6.1,10.12,,,,,,,,0.314,,,2025-11-10,quarterly,4.8,USD,post-market,224780000,,0.12,0.223,0.11,45.68,77446000,,,,440.65,433.26,4.1215,,,,,,,138421000,,32.58,,519.68,362.5
2025-12-28,VRTX,14.21,11723300000.0,32.58,,0.321,68.2,,,,,,,,,,,,,,,None,15476000,15476000,,,,,,None,15788000,,,,,0.047,0.19,-215591000,-199803000,4.61,2014-03-31,24.27,,6180100000.0,102975000,-231654000,803000,,,None,15717000,None,,None,,,,,-232457000,-232457000,None,None,0.403,,313175000,-216388000,,,,,451000,,,,,0.58,6.1,10.12,,,,,,,,0.314,,,2025-11-10,quarterly,4.8,USD,post-market,238963000,,0.12,0.223,0.11,45.68,74212000,,,,440.65,433.26,4.1215,,,,,,,118451000,,32.58,,519.68,362.5
2025-12-28,VRTX,14.21,11723300000.0,32.58,,0.321,68.2,,,,,,,,,,,,,,,None,22264000,22264000,,,,,,None,17631000,,,,,0.047,0.19,-429036000,-411405000,4.61,2013-12-31,24.27,,6180100000.0,328893000,-340253000,-155704000,,,None,26730000,None,,None,,,,,44285000,-184549000,None,None,0.403,,324797000,-274162000,,,,,-43361000,,,,,0.58,6.1,10.12,,,,,,,,0.314,,,2025-11-10,quarterly,4.8,USD,post-market,249609000,,0.12,0.223,0.11,45.68,75188000,,,,440.65,433.26,4.1215,,,,,,,351157000,,32.58,,519.68,362.5
2025-12-28,VRTX,14.21,11723300000.0,32.58,,0.321,68.2,,,,,,,,,,,,,,,None,27339000,27339000,,,,,,None,9489000,,,,,0.047,0.19,-118805000,-109316000,4.61,2013-09-30,24.27,,6180100000.0,194361000,-129406000,-751000,,,None,95000,None,,None,,,,,-124125000,-128662000,None,None,0.403,,316371000,-134058000,,,,,4652000,,,,,0.58,6.1,10.12,,,,,,,,0.314,,,2025-11-10,quarterly,4.8,USD,post-market,228567000,,0.12,0.223,0.11,45.68,87754000,,,,440.65,433.26,4.1215,,,,,,,221700000,,32.58,,519.68,362.5
2025-12-28,VRTX,14.21,11723300000.0,32.58,,0.321,68.2,,,,,,,,,,,,,,,None,37931000,37931000,,,,,,None,10554000,,,,,0.047,0.19,-56960000,-46406000,4.61,2013-06-30,24.27,,6180100000.0,272819000,-63511000,-1799000,,,None,6551000,None,,None,,,,,-57165000,-61712000,None,None,0.403,,328976000,-56933000,,,,,-6578000,,,,,0.58,6.1,10.12,,,,,,,,0.314,,,2025-11-10,quarterly,4.8,USD,post-market,222455000,,0.12,0.223,0.11,45.68,106521000,,,,440.65,433.26,4.1215,,,,,,,310750000,,32.58,,519.68,362.5
2025-12-28,VRTX,14.21,11723300000.0,32.58,,0.321,68.2,,,,,,,,,,,,,,,None,42743000,42743000,,,,,,None,10691000,,,,,0.047,0.19,-439475000,-428784000,4.61,2013-03-31,24.27,,6180100000.0,285625000,-442940000,-130313000,,,None,4000000,None,,None,,,,,-308016000,-312627000,None,None,0.403,,310974000,-438288000,,,,,-4652000,,,,,0.58,6.1,10.12,,,,,,,,0.314,,,2025-11-10,quarterly,4.8,USD,post-market,218095000,,0.12,0.223,0.11,45.68,92879000,,,,440.65,433.26,4.1215,,,,,,,328368000,,32.58,,519.68,362.5
2025-12-28,VRTX,14.21,11723300000.0,32.58,,0.321,68.2,,,,,,,,,,,,,,,None,87715000,87715000,,,,,,None,12373000,,,,,0.047,0.19,-77282000,-64909000,4.61,2012-12-31,24.27,,6180100000.0,246279000,-80772000,-2696000,,,None,3296000,None,,None,,,,,-76148000,-78076000,None,None,0.403,,323561000,-77476000,,,,,497000,,,,,0.58,6.1,10.12,,,,,,,,0.314,,,2025-11-10,quarterly,4.8,USD,post-market,213109000,,0.12,0.223,0.11,45.68,110452000,,,,440.65,433.26,4.1215,,,,,,,333994000,,32.58,,519.68,362.5
2025-12-28,VRTX,14.21,11723300000.0,32.58,,0.321,68.2,,,,,,,,,,,,,,,None,38536000,38536000,,,,,,None,8593000,,,,,0.047,0.19,-375000,8218000,4.61,2012-09-30,24.27,,6180100000.0,297470000,-5112000,21355000,,,None,4041000,None,,None,,,,,-57543000,-26467000,None,None,0.403,,297845000,-1071000,,,,,519000,,,,,0.58,6.1,10.12,,,,,,,,0.314,,,2025-11-10,quarterly,4.8,USD,post-market,200161000,,0.12,0.223,0.11,45.68,97684000,,,,440.65,433.26,4.1215,,,,,,,336006000,,32.58,,519.68,362.5
2025-12-28,VRTX,14.21,11723300000.0,32.58,,0.321,68.2,,,,,,,,,,,,,,,None,114423000,114423000,,,,,,None,8665000,,,,,0.047,0.19,-10176000,-1511000,4.61,2012-06-30,24.27,,6180100000.0,303882000,-14405000,20063000,,,None,3635000,None,,None,,,,,-64931000,-34468000,None,None,0.403,,314058000,-10770000,,,,,560000,,,,,0.58,6.1,10.12,,,,,,,,0.314,,,2025-11-10,quarterly,4.8,USD,post-market,196544000,,0.12,0.223,0.11,45.68,117514000,,,,440.65,433.26,4.1215,,,,,,,418305000,,32.58,,519.68,362.5
2025-12-28,VRTX,14.21,11723300000.0,32.58,,0.321,68.2,,,,,,,,,,,,,,,None,39211000,39211000,,,,,,None,8560000,,,,,0.047,0.19,92008000,100568000,4.61,2012-03-31,24.27,,6180100000.0,399526000,87908000,32000,,,None,3741000,None,,None,,,,,91590000,87876000,None,None,0.403,,307517000,91649000,,,,,364000,,,,,0.58,6.1,10.12,,,,,,,,0.314,,,2025-11-10,quarterly,4.8,USD,post-market,196371000,,0.12,0.223,0.11,45.68,111146000,,,,440.65,433.26,4.1215,,,,,,,438737000,,32.58,,519.68,362.5
2025-12-28,VRTX,14.21,11723300000.0,32.58,,0.321,68.2,,,,,,,,,,,,,,,None,30127000,30127000,,,,,,None,9724000,,,,,0.047,0.19,223231000,232955000,4.61,2011-12-31,24.27,,6180100000.0,533213000,210801000,22660000,,,None,12430000,None,,None,,,,,158629000,188141000,None,None,0.403,,308319000,223902000,,,,,-671000,,,,,0.58,6.1,10.12,,,,,,,,0.314,,,2025-11-10,quarterly,4.8,USD,post-market,186438000,,0.12,0.223,0.11,45.68,121881000,,,,440.65,433.26,4.1215,,,,,,,563340000,,32.58,,519.68,362.5
2025-12-28,VRTX,14.21,11723300000.0,32.58,,0.321,68.2,,,,,,,,,,,,,,,None,38406000,38406000,,,,,,None,7750000,,,,,0.047,0.19,207669000,215419000,4.61,2011-09-30,24.27,,6180100000.0,620794000,200610000,-27842000,,,None,6982000,None,,None,,,,,221110000,228452000,None,None,0.403,,299706000,215707000,,,,,-8038000,,,,,0.58,6.1,10.12,,,,,,,,0.314,,,2025-11-10,quarterly,4.8,USD,post-market,189052000,,0.12,0.223,0.11,45.68,110654000,,,,440.65,433.26,4.1215,,,,,,,659200000,,32.58,,519.68,362.5
2025-12-28,VRTX,14.21,11723300000.0,32.58,,0.321,68.2,,,,,,,,,,,,,,,None,9306000,9306000,,,,,,None,8709000,,,,,0.047,0.19,-174599000,-165890000,4.61,2011-06-30,24.27,,6180100000.0,105118000,-174870000,24448000,,,None,6962000,None,,None,,,,,-174069000,-199318000,None,None,0.403,,270267000,-165890000,,,,,-2018000,,,,,0.58,6.1,10.12,,,,,,,,0.314,,,2025-11-10,quarterly,4.8,USD,post-market,172796000,,0.12,0.223,0.11,45.68,96663000,,,,440.65,433.26,4.1215,,,,,,,114424000,,32.58,,519.68,362.5
2025-12-28,VRTX,14.21,11723300000.0,32.58,,0.321,68.2,,,,,,,,,,,,,,,None,2666000,2666000,,,,,,None,8858000,,,,,0.047,0.19,-164095000,-155237000,4.61,2011-03-31,24.27,,6180100000.0,70996000,-176096000,8099000,,,None,10599000,None,,None,,,,,-176096000,-176096000,None,None,0.403,,230135000,-159899000,,,,,-4196000,,,,,0.58,6.1,10.12,,,,,,,,0.314,,,2025-11-10,quarterly,4.8,USD,post-market,158612000,,0.12,0.223,0.11,45.68,71523000,,,,440.65,433.26,4.1215,,,,,,,73662000,,32.58,,519.68,362.5
2025-12-28,VRTX,14.21,11723300000.0,32.58,,0.321,68.2,,,,,,,,,,,,,,,None,3049000,3049000,,,,,,None,8205000,,,,,0.047,0.19,-209666000,-201461000,4.61,2010-12-31,24.27,,6180100000.0,62475000,-170972000,-29274000,,,None,7686000,None,,None,,,,,-180392000,-180392000,None,None,0.403,,231366000,-166634000,,,,,-6072000,,,,,0.58,6.1,10.12,,,,,,,,0.314,,,2025-11-10,quarterly,4.8,USD,post-market,168888000,,0.12,0.223,0.11,45.68,62478000,,,,440.65,433.26,4.1215,,,,,,,65524000,,32.58,,519.68,362.5
2025-12-28,VRTX,14.21,11723300000.0,32.58,,0.321,68.2,,,,,,,,,,,,,,,None,3228000,3228000,,,,,,None,6758000,,,,,0.047,0.19,-206346000,-199588000,4.61,2010-09-30,24.27,,6180100000.0,20567000,-208957000,3477000,,,None,3458000,None,,None,,,,,-208957000,-208957000,None,None,0.403,,219289000,-199588000,,,,,-5418000,,,,,0.58,6.1,10.12,,,,,,,,0.314,,,2025-11-10,quarterly,4.8,USD,post-market,170434000,,0.12,0.223,0.11,45.68,48855000,,,,440.65,433.26,4.1215,,,,,,,23795000,,32.58,,519.68,362.5
2025-12-28,VRTX,14.21,11723300000.0,32.58,,0.321,68.2,,,,,,,,,,,,,,,None,3086000,3086000,,,,,,None,7912000,,,,,0.047,0.19,-177485000,-169573000,4.61,2010-06-30,24.27,,6180100000.0,28536000,-200006000,24633000,,,None,3199000,None,,None,,,,,-200006000,-200006000,None,None,0.403,,195997000,-169573000,,,,,-26750000,,,,,0.58,6.1,10.12,,,,,,,,0.314,,,2025-11-10,quarterly,4.8,USD,post-market,155082000,,0.12,0.223,0.11,45.68,40915000,,,,440.65,433.26,4.1215,,,,,,,31622000,,32.58,,519.68,362.5
2025-12-28,VRTX,14.21,11723300000.0,32.58,,0.321,68.2,,,,,,,,,,,,,,,None,3367000,3367000,,,,,,None,7584000,,,,,0.047,0.19,-159502000,-151918000,4.61,2010-03-31,24.27,,6180100000.0,19062000,-165271000,-1815000,,,None,3500000,None,,None,,,,,-165271000,-165271000,None,None,0.403,,178564000,-160282000,,,,,-1034000,,,,,0.58,6.1,10.12,,,,,,,,0.314,,,2025-11-10,quarterly,4.8,USD,post-market,143012000,,0.12,0.223,0.11,45.68,35552000,,,,440.65,433.26,4.1215,,,,,,,22429000,,32.58,,519.68,362.5
2025-12-28,VRTX,14.21,11723300000.0,32.58,,0.321,68.2,,,,,,,,,,,,,,,None,3647000,3647000,,,,,,None,8383000,,,,,0.047,0.19,-137562000,-129179000,4.61,2009-12-31,24.27,,6180100000.0,30242000,-642178000,-483534000,,,None,4562000,None,,None,,,,,-158644000,0,None,None,0.403,,167804000,-146719000,,,,,None,,,,,0.58,6.1,10.12,,,,,,,,0.314,,,2025-11-10,quarterly,4.8,USD,post-market,135230000,,0.12,0.223,0.11,45.68,32574000,,,,440.65,433.26,4.1215,,,,,,,33889000,,32.58,,519.68,362.5
2025-12-28,VRTX,14.21,11723300000.0,32.58,,0.321,68.2,,,,,,,,,,,,,,,None,3712000,3712000,,,,,,None,6815000,,,,,0.047,0.19,-147459000,-140644000,4.61,2009-09-30,24.27,,6180100000.0,21245000,-149565000,-4709000,,,None,1927000,None,,None,,,,,-149565000,0,None,None,0.403,,168704000,-148233000,,,,,None,,,,,0.58,6.1,10.12,,,,,,,,0.314,,,2025-11-10,quarterly,4.8,USD,post-market,132132000,,0.12,0.223,0.11,45.68,36572000,,,,440.65,433.26,4.1215,,,,,,,24957000,,32.58,,519.68,362.5
2025-12-28,VRTX,14.21,11723300000.0,32.58,,0.321,68.2,,,,,,,,,,,,,,,None,3267000,3267000,,,,,,None,7745000,,,,,0.047,0.19,-156060000,-148315000,4.61,2009-06-30,24.27,,6180100000.0,15797000,-171297000,7492000,,,None,3325000,None,,None,,,,,-171297000,0,None,None,0.403,,171857000,-157167000,,,,,None,,,,,0.58,6.1,10.12,,,,,,,,0.314,,,2025-11-10,quarterly,4.8,USD,post-market,139331000,,0.12,0.223,0.11,45.68,32526000,,,,440.65,433.26,4.1215,,,,,,,19064000,,32.58,,519.68,362.5
2025-12-28,VRTX,14.21,11723300000.0,32.58,,0.321,68.2,,,,,,,,,,,,,,,None,3576000,3576000,,,,,,None,7164000,,,,,0.047,0.19,-169057000,-161893000,4.61,2009-03-31,24.27,,6180100000.0,20403000,-162672000,10974000,,,None,3378000,None,,None,,,,,-162672000,0,None,None,0.403,,172101000,-161893000,,,,,None,,,,,0.58,6.1,10.12,,,,,,,,0.314,,,2025-11-10,quarterly,4.8,USD,post-market,143581000,,0.12,0.223,0.11,45.68,28520000,,,,440.65,433.26,4.1215,,,,,,,23979000,,32.58,,519.68,362.5
2025-12-28,VRTX,14.21,11723300000.0,32.58,,0.321,68.2,,,,,,,,,,,,,,,None,4215000,4215000,,,,,,None,8575000,,,,,0.047,0.19,-140222000,-131647000,4.61,2008-12-31,24.27,,6180100000.0,28596000,-143504000,2110000,,,None,3912000,None,,None,,,,,-142332000,0,None,None,0.403,,168818000,-141863000,,,,,None,,,,,0.58,6.1,10.12,,,,,,,,0.314,,,2025-11-10,quarterly,4.8,USD,post-market,144610000,,0.12,0.223,0.11,45.68,24208000,,,,440.65,433.26,4.1215,,,,,,,32811000,,32.58,,519.68,362.5
2025-12-28,VRTX,14.21,11723300000.0,32.58,,0.321,68.2,,,,,,,,,,,,,,,None,4194000,4194000,,,,,,None,7953000,,,,,0.047,0.19,-129743000,-121790000,4.61,2008-09-30,24.27,,6180100000.0,27415000,-130044000,301000,,,None,3812000,None,,None,,,,,-130044000,0,None,None,0.403,,157158000,-130628000,,,,,None,,,,,0.58,6.1,10.12,,,,,,,,0.314,,,2025-11-10,quarterly,4.8,USD,post-market,129968000,,0.12,0.223,0.11,45.68,27190000,,,,440.65,433.26,4.1215,,,,,,,31609000,,32.58,,519.68,362.5
2025-12-28,VRTX,14.21,11723300000.0,32.58,,0.321,68.2,,,,,,,,,,,,,,,None,3701000,3701000,,,,,,None,8170000,,,,,0.047,0.19,-90313000,-82143000,4.61,2008-06-30,24.27,,6180100000.0,65708000,-91321000,1008000,,,None,3833000,None,,None,,,,,-91321000,0,None,None,0.403,,156021000,-91481000,,,,,None,,,,,0.58,6.1,10.12,,,,,,,,0.314,,,2025-11-10,quarterly,4.8,USD,post-market,127132000,,0.12,0.223,0.11,45.68,28889000,,,,440.65,433.26,4.1215,,,,,,,69409000,,32.58,,519.68,362.5
2025-12-28,VRTX,14.21,11723300000.0,32.58,,0.321,68.2,,,,,,,,,,,,,,,None,3576000,3576000,,,,,,None,7498000,,,,,0.047,0.19,-98106000,-90608000,4.61,2008-03-31,24.27,,6180100000.0,38099000,-96154000,-1952000,,,None,1914000,None,,None,,,,,-96154000,0,None,None,0.403,,136205000,-98736000,,,,,None,,,,,0.58,6.1,10.12,,,,,,,,0.314,,,2025-11-10,quarterly,4.8,USD,post-market,114582000,,0.12,0.223,0.11,45.68,21623000,,,,440.65,433.26,4.1215,,,,,,,41675000,,32.58,,519.68,362.5
2025-12-28,VRTX,14.21,11723300000.0,32.58,,0.321,68.2,,,,,,,,,,,,,,,None,3672000,3672000,,,,,,None,7451000,,,,,0.047,0.19,-91472000,-84021000,4.61,2007-12-31,24.27,,6180100000.0,47320000,-92024000,-5721000,,,None,1791000,None,,None,,,,,-85751000,0,None,None,0.403,,138792000,-91748000,,,,,None,,,,,0.58,6.1,10.12,,,,,,,,0.314,,,2025-11-10,quarterly,4.8,USD,post-market,115340000,,0.12,0.223,0.11,45.68,23452000,,,,440.65,433.26,4.1215,,,,,,,50992000,,32.58,,519.68,362.5
2025-12-28,VRTX,14.21,11723300000.0,32.58,,0.321,68.2,,,,,,,,,,,,,,,None,3562000,3562000,,,,,,None,6835000,,,,,0.047,0.19,-112913000,-106078000,4.61,2007-09-30,24.27,,6180100000.0,37452000,-107033000,-5880000,,,None,494000,None,,None,,,,,-107033000,0,None,None,0.403,,150365000,-113795000,,,,,None,,,,,0.58,6.1,10.12,,,,,,,,0.314,,,2025-11-10,quarterly,4.8,USD,post-market,128949000,,0.12,0.223,0.11,45.68,21416000,,,,440.65,433.26,4.1215,,,,,,,41014000,,32.58,,519.68,362.5
2025-12-28,VRTX,14.21,11723300000.0,32.58,,0.321,68.2,,,,,,,,,,,,,,,None,3401000,3401000,,,,,,None,6852000,,,,,0.047,0.19,-124714000,-117862000,4.61,2007-06-30,24.27,,6180100000.0,34795000,-117767000,-6947000,,,None,570000,None,,None,,,,,-117767000,0,None,None,0.403,,159509000,-125620000,,,,,None,,,,,0.58,6.1,10.12,,,,,,,,0.314,,,2025-11-10,quarterly,4.8,USD,post-market,136187000,,0.12,0.223,0.11,45.68,23322000,,,,440.65,433.26,4.1215,,,,,,,38196000,,32.58,,519.68,362.5
2025-12-28,VRTX,14.21,11723300000.0,32.58,,0.321,68.2,,,,,,,,,,,,,,,None,3269000,3269000,,,,,,None,6321000,,,,,0.047,0.19,-83574000,-77253000,4.61,2007-03-31,24.27,,6180100000.0,65541000,-80728000,-2846000,,,None,1221000,None,,None,,,,,-80728000,0,None,None,0.403,,149115000,-88629000,,,,,None,,,,,0.58,6.1,10.12,,,,,,,,0.314,,,2025-11-10,quarterly,4.8,USD,post-market,132578000,,0.12,0.223,0.11,45.68,16537000,,,,440.65,433.26,4.1215,,,,,,,68810000,,32.58,,519.68,362.5
2025-12-28,VRTX,14.21,11723300000.0,32.58,,0.321,68.2,,,,,,,,,,,,,,,None,3177000,3177000,,,,,,None,6875000,,,,,0.047,0.19,-33907000,-27032000,4.61,2006-12-31,24.27,,6180100000.0,91077000,-206891000,-179547000,,,None,7955000,None,,None,,,,,-27344000,0,None,None,0.403,,124984000,-34933000,,,,,None,,,,,0.58,6.1,10.12,,,,,,,,0.314,,,2025-11-10,quarterly,4.8,USD,post-market,109146000,,0.12,0.223,0.11,45.68,15838000,,,,440.65,433.26,4.1215,,,,,,,94254000,,32.58,,519.68,362.5
2025-12-28,VRTX,14.21,11723300000.0,32.58,,0.321,68.2,,,,,,,,,,,,,,,None,3113000,3113000,,,,,,None,5934000,,,,,0.047,0.19,-60712000,-54778000,4.61,2006-09-30,24.27,,6180100000.0,50176000,-51802000,-8910000,,,None,1767000,None,,None,,,,,-51802000,0,None,None,0.403,,110888000,-62127000,,,,,None,,,,,0.58,6.1,10.12,,,,,,,,0.314,,,2025-11-10,quarterly,4.8,USD,post-market,96115000,,0.12,0.223,0.11,45.68,14773000,,,,440.65,433.26,4.1215,,,,,,,53289000,,32.58,,519.68,362.5
2025-12-28,VRTX,14.21,11723300000.0,32.58,,0.321,68.2,,,,,,,,,,,,,,,None,2885000,2885000,,,,,,None,6809000,,,,,0.047,0.19,-78779000,-71970000,4.61,2006-06-30,24.27,,6180100000.0,26841000,-77658000,-1121000,,,None,2357000,None,,None,,,,,-77658000,0,None,None,0.403,,105620000,-79222000,,,,,None,,,,,0.58,6.1,10.12,,,,,,,,0.314,,,2025-11-10,quarterly,4.8,USD,post-market,91250000,,0.12,0.223,0.11,45.68,14370000,,,,440.65,433.26,4.1215,,,,,,,29726000,,32.58,,519.68,362.5
2025-12-28,VRTX,14.21,11723300000.0,32.58,,0.321,68.2,,,,,,,,,,,,,,,None,2995000,2995000,,,,,,None,6250000,,,,,0.047,0.19,-51989000,-45739000,4.61,2006-03-31,24.27,,6180100000.0,36092000,-50087000,-1902000,,,None,2357000,None,,None,,,,,-50087000,0,None,None,0.403,,88081000,-52756000,,,,,None,,,,,0.58,6.1,10.12,,,,,,,,0.314,,,2025-11-10,quarterly,4.8,USD,post-market,75202000,,0.12,0.223,0.11,45.68,12879000,,,,440.65,433.26,4.1215,,,,,,,39087000,,32.58,,519.68,362.5
2025-12-28,VRTX,14.21,11723300000.0,32.58,,0.321,68.2,,,,,,,,,,,,,,,None,2783000,2783000,,,,,,None,6889000,,,,,0.047,0.19,-19996000,-13107000,4.61,2005-12-31,24.27,,6180100000.0,60973000,165286000,18135000,,,None,3543000,None,,None,,,,,-38131000,0,None,None,0.403,,80969000,-26394000,,,,,None,,,,,0.58,6.1,10.12,,,,,,,,0.314,,,2025-11-10,quarterly,4.8,USD,post-market,68158000,,0.12,0.223,0.11,45.68,12811000,,,,440.65,433.26,4.1215,,,,,,,63756000,,32.58,,519.68,362.5
2025-12-28,VRTX,14.21,11723300000.0,32.58,,0.321,68.2,,,,,,,,,,,,,,,None,2796000,2796000,,,,,,None,7029000,,,,,0.047,0.19,-40917000,-33888000,4.61,2005-09-30,24.27,,6180100000.0,33411000,-79578000,38661000,,,None,4505000,None,,None,,,,,-79578000,0,None,None,0.403,,74328000,-42482000,,,,,None,,,,,0.58,6.1,10.12,,,,,,,,0.314,,,2025-11-10,quarterly,4.8,USD,post-market,63590000,,0.12,0.223,0.11,45.68,10738000,,,,440.65,433.26,4.1215,,,,,,,36207000,,32.58,,519.68,362.5
2025-12-28,VRTX,14.21,11723300000.0,32.58,,0.321,68.2,,,,,,,,,,,,,,,None,1530500000,1530500000,,,,,,None,205800000,,,,,0.047,0.19,280500000,486300000,4.61,2024-12-31,24.27,,6180100000.0,9489600000,248500000,784100000,,,None,30600000,598100000,,None,,,,,-535600000,-535600000,567500000,None,0.403,,9722500000,-232900000,,,,,None,,,,,0.58,6.1,10.12,,,,,,,,0.314,,,2025-11-10,annual,4.8,USD,post-market,3630300000,,0.12,0.223,0.11,45.68,1464300000,,,,440.65,433.26,4.1215,,,,,,,11020100000,,32.58,,519.68,362.5
2025-12-28,VRTX,14.21,11723300000.0,32.58,,0.321,68.2,,,,,,,,,,,,,,,None,1262200000,1262200000,,,,,,None,181300000,,,,,0.047,0.19,4423900000,4605200000,4.61,2023-12-31,24.27,,6180100000.0,8607000000,4379800000,760200000,,,None,44100000,614700000,,None,,,,,3619600000,3619600000,570600000,None,0.403,,4775000000,3832000000,,,,,None,,,,,0.58,6.1,10.12,,,,,,,,0.314,,,2025-11-10,annual,4.8,USD,post-market,3162900000,,0.12,0.223,0.11,45.68,1136600000,,,,440.65,433.26,4.1215,,,,,,,9869200000,,32.58,,519.68,362.5
2025-12-28,VRTX,14.21,11723300000.0,32.58,,0.321,68.2,,,,,,,,,,,,,,,None,1080300000,1080300000,,,,,,None,148300000,,,,,0.047,0.19,4287200000,4435500000,4.61,2022-12-31,24.27,,6180100000.0,7850400000,4232400000,910400000,,,None,54800000,144600000,,None,,,,,3322000000,3322000000,89800000,None,0.403,,3543000000,4307400000,,,,,-20200000,,,,,0.58,6.1,10.12,,,,,,,,0.314,,,2025-11-10,annual,4.8,USD,post-market,2655800000,,0.12,0.223,0.11,45.68,887200000,,,,440.65,433.26,4.1215,,,,,,,8930700000,,32.58,,519.68,362.5
2025-12-28,VRTX,14.21,11723300000.0,32.58,,0.321,68.2,,,,,,,,,,,,,,,None,904200000,904200000,,,,,,None,125600000,,,,,0.047,0.19,2791900000,2917500000,4.61,2021-12-31,24.27,,6180100000.0,6670200000,2730400000,388300000,,,None,61500000,4900000,,None,,,,,2342100000,2342100000,-56600000,None,0.403,,3891200000,2782100000,,,,,9800000,,,,,0.58,6.1,10.12,,,,,,,,0.314,,,2025-11-10,annual,4.8,USD,post-market,3051100000,,0.12,0.223,0.11,45.68,840100000,,,,440.65,433.26,4.1215,,,,,,,7574400000,,32.58,,519.68,362.5
2025-12-28,VRTX,14.21,11723300000.0,32.58,,0.321,68.2,,,,,,,,,,,,,,,None,736300000,736300000,,,,,,None,109515000,,,,,0.047,0.19,3174949000,3284464000,4.61,2020-12-31,24.27,,6180100000.0,5469383000,3116900000,405151000,,,None,58151000,22239000,,None,,,,,2711700000,2711647000,-35912000,None,0.403,,2613100000,2856300000,,,,,318659000,,,,,0.58,6.1,10.12,,,,,,,,0.314,,,2025-11-10,annual,4.8,USD,post-market,1829537000,,0.12,0.223,0.11,45.68,770456000,,,,440.65,433.26,4.1215,,,,,,,6205683000,,32.58,,519.68,362.5
2025-12-28,VRTX,14.21,11723300000.0,32.58,,0.321,68.2,,,,,,,,,,,,,,,None,547758000,547758000,,,,,,None,106941000,,,,,0.047,0.19,1453421000,1560362000,4.61,2019-12-31,24.27,,6180100000.0,3615063000,1394919000,218109000,,,None,58502000,63678000,,None,,,,,1176810000,1176810000,5176000,None,0.403,,2413038000,1197566000,,,,,255855000,,,,,0.58,6.1,10.12,,,,,,,,0.314,,,2025-11-10,annual,4.8,USD,post-market,1754540000,,0.12,0.223,0.11,45.68,658498000,,,,440.65,433.26,4.1215,,,,,,,4162821000,,32.58,,519.68,362.5
2025-12-28,VRTX,14.21,11723300000.0,32.58,,0.321,68.2,,,,,,,,,,,,,,,None,409539000,409539000,,,,,,None,72420000,,,,,0.047,0.19,634360000,706780000,4.61,2018-12-31,24.27,,6180100000.0,2638058000,600241000,-1486862000,,,None,34119000,33496000,,None,,,,,2096896000,2087103000,-34119000,None,0.403,,1974092000,635150000,,,,,-790000,,,,,0.58,6.1,10.12,,,,,,,,0.314,,,2025-11-10,annual,4.8,USD,post-market,1416476000,,0.12,0.223,0.11,45.68,557616000,,,,440.65,433.26,4.1215,,,,,,,3047597000,,32.58,,519.68,362.5
2025-12-28,VRTX,14.21,11723300000.0,32.58,,0.321,68.2,,,,,,,,,,,,,,,None,275119000,275119000,,,,,,None,61397000,,,,,0.047,0.19,41861000,103258000,4.61,2017-12-31,24.27,,6180100000.0,2213533000,-15689000,-107324000,,,None,69298000,57550000,,None,,,,,263484000,91635000,-57550000,None,0.403,,1820704000,123243000,,,,,-81382000,,,,,0.58,6.1,10.12,,,,,,,,0.314,,,2025-11-10,annual,4.8,USD,post-market,1324625000,,0.12,0.223,0.11,45.68,496079000,,,,440.65,433.26,4.1215,,,,,,,2488652000,,32.58,,519.68,362.5
2025-12-28,VRTX,14.21,11723300000.0,32.58,,0.321,68.2,,,,,,,,,,,,,,,None,210460000,210460000,,,,,,None,61398000,,,,,0.047,0.19,14066000,75464000,4.61,2016-12-31,24.27,,6180100000.0,1491717000,-67366000,16665000,,,None,81432000,81432000,,None,,,,,-112052000,-84031000,-81432000,None,0.403,,1480519000,9936000,,,,,4130000,,,,,0.58,6.1,10.12,,,,,,,,0.314,,,2025-11-10,annual,4.8,USD,post-market,1047690000,,0.12,0.223,0.11,45.68,401429000,,,,440.65,433.26,4.1215,,,,,,,1702177000,,32.58,,519.68,362.5
2025-12-28,VRTX,14.21,11723300000.0,32.58,,0.321,68.2,,,,,,,,,,,,,,,None,125542000,125542000,,,,,,None,62343000,,,,,0.047,0.19,-473594000,-411251000,4.61,2015-12-31,24.27,,6180100000.0,906794000,-559581000,30381000,,,None,84206000,84206000,,None,,,,,-558115000,-588181000,None,None,0.403,,1373250000,-468662000,,,,,-6715000,,,,,0.58,6.1,10.12,,,,,,,,0.314,,,2025-11-10,annual,4.8,USD,post-market,996170000,,0.12,0.223,0.11,45.68,352580000,,,,440.65,433.26,4.1215,,,,,,,1032336000,,32.58,,519.68,362.5
2025-12-28,VRTX,14.21,11723300000.0,32.58,,0.321,68.2,,,,,,,,,,,,,,,None,60987000,60987000,,,,,,None,63257000,,,,,0.047,0.19,-662012000,-598755000,4.61,2014-12-31,24.27,,6180100000.0,519428000,-734875000,6958000,,,None,72863000,None,,None,,,,,-738555000,-741833000,None,None,0.403,,1160915000,-692412000,,,,,30400000,,,,,0.58,6.1,10.12,,,,,,,,0.314,,,2025-11-10,annual,4.8,USD,post-market,855506000,,0.12,0.223,0.11,45.68,289209000,,,,440.65,433.26,4.1215,,,,,,,580415000,,32.58,,519.68,362.5
2025-12-28,VRTX,14.21,11723300000.0,32.58,,0.321,68.2,,,,,,,,,,,,,,,None,130277000,130277000,,,,,,None,48365000,,,,,0.047,0.19,-603118000,-554753000,4.61,2013-12-31,24.27,,6180100000.0,1081698000,-976117000,-288567000,,,None,22730000,None,,None,,,,,-445028000,-687550000,None,None,0.403,,1281125000,-903448000,,,,,-49939000,,,,,0.58,6.1,10.12,,,,,,,,0.314,,,2025-11-10,annual,4.8,USD,post-market,918783000,,0.12,0.223,0.11,45.68,342742000,,,,440.65,433.26,4.1215,,,,,,,1211975000,,32.58,,519.68,362.5
2025-12-28,VRTX,14.21,11723300000.0,32.58,,0.321,68.2,,,,,,,,,,,,,,,None,279885000,279885000,,,,,,None,38191000,,,,,0.047,0.19,4272000,42463000,4.61,2012-12-31,24.27,,6180100000.0,1247157000,-12381000,38754000,,,None,16652999,None,,None,,,,,-107032000,-51135000,None,None,0.403,,1242981000,2332000,,,,,1940000,,,,,0.58,6.1,10.12,,,,,,,,0.314,,,2025-11-10,annual,4.8,USD,post-market,806185000,,0.12,0.223,0.11,45.68,378196000,,,,440.65,433.26,4.1215,,,,,,,1527042000,,32.58,,519.68,362.5
2025-12-28,VRTX,14.21,11723300000.0,32.58,,0.321,68.2,,,,,,,,,,,,,,,None,80505000,80505000,,,,,,None,35041000,,,,,0.047,0.19,98897000,133938000,4.61,2011-12-31,24.27,,6180100000.0,1330121000,60445000,19266000,,,None,36574000,None,,None,,,,,29574000,41179000,None,None,0.403,,1108427000,113820000,,,,,-14923000,,,,,0.58,6.1,10.12,,,,,,,,0.314,,,2025-11-10,annual,4.8,USD,post-market,707706000,,0.12,0.223,0.11,45.68,400721000,,,,440.65,433.26,4.1215,,,,,,,1410626000,,32.58,,519.68,362.5
2025-12-28,VRTX,14.21,11723300000.0,32.58,,0.321,68.2,,,,,,,,,,,,,,,None,12730000,12730000,,,,,,None,30459000,,,,,0.047,0.19,-735351000,-704892000,4.61,2010-12-31,24.27,,6180100000.0,130640000,-754626000,19275000,,,None,19275000,None,,None,,,,,-754626000,-754626000,None,None,0.403,,825216000,-696077000,,,,,-39274000,,,,,0.58,6.1,10.12,,,,,,,,0.314,,,2025-11-10,annual,4.8,USD,post-market,637416000,,0.12,0.223,0.11,45.68,187800000,,,,440.65,433.26,4.1215,,,,,,,143370000,,32.58,,519.68,362.5
2025-12-28,VRTX,14.21,11723300000.0,32.58,,0.321,68.2,,,,,,,,,,,,,,,None,14202000,14202000,,,,,,None,30107000,,,,,0.047,0.19,-628986000,-598879000,4.61,2009-12-31,24.27,,6180100000.0,87847000,-642178000,19336000,,,None,13192000,None,,None,,,,,-641578000,None,None,None,0.403,,679982000,-613412000,,,,,None,,,,,0.58,6.1,10.12,,,,,,,,0.314,,,2025-11-10,annual,4.8,USD,post-market,550685000,,0.12,0.223,0.11,45.68,130192000,,,,440.65,433.26,4.1215,,,,,,,102049000,,32.58,,519.68,362.5
2025-12-28,VRTX,14.21,11723300000.0,32.58,,0.321,68.2,,,,,,,,,,,,,,,None,15686000,15686000,,,,,,None,32196000,,,,,0.047,0.19,-458384000,-426188000,4.61,2008-12-31,24.27,,6180100000.0,159818000,-464175000,-30729000,,,None,13471000,None,,None,,,,,-459851000,None,None,None,0.403,,618202000,-462708000,,,,,None,,,,,0.58,6.1,10.12,,,,,,,,0.314,,,2025-11-10,annual,4.8,USD,post-market,516292000,,0.12,0.223,0.11,45.68,101910000,,,,440.65,433.26,4.1215,,,,,,,175504000,,32.58,,519.68,362.5
2025-12-28,VRTX,14.21,11723300000.0,32.58,,0.321,68.2,,,,,,,,,,,,,,,None,13904000,13904000,,,,,,None,27459000,,,,,0.047,0.19,-412673000,-385214000,4.61,2007-12-31,24.27,,6180100000.0,185108000,-426911000,-21394000,,,None,0,None,,None,,,,,-391279000,None,None,None,0.403,,597781000,-419792000,,,,,None,,,,,0.58,6.1,10.12,,,,,,,,0.314,,,2025-11-10,annual,4.8,USD,post-market,513054000,,0.12,0.223,0.11,45.68,84727000,,,,440.65,433.26,4.1215,,,,,,,199012000,,32.58,,519.68,362.5
2025-12-28,VRTX,14.21,11723300000.0,32.58,,0.321,68.2,,,,,,,,,,,,,,,None,12170000,12170000,,,,,,None,25868000,,,,,0.047,0.19,-225387000,-199519000,4.61,2006-12-31,24.27,,6180100000.0,204186000,-206891000,-18496000,,,None,7955000,None,,None,,,,,-206891000,None,None,None,0.403,,429573000,-229038000,,,,,None,,,,,0.58,6.1,10.12,,,,,,,,0.314,,,2025-11-10,annual,4.8,USD,post-market,371713000,,0.12,0.223,0.11,45.68,57860000,,,,440.65,433.26,4.1215,,,,,,,216356000,,32.58,,519.68,362.5
2025-12-28,VRTX,14.21,11723300000.0,32.58,,0.321,68.2,,,,,,,,,,,,,,,None,10098000,10098000,,,,,,None,27289000,,,,,0.047,0.19,-141738000,-114449000,4.61,2005-12-31,24.27,,6180100000.0,150792000,-173390000,61679000,,,None,0,None,,None,,,,,-203417000,None,None,None,0.403,,292530000,-149872000,,,,,None,,,,,0.58,6.1,10.12,,,,,,,,0.314,,,2025-11-10,annual,4.8,USD,post-market,248540000,,0.12,0.223,0.11,45.68,43990000,,,,440.65,433.26,4.1215,,,,,,,160890000,,32.58,,519.68,362.5
2025-12-28,VRTX,14.21,11723300000.0,32.58,None,0.321,68.2,,1834800000,4939600000,4939600000,,,,,,,,,2500000,257600000,None,10098000,10098000,4033800000,None,None,1946400000,None,None,27289000,,,,,0.047,0.19,-141738000,-114449000,4.61,2025-09-30,24.27,1088000000,6180100000.0,150792000,-173390000,61679000,429800000,429800000,None,0,None,1626800000,None,None,None,None,5722800000,-203417000,None,None,None,0.403,,292530000,-149872000,709400000,441500000,None,1233400000,None,,,,,0.58,6.1,10.12,,,,,,,,0.314,,None,2025-11-10,quarterly,4.8,USD,post-market,248540000,12368900000,0.12,0.223,0.11,45.68,43990000,1834800000,None,1347400000,440.65,433.26,4.1215,24862300000,10569600000,4475300000,7543500000,14292700000,3068200000,160890000,17318800000,32.58,None,519.68,362.5
2025-12-28,VRTX,14.21,11723300000.0,32.58,None,0.321,68.2,,1527400000,4972200000,4972200000,,,,,,,,,2600000,258900000,None,10098000,10098000,442300000,None,None,1893500000,None,None,27289000,,,,,0.047,0.19,-141738000,-114449000,4.61,2025-06-30,24.27,1088000000,6180100000.0,150792000,-173390000,61679000,435500000,435500000,None,0,None,1499300000,None,None,None,None,5645900000,-203417000,None,None,None,0.403,,292530000,-149872000,652300000,3696100000,None,1195500000,None,,,,,0.58,6.1,10.12,,,,,,,,0.314,,None,2025-11-10,quarterly,4.8,USD,post-market,248540000,11286000000,0.12,0.223,0.11,45.68,43990000,1527400000,None,1410600000,440.65,433.26,4.1215,24036700000,10427900000,4138400000,6861300000,13608800000,2722900000,160890000,17175400000,32.58,None,519.68,362.5
2025-12-28,VRTX,14.21,11723300000.0,32.58,None,0.321,68.2,,1649100000,4674700000,4674700000,,,,,,,,,2600000,259500000,None,10098000,10098000,445000000,None,None,1805100000,None,None,27289000,,,,,0.047,0.19,-141738000,-114449000,4.61,2025-03-31,24.27,1088000000,6180100000.0,150792000,-173390000,61679000,441200000,441200000,None,0,None,1359700000,None,None,None,None,5156500000,-203417000,None,None,None,0.403,,292530000,-149872000,642800000,3338200000,None,951900000,None,,,,,0.58,6.1,10.12,,,,,,,,0.314,,None,2025-11-10,quarterly,4.8,USD,post-market,248540000,10253100000,0.12,0.223,0.11,45.68,43990000,1649100000,None,1526500000,440.65,433.26,4.1215,22880500000,10008800000,3783200000,6384200000,12871700000,2601000000,160890000,16496300000,32.58,None,519.68,362.5
2025-12-28,VRTX,14.21,11723300000.0,32.58,None,0.321,68.2,,1749500000,4569600000,4569600000,,,,,,,,,2600000,260500000,None,10098000,10098000,413000000,None,None,1609400000,None,None,27289000,,,,,0.047,0.19,-141738000,-114449000,4.61,2024-12-31,24.27,1088000000,6180100000.0,150792000,-173390000,61679000,825900000,825900000,None,0,None,1205400000,None,None,None,None,5107900000,-203417000,None,None,None,0.403,,292530000,-149872000,665700000,2691400000,None,203200000,None,,,,,0.58,6.1,10.12,,,,,,,,0.314,,None,2025-11-10,quarterly,4.8,USD,post-market,248540000,9606800000,0.12,0.223,0.11,45.68,43990000,1749500000,92300000,1546300000,440.65,433.26,4.1215,22533200000,9596400000,3564600000,6123600000,12936800000,2559000000,160890000,16409600000,32.58,None,519.68,362.5
2025-12-28,VRTX,14.21,11723300000.0,32.58,None,0.321,68.2,,1702900000,5239200000,5239200000,,,,,,,,,2600000,261000000,None,10098000,10098000,395800000,None,None,1750600000,None,None,27289000,,,,,0.047,0.19,-141738000,-114449000,4.61,2024-09-30,24.27,1088000000,6180100000.0,150792000,-173390000,61679000,831600000,831600000,None,0,None,1079800000,None,None,None,None,4703500000,-203417000,None,None,None,0.403,,292530000,-149872000,449200000,3577300000,None,933300000,None,,,,,0.58,6.1,10.12,,,,,,,,0.314,,None,2025-11-10,quarterly,4.8,USD,post-market,248540000,8693800000,0.12,0.223,0.11,45.68,43990000,1702900000,-220000000,1285300000,440.65,433.26,4.1215,22240200000,9804100000,3973100000,6609300000,12436100000,2636200000,160890000,15630900000,32.58,None,519.68,362.5
2025-12-28,VRTX,14.21,11723300000.0,32.58,None,0.321,68.2,,933400000,4580100000,4580100000,,,,,,,,,2600000,258100000,None,10098000,10098000,327900000,None,None,1656100000,None,None,27289000,,,,,0.047,0.19,-141738000,-114449000,4.61,2024-06-30,24.27,1088000000,6180100000.0,150792000,-173390000,61679000,837500000,837500000,None,0,None,914600000,None,None,None,None,4393100000,-203417000,None,None,None,0.403,,292530000,-149872000,575400000,3219300000,None,876800000,None,,,,,0.58,6.1,10.12,,,,,,,,0.314,,None,2025-11-10,quarterly,4.8,USD,post-market,248540000,7648400000,0.12,0.223,0.11,45.68,43990000,933400000,None,1215400000,440.65,433.26,4.1215,20132100000,8941600000,3547200000,5357400000,11190500000,1810200000,160890000,14774700000,32.58,None,519.68,362.5
2025-12-28,VRTX,14.21,11723300000.0,32.58,None,0.321,68.2,,721300000,9158000000,9158000000,,,,,,,,,2600000,261100000,None,10098000,10098000,351400000,None,None,1793200000,None,None,27289000,,,,,0.047,0.19,-141738000,-114449000,4.61,2024-03-31,24.27,1088000000,6180100000.0,150792000,-173390000,61679000,834900000,834900000,None,0,None,813100000,None,None,None,None,4381400000,-203417000,None,None,None,0.403,,292530000,-149872000,511100000,3444500000,None,853600000,None,,,,,0.58,6.1,10.12,,,,,,,,0.314,,None,2025-11-10,quarterly,4.8,USD,post-market,248540000,11242000000,0.12,0.223,0.11,45.68,43990000,721300000,None,1013300000,440.65,433.26,4.1215,23917400000,13288700000,3795900000,5370800000,10628700000,1574900000,160890000,18546600000,32.58,None,519.68,362.5
2025-12-28,VRTX,14.21,11723300000.0,32.58,None,0.321,68.2,,808400000,10369100000,10369100000,,,,,,,,,2600000,260899999,None,10098000,10098000,364900000,None,None,1563400000,None,None,27289000,,,,,0.047,0.19,-141738000,-114449000,4.61,2023-12-31,24.27,1088000000,6180100000.0,150792000,-173390000,61679000,839900000,839900000,None,0,None,738800000,None,None,None,None,2497800000,-203417000,None,None,None,0.403,,292530000,-149872000,623700000,2829000000,None,196300000,None,,,,,0.58,6.1,10.12,,,,,,,,0.314,,None,2025-11-10,quarterly,4.8,USD,post-market,248540000,10142400000,0.12,0.223,0.11,45.68,43990000,808400000,83700000,849200000,440.65,433.26,4.1215,22730200000,14144200000,3547400000,5149800000,8586000000,1602400000,160890000,17580400000,32.58,None,519.68,362.5
2025-12-28,VRTX,14.21,11723300000.0,32.58,None,0.321,68.2,,744700000,11110200000,11110200000,,,,,,,,,2600000,260600000,None,10098000,10098000,375900000,None,None,1538700000,None,None,27289000,,,,,0.047,0.19,-141738000,-114449000,4.61,2023-09-30,24.27,1088000000,6180100000.0,150792000,-173390000,61679000,603600000,603600000,None,0,None,688700000,None,None,None,None,1700000000,-203417000,None,None,None,0.403,,292530000,-149872000,540200000,3223500000,None,869300000,None,,,,,0.58,6.1,10.12,,,,,,,,0.314,,None,2025-11-10,quarterly,4.8,USD,post-market,248540000,9173600000,0.12,0.223,0.11,45.68,43990000,744700000,None,818000000,440.65,433.26,4.1215,21726200000,14695800000,3599400000,5213400000,7030400000,1614000000,160890000,16512800000,32.58,None,519.68,362.5
2025-12-28,VRTX,14.21,11723300000.0,32.58,None,0.321,68.2,,767600000,10151100000,10151100000,,,,,,,,,2600000,260399999,None,10098000,10098000,363000000,None,None,1556200000,None,None,27289000,,,,,0.047,0.19,-141738000,-114449000,4.61,2023-06-30,24.27,1088000000,6180100000.0,150792000,-173390000,61679000,603600000,603600000,None,0,None,603500000,None,None,None,None,1357300000,-203417000,None,None,None,0.403,,292530000,-149872000,476900000,2989100000,None,1526900000,None,,,,,0.58,6.1,10.12,,,,,,,,0.314,,None,2025-11-10,quarterly,4.8,USD,post-market,248540000,8138300000,0.12,0.223,0.11,45.68,43990000,767600000,None,1085200000,440.65,433.26,4.1215,20349200000,13872900000,3352100000,4879000000,6476300000,1526900000,160890000,15470200000,32.58,None,519.68,362.5
2025-12-28,VRTX,14.21,11723300000.0,32.58,None,0.321,68.2,,789200000,9289900000,9289900000,,,,,,,,,2600000,260300000,None,10098000,10098000,323200000,None,None,1547800000,None,None,27289000,,,,,0.047,0.19,-141738000,-114449000,4.61,2023-03-31,24.27,1088000000,6180100000.0,150792000,-173390000,61679000,603600000,603600000,None,0,None,535100000,None,None,None,None,1081500000,-203417000,None,None,None,0.403,,292530000,-149872000,468700000,2703000000,None,1515700000,None,,,,,0.58,6.1,10.12,,,,,,,,0.314,,None,2025-11-10,quarterly,4.8,USD,post-market,248540000,7222600000,0.12,0.223,0.11,45.68,43990000,789200000,None,1124200000,440.65,433.26,4.1215,18974200000,12965700000,3026200000,4541900000,6008500000,1515700000,160890000,14432300000,32.58,None,519.68,362.5
2025-12-28,VRTX,14.21,11723300000.0,32.58,None,0.321,68.2,,471600000,10504000000,10504000000,,,,,,,,,2600000,260300000,None,10098000,10098000,303900000,None,None,1442200000,None,None,27289000,,,,,0.047,0.19,-141738000,-114449000,4.61,2022-12-31,24.27,1088000000,6180100000.0,150792000,-173390000,61679000,603600000,603600000,None,0,None,460600000,None,None,None,None,112200000,-203417000,None,None,None,0.403,,292530000,-149872000,553500000,2065900000,None,1496100000,None,,,,,0.58,6.1,10.12,,,,,,,,0.314,,1455800000,2025-11-10,quarterly,4.8,USD,post-market,248540000,6522800000,0.12,0.223,0.11,45.68,43990000,899700000,89400000,274500000,440.65,433.26,4.1215,18150900000,13234800000,2742100000,4238200000,4916100000,1496100000,160890000,13912700000,32.58,None,519.68,362.5
2025-12-28,VRTX,14.21,11723300000.0,32.58,None,0.321,68.2,,824600000,9171500000,9171500000,,,,,,,,,2600000,259500000,None,10098000,10098000,126900000,None,None,1385200000,None,None,27289000,,,,,0.047,0.19,-141738000,-114449000,4.61,2022-09-30,24.27,1075200000,6180100000.0,150792000,-173390000,61679000,603600000,603600000,None,0,None,388200000,None,None,None,None,None,-203417000,None,None,None,0.403,,292530000,-149872000,726900000,2482400000,None,1067500000,None,,,,,0.58,6.1,10.12,,,,,,,,0.314,,1118700000,2025-11-10,quarterly,4.8,USD,post-market,248540000,5703900000,0.12,0.223,0.11,45.68,43990000,824600000,None,599200000,440.65,433.26,4.1215,16706400000,12271000000,2609300000,3676800000,4435400000,1067500000,160890000,13029600000,32.58,None,519.68,362.5
2025-12-28,VRTX,14.21,11723300000.0,32.58,None,0.321,68.2,,847300000,8702200000,8702200000,,,,,,,,,2600000,258700000,None,10098000,10098000,198000000,None,None,1332900000,None,None,27289000,,,,,0.047,0.19,-141738000,-114449000,4.61,2022-06-30,24.27,1002200000,6180100000.0,150792000,-173390000,61679000,387000000,387000000,None,0,None,367700000,None,None,None,None,None,-203417000,None,None,None,0.403,,292530000,-149872000,549500000,2358200000,None,1092500000,None,,,,,0.58,6.1,10.12,,,,,,,,0.314,,1100100000,2025-11-10,quarterly,4.8,USD,post-market,248540000,4773400000,0.12,0.223,0.11,45.68,43990000,847300000,None,551200000,440.65,433.26,4.1215,15582200000,11503500000,2556200000,3648700000,4078700000,1092500000,160890000,11933500000,32.58,None,519.68,362.5
2025-12-28,VRTX,14.21,11723300000.0,32.58,None,0.321,68.2,,872500000,7600100000,7600100000,,,,,,,,,2600000,257900000,None,10098000,10098000,173600000,None,None,1292800000,None,None,27289000,,,,,0.047,0.19,-141738000,-114449000,4.61,2022-03-31,24.27,1002200000,6180100000.0,150792000,-173390000,61679000,400000000,400000000,None,0,None,338900000,None,None,None,None,None,-203417000,None,None,None,0.403,,292530000,-149872000,491500000,2006600000,None,1168900000,None,,,,,0.58,6.1,10.12,,,,,,,,0.314,,1436400000,2025-11-10,quarterly,4.8,USD,post-market,248540000,3962900000,0.12,0.223,0.11,45.68,43990000,872500000,None,638000000,440.65,433.26,4.1215,14256100000,10361300000,2180200000,3349100000,3894800000,1168900000,160890000,10907000000,32.58,None,519.68,362.5
2025-12-28,VRTX,14.21,11723300000.0,32.58,None,0.321,68.2,,556700000,6795000000,6795000000,,,,,,,,,2500000,257000000,None,10098000,10098000,195000000,None,None,1136800000,None,None,27289000,,,,,0.047,0.19,-141738000,-114449000,4.61,2021-12-31,24.27,1002200000,6180100000.0,150792000,-173390000,61679000,400000000,400000000,None,0,None,353100000,None,None,None,None,None,-203417000,None,None,None,0.403,,292530000,-149872000,545800000,1483800000,None,902200000,None,,,,,0.58,6.1,10.12,,,,,,,,0.314,,1094100000,2025-11-10,quarterly,4.8,USD,post-market,248540000,3200800000,0.12,0.223,0.11,45.68,43990000,967400000,80200000,729900000,440.65,433.26,4.1215,13432500000,9560600000,2142000000,3332500000,3871900000,1190500000,160890000,10100000000,32.58,None,519.68,362.5
2025-12-28,VRTX,14.21,11723300000.0,32.58,None,0.321,68.2,,558933000,6275698000,6275698000,,,,,,,,,2562000,259707000,None,10098000,10098000,127863000,None,None,1100372000,None,None,27289000,,,,,0.047,0.19,-141738000,-114449000,4.61,2021-09-30,24.27,1002158000,6180100000.0,150792000,-173390000,61679000,400000000,400000000,None,0,None,333456000,None,None,None,None,None,-203417000,None,None,None,0.403,,292530000,-149872000,457827000,1786401000,None,1173773000,None,,,,,0.58,6.1,10.12,,,,,,,,0.314,,1042347000,2025-11-10,quarterly,4.8,USD,post-market,248540000,2430659000,0.12,0.223,0.11,45.68,43990000,876800000,None,685187000,440.65,433.26,4.1215,12618745000,8852540000,1914264000,3088037000,3766205000,1173773000,160890000,9530708000,32.58,None,519.68,362.5
2025-12-28,VRTX,14.21,11723300000.0,32.58,None,0.321,68.2,,893849000,6063678000,6063678000,,,,,,,,,2591000,261020000,None,10098000,10098000,127534000,None,None,929142000,None,None,27289000,,,,,0.047,0.19,-141738000,-114449000,4.61,2021-06-30,24.27,1002158000,6180100000.0,150792000,-173390000,61679000,400000000,400000000,None,0,None,321620000,None,None,None,None,None,-203417000,None,None,None,0.403,,292530000,-149872000,498759000,1708914000,None,294993000,None,,,,,0.58,6.1,10.12,,,,,,,,0.314,,1338107000,2025-11-10,quarterly,4.8,USD,post-market,248540000,1578731000,0.12,0.223,0.11,45.68,43990000,893849000,None,644315000,440.65,433.26,4.1215,12221686000,8457514000,1836448000,3025290000,3764172000,1188842000,160890000,9196396000,32.58,None,519.68,362.5
2025-12-28,VRTX,14.21,11723300000.0,32.58,None,0.321,68.2,,572856000,6304330000,6304330000,,,,,,,,,2588000,261916000,None,10098000,10098000,127839000,None,None,977551000,None,None,27289000,,,,,0.047,0.19,-141738000,-114449000,4.61,2021-03-31,24.27,1002158000,6180100000.0,150792000,-173390000,61679000,400000000,400000000,None,0,None,298863000,None,None,None,None,None,-203417000,None,None,None,0.403,,292530000,-149872000,338925000,1816211000,None,1190755000,None,,,,,0.58,6.1,10.12,,,,,,,,0.314,,1308442000,2025-11-10,quarterly,4.8,USD,post-market,248540000,1511807000,0.12,0.223,0.11,45.68,43990000,898797000,None,619638000,440.65,433.26,4.1215,12115059000,8539307000,1944050000,3134805000,3575752000,1190755000,160890000,8980254000,32.58,None,519.68,362.5
2025-12-28,VRTX,14.21,11723300000.0,32.58,None,0.321,68.2,,581476000,5988187000,5988187000,,,,,,,,,2599000,263106000,None,10098000,10098000,155100000,None,None,885400000,None,None,27289000,,,,,0.047,0.19,-141738000,-114449000,4.61,2020-12-31,24.27,1002200000,6180100000.0,150792000,-173390000,61679000,400000000,400000000,None,0,None,280777000,None,None,None,None,None,-203417000,None,None,None,0.403,,292530000,-149872000,308300000,1384327000,None,1187460000,None,,,,,0.58,6.1,10.12,,,,,,,,0.314,,958534000,2025-11-10,quarterly,4.8,USD,post-market,248540000,858669000,0.12,0.223,0.11,45.68,43990000,931900000,42400000,670710000,440.65,433.26,4.1215,11751808000,8133400000,1877500000,3065000000,3618400000,1187500000,160890000,8686800000,32.58,None,519.68,362.5
2025-12-28,VRTX,14.21,11723300000.0,32.58,None,0.321,68.2,,546514000,5358087000,5358087000,,,,,,,,,2601000,264079000,None,10098000,10098000,107786000,None,None,791917000,None,None,27289000,,,,,0.047,0.19,-141738000,-114449000,4.61,2020-09-30,24.27,1002158000,6180100000.0,150792000,-173390000,61679000,400000000,400000000,None,0,None,245460000,None,None,None,None,None,-203417000,None,None,None,0.403,,292530000,-149872000,270021000,1896240000,None,1164134000,None,,,,,0.58,6.1,10.12,,,,,,,,0.314,,920913000,2025-11-10,quarterly,4.8,USD,post-market,248540000,254479000,0.12,0.223,0.11,45.68,43990000,546514000,None,792971000,440.65,433.26,4.1215,11301633000,7458456000,2004026000,3168160000,3843177000,1164134000,160890000,8133473000,32.58,None,519.68,362.5
2025-12-28,VRTX,14.21,11723300000.0,32.58,None,0.321,68.2,,522067000,4831332000,4831332000,,,,,,,,,2601000,263403000,None,10098000,10098000,101451000,None,None,791768000,None,None,27289000,,,,,0.047,0.19,-141738000,-114449000,4.61,2020-06-30,24.27,1002158000,6180100000.0,150792000,-173390000,61679000,400000000,400000000,None,0,None,219218000,None,None,None,None,None,-203417000,None,None,None,0.403,,292530000,-149872000,232565000,1697189000,None,898485000,None,,,,,0.58,6.1,10.12,,,,,,,,0.314,,728357000,2025-11-10,quarterly,4.8,USD,post-market,248540000,-412955000,0.12,0.223,0.11,45.68,43990000,522067000,None,619437000,440.65,433.26,4.1215,10216367000,6694320000,1798640000,2697125000,3522047000,898485000,160890000,7519242000,32.58,None,519.68,362.5
2025-12-28,VRTX,14.21,11723300000.0,32.58,None,0.321,68.2,,532952000,3593412000,3593412000,,,,,,,,,2591000,263515000,None,10098000,10098000,100703000,None,None,845269000,None,None,27289000,,,,,0.047,0.19,-141738000,-114449000,4.61,2020-03-31,24.27,1002158000,6180100000.0,150792000,-173390000,61679000,400000000,400000000,None,0,None,187087000,None,None,None,None,None,-203417000,None,None,None,0.403,,292530000,-149872000,223648000,1438047000,None,892797000,None,,,,,0.58,6.1,10.12,,,,,,,,0.314,,736303000,2025-11-10,quarterly,4.8,USD,post-market,248540000,-1250225000,0.12,0.223,0.11,45.68,43990000,532952000,None,596984000,440.65,433.26,4.1215,8893201000,5446400000,1538750000,2431547000,3446801000,892797000,160890000,6461654000,32.58,None,519.68,362.5
2025-12-28,VRTX,14.21,11723300000.0,32.58,None,0.321,68.2,,538576000,3109322000,3109322000,,,,,,,,,2589000,262108000,None,10098000,10098000,87610000,None,None,633518000,None,None,27289000,,,,,0.047,0.19,-141738000,-114449000,4.61,2019-12-31,24.27,1002158000,6180100000.0,150792000,-173390000,61679000,400000000,400000000,None,0,None,167502000,None,None,None,None,60800000,-203417000,None,None,None,0.403,,292530000,-149872000,213515000,1073798000,None,898394000,None,,,,,0.58,6.1,10.12,,,,,,,,0.314,,833282000,2025-11-10,quarterly,4.8,USD,post-market,248540000,-1852978000,0.12,0.223,0.11,45.68,43990000,661662000,38794000,698972000,440.65,433.26,4.1215,8318465000,4822829000,1334827000,2233221000,3495636000,898394000,160890000,6085244000,32.58,None,519.68,362.5
2025-12-28,VRTX,14.21,11723300000.0,32.58,None,0.321,68.2,,604539000,3397941000,3397941000,,,,,,,,,2571000,260473000,None,10098000,10098000,92528000,None,None,443315000,None,None,27289000,,,,,0.047,0.19,-141738000,-114449000,4.61,2019-09-30,24.27,447525000,6180100000.0,150792000,-173390000,61679000,None,None,None,0,None,162306000,None,None,None,None,40800000,-203417000,None,None,None,0.403,,292530000,-149872000,175142000,1296366000,None,872265000,None,,,,,0.58,6.1,10.12,,,,,,,,0.314,,733509000,2025-11-10,quarterly,4.8,USD,post-market,248540000,-2436212000,0.12,0.223,0.11,45.68,43990000,604539000,None,598390000,440.65,433.26,4.1215,7514553000,4777094000,1388894000,2261159000,2737459000,872265000,160890000,5253394000,32.58,None,519.68,362.5
2025-12-28,VRTX,14.21,11723300000.0,32.58,None,0.321,68.2,,611963000,3294684000,3294684000,,,,,,,,,2565000,259822000,None,10098000,10098000,77045000,None,None,464900000,None,None,27289000,,,,,0.047,0.19,-141738000,-114449000,4.61,2019-06-30,24.27,50384000,6180100000.0,150792000,-173390000,61679000,None,None,None,0,None,143017000,None,None,None,None,33600000,-203417000,None,None,None,0.403,,292530000,-149872000,151829000,1182175000,None,704286000,None,,,,,0.58,6.1,10.12,,,,,,,,0.314,,731131000,2025-11-10,quarterly,4.8,USD,post-market,248540000,-2493730000,0.12,0.223,0.11,45.68,43990000,611963000,None,656538000,440.65,433.26,4.1215,7033471000,4710968000,1259220000,1963506000,2322503000,704286000,160890000,5069965000,32.58,None,519.68,362.5
2025-12-28,VRTX,14.21,11723300000.0,32.58,None,0.321,68.2,,623865000,2893885000,2893885000,,,,,,,,,2561000,260175000,None,10098000,10098000,82262000,None,7520000,438297000,None,None,27289000,,,,,0.047,0.19,-141738000,-114449000,4.61,2019-03-31,24.27,50384000,6180100000.0,150792000,-173390000,61679000,None,None,None,0,None,136698000,None,None,63484000,None,13600000,-203417000,None,None,None,0.403,,292530000,-149872000,130009000,1024206000,None,713333000,None,,,,,0.58,6.1,10.12,,,,,,,,0.314,,742559000,2025-11-10,quarterly,4.8,USD,post-market,248540000,-2761157000,0.12,0.223,0.11,45.68,43990000,623865000,7520000,584150000,440.65,433.26,4.1215,6543114000,4183039000,1106468000,1819801000,2360075000,713333000,160890000,4723313000,32.58,None,519.68,362.5
2025-12-28,VRTX,14.21,11723300000.0,32.58,None,0.321,68.2,,19658000,2650134000,2650134000,,,,,,,,,2546000,259812000,None,10098000,10098000,110987000,None,None,409688000,None,None,27289000,,,,,0.047,0.19,-141738000,-114449000,4.61,2018-12-31,24.27,50384000,6180100000.0,150792000,-173390000,61679000,50384000,50384000,None,0,None,124360000,None,None,561892000,None,13600000,-203417000,None,None,None,0.403,,292530000,-149872000,74045000,40589000,None,108853000,None,,,,,0.58,6.1,10.12,,,,,,,,0.314,,812005000,2025-11-10,quarterly,4.8,USD,post-market,248540000,-2989478000,0.12,0.223,0.11,45.68,43990000,591367000,9817000,518108000,440.65,433.26,4.1215,6245898000,3702290000,715482000,1810695000,2543608000,1095213000,160890000,4435203000,32.58,None,519.68,362.5
2025-12-28,VRTX,14.21,11723300000.0,32.58,None,0.321,68.2,,15141000,2478302000,2478302000,,,,,,,,,2551000,259788000,None,10098000,10098000,92149000,None,None,379755000,None,None,27289000,,,,,0.047,0.19,-141738000,-114449000,4.61,2018-09-30,24.27,50384000,6180100000.0,150792000,-173390000,61679000,29000000,29000000,None,0,None,124150000,None,None,561389000,None,36700000,-203417000,None,None,None,0.403,,292530000,-149872000,118678000,60357000,None,107907000,None,,,,,0.58,6.1,10.12,,,,,,,,0.314,,808352000,2025-11-10,quarterly,4.8,USD,post-market,248540000,-4540005000,0.12,0.223,0.11,45.68,43990000,588041000,11511000,577583000,440.65,433.26,4.1215,4620840000,3559790000,596389000,1686359000,1061050000,1089970000,160890000,2934481000,32.58,0,519.68,362.5
2025-12-28,VRTX,14.21,11723300000.0,32.58,None,0.321,68.2,,15030000,2145359000,2145359000,,,,,,,,,2542000,258584000,None,10098000,10098000,83034000,None,592735000,393439000,None,None,27289000,,,,,0.047,0.19,-141738000,-114449000,4.61,2018-06-30,24.27,50384000,6180100000.0,150792000,-173390000,61679000,29000000,29000000,None,0,None,115025000,None,None,562645000,None,None,-203417000,None,None,None,0.403,,292530000,-149872000,122694000,59629000,None,106193000,None,,,,,0.58,6.1,10.12,,,,,,,,0.314,,815928000,2025-11-10,quarterly,4.8,USD,post-market,248540000,-4668751000,0.12,0.223,0.11,45.68,43990000,592735000,15060000,622396000,440.65,433.26,4.1215,4335386000,3276219000,562154000,1620503000,1059167000,1058349000,160890000,2714883000,32.58,0,519.68,362.5
2025-12-28,VRTX,14.21,11723300000.0,32.58,None,0.321,68.2,,16911000,1995893000,1995893000,,,,,,,,,2541000,258526000,None,10098000,10098000,74062000,None,595125000,327294000,None,None,27289000,,,,,0.047,0.19,-141738000,-114449000,4.61,2018-03-31,24.27,50384000,6180100000.0,150792000,-173390000,61679000,29000000,29000000,None,0,None,117346000,None,None,561295000,None,None,-203417000,None,None,None,0.403,,292530000,-149872000,109886000,56654000,None,106999000,None,,,,,0.58,6.1,10.12,,,,,,,,0.314,,800670000,2025-11-10,quarterly,4.8,USD,post-market,248540000,-4876111000,0.12,0.223,0.11,45.68,43990000,595125000,16919000,481124000,440.65,433.26,4.1215,3952974000,2921657000,485293000,1522153000,1031317000,1036860000,160890000,2430821000,32.58,0,519.68,362.5
2025-12-28,VRTX,14.21,11723300000.0,32.58,None,0.321,68.2,,20496000,1665412000,1665412000,,,,,,,,,2512000,256804000,None,10098000,10098000,73994000,None,606433000,281343000,None,None,27289000,,,,,0.047,0.19,-141738000,-114449000,4.61,2017-12-31,24.27,50384000,6180100000.0,150792000,-173390000,61679000,29000000,29000000,None,0,None,111830000,None,None,563406000,None,20447000,-203417000,None,None,None,0.403,,292530000,-149872000,63964000,473165000,None,104479000,None,,,,,0.58,6.1,10.12,,,,,,,,0.314,,789437000,2025-11-10,quarterly,4.8,USD,post-market,248540000,-5119723000,0.12,0.223,0.11,45.68,43990000,606433000,22531000,423254000,440.65,433.26,4.1215,3546014000,2483328000,807260000,1503708000,1062686000,1503708000,160890000,2042306000,32.58,0,519.68,362.5
2025-12-28,VRTX,14.21,11723300000.0,32.58,None,0.321,68.2,,20259000,1384966000,1384966000,,,,,,,,,2500000,250268000,None,10098000,10098000,77138000,None,587191000,263493000,None,None,27289000,,,,,0.047,0.19,-141738000,-114449000,4.61,2017-09-30,24.27,50384000,6180100000.0,150792000,-173390000,61679000,29000000,29000000,None,0,None,98192000,None,None,547051000,None,20447000,-203417000,None,None,None,0.403,,292530000,-149872000,152238000,410445000,None,103433000,None,,,,,0.58,6.1,10.12,,,,,,,,0.314,,759978000,2025-11-10,quarterly,4.8,USD,post-market,248540000,-5220407000,0.12,0.223,0.11,45.68,43990000,587191000,19881000,427282000,440.65,433.26,4.1215,3198325000,2175736000,710739000,1395081000,1022589000,1395081000,160890000,1803244000,32.58,0,519.68,362.5
2025-12-28,VRTX,14.21,11723300000.0,32.58,None,0.321,68.2,,25346000,1223130000,1223130000,,,,,,,,,2479000,251635000,None,10098000,10098000,75941000,None,568544000,247949000,None,None,27289000,,,,,0.047,0.19,-141738000,-114449000,4.61,2017-06-30,24.27,50384000,6180100000.0,150792000,-173390000,61679000,284340000,284340000,None,0,None,92263000,None,None,525019000,None,20252000,-203417000,None,None,None,0.403,,292530000,-149872000,107082000,376323000,None,101782000,None,,,,,0.58,6.1,10.12,,,,,,,,0.314,,740103000,2025-11-10,quarterly,4.8,USD,post-market,248540000,-5117455000,0.12,0.223,0.11,45.68,43990000,568544000,18179000,445520000,440.65,433.26,4.1215,3285594000,2073490000,625406000,1418363000,1212104000,1418363000,160890000,1867231000,32.58,0,519.68,362.5
2025-12-28,VRTX,14.21,11723300000.0,32.58,None,0.321,68.2,,30355000,1003679000,1003679000,,,,,,,,,2459000,248700000,None,10098000,10098000,63145000,None,19270000,207955000,None,None,27289000,,,,,0.047,0.19,-141738000,-114449000,4.61,2017-03-31,24.27,50384000,6180100000.0,150792000,-173390000,61679000,284340000,284340000,None,0,None,82020000,None,None,498775000,None,20276000,-203417000,None,None,None,0.403,,292530000,-149872000,128493000,296550000,None,103840000,None,,,,,0.58,6.1,10.12,,,,,,,,0.314,,708395000,2025-11-10,quarterly,4.8,USD,post-market,248540000,-5135451000,0.12,0.223,0.11,45.68,43990000,548400000,19270000,405103000,440.65,433.26,4.1215,2946703000,1871814000,489796000,2946703000,1074889000,774114000,160890000,1682793000,32.58,0,519.68,362.5
2025-12-28,VRTX,14.21,11723300000.0,32.58,None,0.321,68.2,,34976000,1183945000,1183945000,,,,,,,,,2450000,247757000,None,10098000,10098000,61451000,None,840761000,201083000,None,None,27289000,,,,,0.047,0.19,-141738000,-114449000,4.61,2016-12-31,24.27,50384000,6180100000.0,150792000,-173390000,61679000,284340000,284340000,None,0,None,77604000,None,None,486359000,None,20276000,-203417000,None,None,None,0.403,,292530000,-149872000,16780000,-452344000,None,104029000,None,,,,,0.58,6.1,10.12,,,,,,,,0.314,,698362000,2025-11-10,quarterly,4.8,USD,post-market,248540000,-5373836000,0.12,0.223,0.11,45.68,43990000,840761000,319426000,250612000,440.65,433.26,4.1215,2893785000,1761006000,7954000,1555594000,1132779000,1547640000,160890000,1338191000,32.58,0,519.68,362.5
2025-12-28,VRTX,14.21,11723300000.0,32.58,None,0.321,68.2,,31719000,719692000,719692000,,,,,,,,,2446000,244920000,None,10098000,10098000,50914000,None,315523000,182229000,None,None,27289000,,,,,0.047,0.19,-141738000,-114449000,4.61,2016-09-30,24.27,50384000,6180100000.0,150792000,-173390000,61679000,284340000,284340000,None,0,None,71799000,None,None,473073000,None,53314000,-203417000,None,None,None,0.403,,292530000,-149872000,61012000,-368447000,None,33838000,None,,,,,0.58,6.1,10.12,,,,,,,,0.314,,687613000,2025-11-10,quarterly,4.8,USD,post-market,248540000,-5406781000,0.12,0.223,0.11,45.68,43990000,820315000,315523000,408749000,440.65,433.26,4.1215,2604838000,1440889000,7237000,1406197000,1163949000,1398960000,160890000,1198641000,32.58,0,519.68,362.5
2025-12-28,VRTX,14.21,11723300000.0,32.58,None,0.321,68.2,,34317000,605866000,605866000,,,,,,,,,2440000,244482000,None,10098000,10098000,51302000,None,239022000,189356000,None,None,27289000,,,,,0.047,0.19,-141738000,-114449000,4.61,2016-06-30,24.27,50384000,6180100000.0,150792000,-173390000,61679000,284340000,284340000,None,0,None,66589000,None,None,547295000,None,33213000,-203417000,None,None,None,0.403,,292530000,-149872000,126769000,321063000,None,35449000,None,,,,,0.58,6.1,10.12,,,,,,,,0.314,,690607000,2025-11-10,quarterly,4.8,USD,post-market,248540000,-5367940000,0.12,0.223,0.11,45.68,43990000,820634000,239022000,465570000,440.65,433.26,4.1215,2548982000,1454150000,622855000,1380137000,1094832000,757282000,160890000,981354000,32.58,0,519.68,362.5
2025-12-28,VRTX,14.21,11723300000.0,32.58,None,0.321,68.2,,38886000,604245000,604245000,,,,,,,,,2429000,243831000,None,10098000,10098000,75221000,None,None,181878000,None,None,27289000,,,,,0.047,0.19,-141738000,-114449000,4.61,2016-03-31,24.27,50384000,6180100000.0,150792000,-173390000,61679000,284340000,284340000,None,0,None,63200000,None,None,622065000,None,30138000,-203417000,None,None,None,0.403,,292530000,-149872000,132139000,298572000,None,37967000,None,,,,,0.58,6.1,10.12,,,,,,,,0.314,,690521000,2025-11-10,quarterly,4.8,USD,post-market,248540000,-5303415000,0.12,0.223,0.11,45.68,43990000,824494000,163543000,421373000,440.65,433.26,4.1215,2487906000,1402835000,552041000,1371708000,1085071000,819667000,160890000,957079000,32.58,0,519.68,362.5
2025-12-28,VRTX,14.21,11723300000.0,32.58,None,0.321,68.2,,42923000,714768000,714768000,,,,,,,,,2427000,242987000,None,10098000,10098000,74942000,None,71296000,177639000,None,None,27289000,,,,,0.047,0.19,-141738000,-114449000,4.61,2015-12-31,24.27,50384000,6180100000.0,150792000,-173390000,61679000,284340000,284340000,None,0,None,56083000,None,None,696580000,None,30000000,-203417000,None,None,None,0.403,,292530000,-149872000,12065000,328088000,None,39242000,None,,,,,0.58,6.1,10.12,,,,,,,,0.314,,697715000,2025-11-10,quarterly,4.8,USD,post-market,248540000,-5261784000,0.12,0.223,0.11,45.68,43990000,826526000,87023000,327694000,440.65,433.26,4.1215,2497045000,1355094000,506349000,1404365000,1141951000,1404365000,160890000,1092680000,32.58,0,519.68,362.5
2025-12-28,VRTX,14.21,11723300000.0,32.58,None,0.321,68.2,,39273000,756250000,756250000,,,,,,,,,2419000,241969000,None,10098000,10098000,78899000,None,None,165272000,None,None,27289000,,,,,0.047,0.19,-141738000,-114449000,4.61,2015-09-30,24.27,50384000,6180100000.0,150792000,-173390000,61679000,284340000,284340000,None,0,None,49197000,None,None,767556000,None,None,-203417000,None,None,None,0.403,,292530000,-149872000,139153000,267907000,None,44112000,None,,,,,0.58,6.1,10.12,,,,,,,,0.314,,706670000,2025-11-10,quarterly,4.8,USD,post-market,248540000,-5188053000,0.12,0.223,0.11,45.68,43990000,820982000,14153000,249580000,440.65,433.26,4.1215,2433993000,1359452000,374959000,1357261000,1074541000,982302000,160890000,922147000,32.58,0,519.68,362.5
2025-12-28,VRTX,14.21,11723300000.0,32.58,None,0.321,68.2,,42900000,870543000,870543000,,,,,,,,,2406000,240757000,None,10098000,10098000,72703000,None,None,94519000,None,None,27289000,,,,,0.047,0.19,-141738000,-114449000,4.61,2015-06-30,24.27,50384000,6180100000.0,150792000,-173390000,61679000,284340000,284340000,None,0,None,42113000,None,None,724773000,None,None,-203417000,None,None,None,0.403,,292530000,-149872000,141607000,229396000,None,50929000,None,,,,,0.58,6.1,10.12,,,,,,,,0.314,,713378000,2025-11-10,quarterly,4.8,USD,post-market,248540000,-5092904000,0.12,0.223,0.11,45.68,43990000,824467000,56794000,145907000,440.65,433.26,4.1215,2374073000,1294689000,373823000,1325857000,1079384000,952034000,160890000,894964000,32.58,0,519.68,362.5
2025-12-28,VRTX,14.21,11723300000.0,32.58,None,0.321,68.2,,46471000,664879000,664879000,,,,,,,,,2399000,239493000,None,10098000,10098000,43524000,None,None,80332000,None,None,27289000,,,,,0.047,0.19,-141738000,-114449000,4.61,2015-03-31,24.27,39915000,6180100000.0,150792000,-173390000,61679000,29000000,29000000,None,0,None,34089000,None,None,739237000,None,None,-203417000,None,None,None,0.403,,292530000,-149872000,62648000,194797000,None,41051000,None,,,,,0.58,6.1,10.12,,,,,,,,0.314,,708616000,2025-11-10,quarterly,4.8,USD,post-market,248540000,-4904056000,0.12,0.223,0.11,45.68,43990000,833907000,48199000,516255000,440.65,433.26,4.1215,2165827000,1358203000,302438000,1168290000,807624000,865852000,160890000,976458000,32.58,0,519.68,362.5
2025-12-28,VRTX,14.21,11723300000.0,32.58,None,0.321,68.2,,39293000,625259000,625259000,,,,,,,,,2385000,238272000,None,10098000,10098000,71194000,None,14206000,90057000,None,None,27289000,,,,,0.047,0.19,-141738000,-114449000,4.61,2014-12-31,24.27,39915000,6180100000.0,150792000,-173390000,61679000,29000000,29000000,None,0,None,30848000,None,None,753642000,None,None,-203417000,None,None,None,0.403,,292530000,-149872000,38500000,237542000,None,34455000,None,,,,,0.58,6.1,10.12,,,,,,,,0.314,,715812000,2025-11-10,quarterly,4.8,USD,post-market,248540000,-4705450000,0.12,0.223,0.11,45.68,43990000,824947000,32012000,761847000,440.65,433.26,4.1215,2336309000,1546511000,368254000,1238496000,788168000,870242000,160890000,1075006000,32.58,0,519.68,362.5
2025-12-28,VRTX,14.21,11723300000.0,32.58,None,0.321,68.2,,42200000,718563000,718563000,,,,,,,,,2375000,236137000,None,10098000,10098000,38472000,None,None,114308000,None,None,27289000,,,,,0.047,0.19,-141738000,-114449000,4.61,2014-09-30,24.27,30992000,6180100000.0,150792000,-173390000,61679000,30992000,30992000,None,0,None,16753000,None,None,767912000,None,None,-203417000,None,None,None,0.403,,292530000,-149872000,41298000,294372000,None,33168000,None,,,,,0.58,6.1,10.12,,,,,,,,0.314,,720878000,2025-11-10,quarterly,4.8,USD,post-market,248540000,-4528794000,0.12,0.223,0.11,45.68,43990000,828236000,18124000,759174000,440.65,433.26,4.1215,2406086000,1650096000,372178000,1250181000,755990000,1250181000,160890000,1155905000,32.58,0,519.68,362.5
2025-12-28,VRTX,14.21,11723300000.0,32.58,None,0.321,68.2,,45053000,420558000,420558000,,,,,,,,,2347000,233808000,None,10098000,10098000,55363000,None,None,81842000,None,None,27289000,,,,,0.047,0.19,-141738000,-114449000,4.61,2014-06-30,24.27,30992000,6180100000.0,150792000,-173390000,61679000,30992000,30992000,None,0,None,11982000,None,None,473268000,None,None,-203417000,None,None,None,0.403,,292530000,-149872000,34399000,260729000,None,26152000,None,,,,,0.58,6.1,10.12,,,,,,,,0.314,,730000000,2025-11-10,quarterly,4.8,USD,post-market,248540000,-4358734000,0.12,0.223,0.11,45.68,43990000,538028000,19707000,798603000,440.65,433.26,4.1215,2117820000,1347384000,362973000,945551000,770436000,945551000,160890000,1172269000,32.58,0,519.68,362.5
2025-12-28,VRTX,14.21,11723300000.0,32.58,None,0.321,68.2,,49495000,424045000,424045000,,,,,,,,,2334000,232887000,None,10098000,10098000,49571000,None,None,59858000,None,None,27289000,,,,,0.047,0.19,-141738000,-114449000,4.61,2014-03-31,24.27,30992000,6180100000.0,150792000,-173390000,61679000,30992000,30992000,None,0,None,11261000,None,None,473360000,None,None,-203417000,None,None,None,0.403,,292530000,-149872000,35011000,276770000,None,25986000,None,,,,,0.58,6.1,10.12,,,,,,,,0.314,,726204000,2025-11-10,quarterly,4.8,USD,post-market,248540000,-4199352000,0.12,0.223,0.11,45.68,43990000,541178000,18323000,900155000,440.65,433.26,4.1215,2197108000,1430330000,373500000,966230000,766778000,966230000,160890000,1230878000,32.58,0,519.68,362.5
2025-12-28,VRTX,14.21,11723300000.0,32.58,None,0.321,68.2,,48754000,569299000,569299000,,,,,,,,,2320000,235717000,None,10098000,10098000,49327000,None,None,85517000,None,None,27289000,,,,,0.047,0.19,-141738000,-114449000,4.61,2013-12-31,24.27,30992000,6180100000.0,150792000,-173390000,61679000,30992000,30992000,None,0,None,14147000,None,None,440937000,None,None,-203417000,None,None,None,0.403,,292530000,-149872000,23836000,310099000,None,25657000,None,,,,,0.58,6.1,10.12,,,,,,,,0.314,,696911000,2025-11-10,quarterly,4.8,USD,post-market,248540000,-3966895000,0.12,0.223,0.11,45.68,43990000,506584000,16893000,895777000,440.65,433.26,4.1215,2319041000,1588576000,397829000,962636000,730465000,962636000,160890000,1356405000,32.58,0,519.68,362.5
2025-12-28,VRTX,14.21,11723300000.0,32.58,None,0.321,68.2,,39381000,583181000,583181000,,,,,,,,,2311000,230505000,None,10098000,10098000,51533000,None,None,120281000,None,None,27289000,,,,,0.047,0.19,-141738000,-114449000,4.61,2013-09-30,24.27,30992000,6180100000.0,150792000,-173390000,61679000,250600000,250600000,None,0,None,13543000,None,None,392569000,None,None,-203417000,None,None,None,0.403,,292530000,-149872000,41105000,312530000,None,27062000,None,,,,,0.58,6.1,10.12,,,,,,,,0.314,,648924000,2025-11-10,quarterly,4.8,USD,post-market,248540000,-4011180000,0.12,0.223,0.11,45.68,43990000,446379000,14429000,839469000,440.65,433.26,4.1215,2582755000,1648638000,409499000,1096069000,934117000,1096069000,160890000,1264894000,32.58,0,519.68,362.5
2025-12-28,VRTX,14.21,11723300000.0,32.58,None,0.321,68.2,,28088000,531247000,531247000,,,,,,,,,2300000,222053000,None,10098000,10098000,48570000,None,None,164866000,None,None,27289000,,,,,0.047,0.19,-141738000,-114449000,4.61,2013-06-30,24.27,30992000,6180100000.0,150792000,-173390000,61679000,250600000,250600000,None,0,None,19509000,None,None,387188000,None,None,-203417000,None,None,None,0.403,,292530000,-149872000,43231000,289518000,None,33054000,None,,,,,0.58,6.1,10.12,,,,,,,,0.314,,581738000,2025-11-10,quarterly,4.8,USD,post-market,248540000,-3887048000,0.12,0.223,0.11,45.68,43990000,397852000,10664000,899449000,440.65,433.26,4.1215,2584329000,1716590000,381652000,1035666000,867739000,1035666000,160890000,1322453000,32.58,0,519.68,362.5
2025-12-28,VRTX,14.21,11723300000.0,32.58,None,0.321,68.2,,14755000,379099000,379099000,,,,,,,,,2160000,215421000,None,10098000,10098000,59627000,None,None,194054000,None,None,27289000,,,,,0.047,0.19,-141738000,-114449000,4.61,2013-03-31,24.27,30992000,6180100000.0,150792000,-173390000,61679000,250600000,250600000,None,0,None,21532000,None,None,716821000,None,None,-203417000,None,None,None,0.403,,292530000,-149872000,47835000,304177000,None,34226000,None,,,,,0.58,6.1,10.12,,,,,,,,0.314,,504232000,2025-11-10,quarterly,4.8,USD,post-market,248540000,-3829883000,0.12,0.223,0.11,45.68,43990000,739878000,8302000,860255000,440.65,433.26,4.1215,2392234000,1565783000,407639000,1415402000,826451000,1415402000,160890000,746115000,32.58,0,519.68,362.5
2025-12-28,VRTX,14.21,11723300000.0,32.58,None,0.321,68.2,,15170000,489407000,489407000,,,,,,,,,2149000,214607000,None,10098000,10098000,101292000,None,None,143250000,None,None,27289000,,,,,0.047,0.19,-141738000,-114449000,4.61,2012-12-31,24.27,30992000,6180100000.0,150792000,-173390000,61679000,663500000,663500000,None,0,None,30464000,None,None,668031000,None,None,-203417000,None,None,None,0.403,,292530000,-149872000,24673000,290059000,None,32472000,None,,,,,0.58,6.1,10.12,,,,,,,,0.314,,433609000,2025-11-10,quarterly,4.8,USD,post-market,248540000,-3521867000,0.12,0.223,0.11,45.68,43990000,696908000,13707000,831808000,440.65,433.26,4.1215,2759288000,1589585000,432624000,1524906000,1169703000,1524906000,160890000,999180000,32.58,0,519.68,362.5
2025-12-28,VRTX,14.21,11723300000.0,32.58,None,0.321,68.2,,None,436886000,436886000,,,,,,,,,2141000,213767000,None,10098000,10098000,83732000,None,None,139629000,None,None,27289000,,,,,0.047,0.19,-141738000,-114449000,4.61,2012-09-30,24.27,30992000,6180100000.0,150792000,-173390000,61679000,663500000,663500000,None,0,None,86275000,None,None,615956000,None,None,-203417000,None,None,None,0.403,,292530000,-149872000,1333665000,619527000,None,48298000,None,,,,,0.58,6.1,10.12,,,,,,,,0.314,,347249000,2025-11-10,quarterly,4.8,USD,post-market,248540000,-3445719000,0.12,0.223,0.11,45.68,43990000,835845000,219889000,861656000,440.65,433.26,4.1215,2718823000,1634523000,1054077000,1454077000,1084300000,400000000,160890000,1027733000,32.58,0,519.68,362.5
2025-12-28,VRTX,14.21,11723300000.0,32.58,None,0.321,68.2,,None,454061000,454061000,,,,,,,,,2133000,211344000,None,10098000,10098000,59352000,None,None,185618000,None,None,27289000,,,,,0.047,0.19,-141738000,-114449000,4.61,2012-06-30,24.27,30992000,6180100000.0,150792000,-173390000,61679000,663500000,663500000,None,0,None,87805000,None,None,560291000,None,None,-203417000,None,None,None,0.403,,292530000,-149872000,1263858000,536034000,None,48159000,None,,,,,0.58,6.1,10.12,,,,,,,,0.314,,272561000,2025-11-10,quarterly,4.8,USD,post-market,248540000,-3388176000,0.12,0.223,0.11,45.68,43990000,788786000,228495000,769273000,440.65,433.26,4.1215,2604856000,1593305000,961249000,1361249000,1011551000,400000000,160890000,1037773000,32.58,0,519.68,362.5
2025-12-28,VRTX,14.21,11723300000.0,32.58,None,0.321,68.2,,None,267923000,267923000,,,,,,,,,2087000,219264000,None,10098000,10098000,73226000,None,None,232228000,None,None,27289000,,,,,0.047,0.19,-141738000,-114449000,4.61,2012-03-31,24.27,30992000,6180100000.0,150792000,-173390000,61679000,663500000,663500000,None,0,None,129595000,None,None,494179000,None,None,-203417000,None,None,None,0.403,,292530000,-149872000,1016274000,426687000,None,31657000,None,,,,,0.58,6.1,10.12,,,,,,,,0.314,,170331000,2025-11-10,quarterly,4.8,USD,post-market,248540000,-3323245000,0.12,0.223,0.11,45.68,43990000,687852000,193673000,712944000,440.65,433.26,4.1215,2345843000,1436114000,840266000,1240266000,909729000,400000000,160890000,930498000,32.58,0,519.68,362.5
2025-12-28,VRTX,14.21,11723300000.0,32.58,None,0.321,68.2,,None,475320000,475320000,,,,,,,,,2072000,219264000,None,10098000,10098000,74642000,None,None,183135000,None,None,27289000,,,,,0.047,0.19,-141738000,-114449000,4.61,2011-12-31,24.27,30992000,6180100000.0,150792000,-173390000,61679000,663500000,663500000,None,0,None,112430000,None,None,455950000,None,None,-203417000,None,None,None,0.403,,292530000,-149872000,66767000,260594000,None,28668000,None,,,,,0.58,6.1,10.12,,,,,,,,0.314,,133176000,2025-11-10,quarterly,4.8,USD,post-market,248540000,-3414835000,0.12,0.223,0.11,45.68,43990000,468025000,12075000,493602000,440.65,433.26,4.1215,2204280000,1331254000,392348000,1238768000,873026000,846420000,160890000,786843000,32.58,0,519.68,362.5
2025-12-28,VRTX,14.21,11723300000.0,32.58,None,0.321,68.2,,None,542545000,542545000,,,,,,,,,2065000,219349000,None,10098000,10098000,49248000,None,None,445661000,None,None,27289000,,,,,0.047,0.19,-141738000,-114449000,4.61,2011-09-30,24.27,33501000,6180100000.0,150792000,-173390000,61679000,663500000,663500000,None,0,None,67654000,None,None,425474000,None,None,-203417000,None,None,None,0.403,,292530000,-149872000,681930000,438994000,None,29324000,None,,,,,0.58,6.1,10.12,,,,,,,,0.314,,101268000,2025-11-10,quarterly,4.8,USD,post-market,248540000,-3573464000,0.12,0.223,0.11,45.68,43990000,523890000,98416000,116140000,440.65,433.26,4.1215,2091998000,1245825000,768574000,1361152000,846173000,592578000,160890000,579762000,32.58,0,519.68,362.5
2025-12-28,VRTX,14.21,11723300000.0,32.58,None,0.321,68.2,,None,458195000,458195000,,,,,,,,,2055000,204413000,None,10098000,10098000,67275000,None,None,96016000,None,None,27289000,,,,,0.047,0.19,-141738000,-114449000,4.61,2011-06-30,24.27,33501000,6180100000.0,150792000,-173390000,61679000,769300000,769300000,None,0,None,52622000,None,None,411181000,None,None,-203417000,None,None,None,0.403,,292530000,-149872000,678486000,255844000,None,29287000,None,,,,,0.58,6.1,10.12,,,,,,,,0.314,,84203000,2025-11-10,quarterly,4.8,USD,post-market,248540000,-3794574000,0.12,0.223,0.11,45.68,43990000,505845000,94664000,135296000,440.65,433.26,4.1215,1763100000,827124000,616837000,1198632000,935976000,581795000,160890000,307549000,32.58,0,519.68,362.5
2025-12-28,VRTX,14.21,11723300000.0,32.58,None,0.321,68.2,,None,446536000,446536000,,,,,,,,,2033000,202329000,None,10098000,10098000,34881000,None,None,5594000,None,None,27289000,,,,,0.047,0.19,-141738000,-114449000,4.61,2011-03-31,24.27,26102000,6180100000.0,150792000,-173390000,61679000,518700000,518700000,None,0,None,17816000,None,None,400000000,None,None,-203417000,None,None,None,0.403,,292530000,-149872000,855158000,224232000,None,25926000,None,,,,,0.58,6.1,10.12,,,,,,,,0.314,,70877000,2025-11-10,quarterly,4.8,USD,post-market,248540000,-3620505000,0.12,0.223,0.11,45.68,43990000,492100000,92100000,376916000,440.65,433.26,4.1215,1538487000,872974000,569822000,1146815000,665513000,576993000,160890000,391672000,32.58,0,519.68,362.5
2025-12-28,VRTX,14.21,11723300000.0,32.58,None,0.321,68.2,,None,243197000,243197000,,,,,,,,,2016000,202329000,None,10098000,10098000,35851000,None,None,12529000,None,None,27289000,,,,,0.047,0.19,-141738000,-114449000,4.61,2010-12-31,24.27,26102000,6180100000.0,150792000,-173390000,61679000,518700000,518700000,None,0,None,0,None,None,400000000,None,None,-203417000,None,None,None,0.403,,292530000,-149872000,13099000,227322000,None,26363000,None,,,,,0.58,6.1,10.12,,,,,,,,0.314,,72333000,2025-11-10,quarterly,4.8,USD,post-market,248540000,-3444409000,0.12,0.223,0.11,45.68,43990000,536991000,136991000,788214000,440.65,433.26,4.1215,1725446000,1057039000,474783000,1221473000,668407000,746690000,160890000,503973000,32.58,0,519.68,362.5
2025-12-28,VRTX,14.21,11723300000.0,32.58,None,0.321,68.2,,None,569901000,569901000,,,,,,,,,2012000,200887000,None,10098000,10098000,24644000,None,None,4964000,None,None,27289000,,,,,0.047,0.19,-141738000,-114449000,4.61,2010-09-30,24.27,26102000,6180100000.0,150792000,-173390000,61679000,518700000,518700000,None,0,None,0,None,None,400000000,None,None,-203417000,None,None,None,0.403,,292530000,-149872000,18464000,163650000,None,116803000,None,,,,,0.58,6.1,10.12,,,,,,,,0.314,,65439000,2025-11-10,quarterly,4.8,USD,post-market,248540000,-3264017000,0.12,0.223,0.11,45.68,43990000,568872000,168872000,633110000,440.65,433.26,4.1215,1888829000,1226439000,634105000,1238733000,662390000,604628000,160890000,650096000,32.58,0,519.68,362.5
2025-12-28,VRTX,14.21,11723300000.0,32.58,None,0.321,68.2,,None,337608000,337608000,,,,,,,,,2007000,200397000,None,10098000,10098000,46495000,None,None,3548000,None,None,27289000,,,,,0.047,0.19,-141738000,-114449000,4.61,2010-06-30,24.27,26102000,6180100000.0,150792000,-173390000,61679000,518700000,518700000,None,0,None,0,None,None,86407000,None,None,-203417000,None,None,None,0.403,,292530000,-149872000,21862000,54778000,None,116108000,None,,,,,0.58,6.1,10.12,,,,,,,,0.314,,60438000,2025-11-10,quarterly,4.8,USD,post-market,248540000,-3055060000,0.12,0.223,0.11,45.68,43990000,86407000,15442000,641537000,440.65,433.26,4.1215,1654202000,1004555000,164104000,827067000,649647000,662963000,160890000,827135000,32.58,0,519.68,362.5
2025-12-28,VRTX,14.21,11723300000.0,32.58,None,0.321,68.2,,None,396547000,396547000,,,,,,,,,2002000,198935000,None,10098000,10098000,29121000,None,None,7876000,None,None,27289000,,,,,0.047,0.19,-141738000,-114449000,4.61,2010-03-31,24.27,26102000,6180100000.0,150792000,-173390000,61679000,518700000,518700000,None,0,None,0,None,None,125316000,None,None,-203417000,None,None,None,0.403,,292530000,-149872000,26209000,112844000,None,153008000,None,,,,,0.58,6.1,10.12,,,,,,,,0.314,,58109000,2025-11-10,quarterly,4.8,USD,post-market,248540000,-2855054000,0.12,0.223,0.11,45.68,43990000,125316000,164490000,696136000,440.65,433.26,4.1215,1770302000,1126768000,211540000,779690000,643534000,568150000,160890000,990612000,32.58,0,519.68,362.5
2025-12-28,VRTX,14.21,11723300000.0,32.58,None,0.321,68.2,,None,446658000,446658000,,,,,,,,,1982000,198935000,None,10098000,10098000,36989000,None,None,9601000,None,None,27289000,,,,,0.047,0.19,-141738000,-114449000,4.61,2009-12-31,24.27,26102000,6180100000.0,150792000,-173390000,61679000,518700000,518700000,None,0,None,None,None,None,121765000,None,None,-203417000,None,None,None,0.403,,292530000,-149872000,12512000,108796000,None,None,None,,,,,0.58,6.1,10.12,,,,,,,,0.314,,62279000,2025-11-10,quarterly,4.8,USD,post-market,248540000,-2689783000,0.12,0.223,0.11,45.68,43990000,185907000,64142000,838255000,440.65,433.26,4.1215,1955488000,1307026000,284883000,859142000,648462000,574259000,160890000,1096346000,32.58,None,519.68,362.5
2025-12-28,VRTX,14.21,11723300000.0,32.58,None,0.321,68.2,,None,559133000,559133000,,,,,,,,,1791000,178735000,None,10098000,10098000,19962000,None,None,42956000,None,None,27289000,,,,,0.047,0.19,-141738000,-114449000,4.61,2009-09-30,24.27,26102000,6180100000.0,150792000,-173390000,61679000,525900000,525900000,None,0,None,-856610000,None,None,262840000,None,None,-203417000,None,None,None,0.403,,292530000,-149872000,14500000,136795000,None,None,None,,,,,0.58,6.1,10.12,,,,,,,,0.314,,62444000,2025-11-10,quarterly,4.8,USD,post-market,248540000,-2531139000,0.12,0.223,0.11,45.68,43990000,262840000,175899000,297477000,440.65,433.26,4.1215,1573491000,914066000,231366000,964747000,659425000,733381000,160890000,608744000,32.58,None,519.68,362.5
2025-12-28,VRTX,14.21,11723300000.0,32.58,None,0.321,68.2,,None,408949000,408949000,,,,,,,,,1784000,172563000,None,10098000,10098000,27494000,None,None,14762000,None,None,27289000,,,,,0.047,0.19,-141738000,-114449000,4.61,2009-06-30,24.27,26883000,6180100000.0,150792000,-173390000,61679000,525900000,525900000,None,0,None,None,None,None,144000000,None,None,-203417000,None,None,None,0.403,,292530000,-149872000,13630000,21255000,None,None,None,,,,,0.58,6.1,10.12,,,,,,,,0.314,,64358000,2025-11-10,quarterly,4.8,USD,post-market,248540000,-2381574000,0.12,0.223,0.11,45.68,43990000,144000000,95831000,345415000,440.65,433.26,4.1215,1439876000,782756000,183680000,710819000,657120000,527139000,160890000,729057000,32.58,None,519.68,362.5
2025-12-28,VRTX,14.21,11723300000.0,32.58,None,0.321,68.2,,None,602199000,602199000,,,,,,,,,1707000,155860000,None,10098000,10098000,22700000,None,None,16702000,None,None,27289000,,,,,0.047,0.19,-141738000,-114449000,4.61,2009-03-31,24.27,26883000,6180100000.0,150792000,-173390000,61679000,525900000,525900000,None,0,None,None,None,None,287500000,None,None,-203417000,None,None,None,0.403,,292530000,-149872000,16285000,118920000,None,None,None,,,,,0.58,6.1,10.12,,,,,,,,0.314,,66601000,2025-11-10,quarterly,4.8,USD,post-market,248540000,-2210277000,0.12,0.223,0.11,45.68,43990000,287500000,97665000,266987000,440.65,433.26,4.1215,1565883000,902173000,179299000,859032000,663710000,679733000,160890000,706851000,32.58,None,519.68,362.5
2025-12-28,VRTX,14.21,11723300000.0,32.58,None,0.321,68.2,,None,389115000,389115000,,,,,,,,,1494000,155860000,None,10098000,10098000,51760000,None,None,23489000,None,None,27289000,,,,,0.047,0.19,-141738000,-114449000,4.61,2008-12-31,24.27,None,6180100000.0,150792000,-173390000,61679000,None,None,None,0,None,None,None,None,287500000,None,None,-203417000,None,None,None,0.403,,292530000,-149872000,11991000,127126000,None,None,None,,,,,0.58,6.1,10.12,,,,,,,,0.314,,68331000,2025-11-10,quarterly,4.8,USD,post-market,248540000,-2047605000,0.12,0.223,0.11,45.68,43990000,287500000,105871000,442986000,440.65,433.26,4.1215,980479000,867581000,216564000,741605000,112898000,525041000,160890000,238874000,32.58,None,519.68,362.5
2025-12-28,VRTX,14.21,11723300000.0,32.58,None,0.321,68.2,,None,542876000,542876000,,,,,,,,,1484000,140109000,None,10098000,10098000,31465000,None,None,21966000,None,None,27289000,,,,,0.047,0.19,-141738000,-114449000,4.61,2008-09-30,24.27,None,6180100000.0,150792000,-173390000,61679000,None,None,None,0,None,None,None,None,287500000,None,None,-203417000,None,None,None,0.403,,292530000,-149872000,10985000,112594000,None,None,None,,,,,0.58,6.1,10.12,,,,,,,,0.314,,69713000,2025-11-10,quarterly,4.8,USD,post-market,248540000,-1905273000,0.12,0.223,0.11,45.68,43990000,287500000,91284000,377191000,440.65,433.26,4.1215,1067554000,953018000,180463000,717661000,114536000,537198000,160890000,349893000,32.58,None,519.68,362.5
2025-12-28,VRTX,14.21,11723300000.0,32.58,None,0.321,68.2,,None,549632000,549632000,,,,,,,,,1392000,138725000,None,10098000,10098000,36345000,None,None,15365000,None,None,27289000,,,,,0.047,0.19,-141738000,-114449000,4.61,2008-06-30,24.27,None,6180100000.0,150792000,-173390000,61679000,None,None,None,0,None,None,None,None,287500000,None,None,-203417000,None,None,None,0.403,,292530000,-149872000,10201000,110974000,None,None,None,,,,,0.58,6.1,10.12,,,,,,,,0.314,,66630000,2025-11-10,quarterly,4.8,USD,post-market,248540000,-1775229000,0.12,0.223,0.11,45.68,43990000,287500000,89664000,282430000,440.65,433.26,4.1215,970805000,857628000,182894000,730880000,113177000,547986000,160890000,239925000,32.58,None,519.68,362.5
2025-12-28,VRTX,14.21,11723300000.0,32.58,None,0.321,68.2,,None,490696000,490696000,,,,,,,,,1385000,134471000,None,10098000,10098000,31281000,None,None,24825000,None,None,27289000,,,,,0.047,0.19,-141738000,-114449000,4.61,2008-03-31,24.27,None,6180100000.0,150792000,-173390000,61679000,None,None,None,0,None,None,None,None,287500000,None,None,-203417000,None,None,None,0.403,,292530000,-149872000,9470000,118359000,None,None,None,,,,,0.58,6.1,10.12,,,,,,,,0.314,,64712000,2025-11-10,quarterly,4.8,USD,post-market,248540000,-1683908000,0.12,0.223,0.11,45.68,43990000,287500000,77052000,258947000,440.65,433.26,4.1215,889505000,783938000,173323000,585250000,105567000,411927000,160890000,304255000,32.58,None,519.68,362.5
2025-12-28,VRTX,14.21,11723300000.0,32.58,None,0.321,68.2,,None,355663000,355663000,,,,,,,,,1312000,134471000,None,10098000,10098000,32750000,None,None,31320000,None,None,27289000,,,,,0.047,0.19,-141738000,-114449000,4.61,2007-12-31,24.27,None,6180100000.0,150792000,-173390000,61679000,None,None,None,0,None,None,None,None,None,None,None,-203417000,None,None,None,0.403,,292530000,-149872000,4660000,121004000,None,None,None,,,,,0.58,6.1,10.12,,,,,,,,0.314,,66509000,2025-11-10,quarterly,4.8,USD,post-market,248540000,-1587754000,0.12,0.223,0.11,45.68,43990000,19997000,19997000,105208000,440.65,433.26,4.1215,601477000,496851000,199279000,330182000,104626000,130903000,160890000,271295000,32.58,None,519.68,362.5
2025-12-28,VRTX,14.21,11723300000.0,32.58,None,0.321,68.2,,None,253979000,253979000,,,,,,,,,1304000,130006000,None,10098000,10098000,25757000,None,None,34658000,None,None,27289000,,,,,0.047,0.19,-141738000,-114449000,4.61,2007-09-30,24.27,None,6180100000.0,150792000,-173390000,61679000,None,None,None,0,None,None,None,None,None,None,None,-203417000,None,None,None,0.403,,292530000,-149872000,6071000,115937000,None,None,None,,,,,0.58,6.1,10.12,,,,,,,,0.314,,68900000,2025-11-10,quarterly,4.8,USD,post-market,248540000,-1502003000,0.12,0.223,0.11,45.68,43990000,19997000,19997000,248571000,440.65,433.26,4.1215,655148000,543279000,185708000,323113000,111869000,137405000,160890000,332035000,32.58,None,519.68,362.5
2025-12-28,VRTX,14.21,11723300000.0,32.58,None,0.321,68.2,,None,168718000,168718000,,,,,,,,,1297000,129269000,None,10098000,10098000,17754000,None,None,37189000,None,None,27289000,,,,,0.047,0.19,-141738000,-114449000,4.61,2007-06-30,24.27,None,6180100000.0,150792000,-173390000,61679000,None,None,None,0,None,None,None,None,None,None,None,-203417000,None,None,None,0.403,,292530000,-149872000,7501000,98613000,None,None,None,,,,,0.58,6.1,10.12,,,,,,,,0.314,,67771000,2025-11-10,quarterly,4.8,USD,post-market,248540000,-1394970000,0.12,0.223,0.11,45.68,43990000,62099000,62099000,424249000,440.65,433.26,4.1215,761070000,637657000,202902000,346485000,123413000,143583000,160890000,414585000,32.58,None,519.68,362.5
2025-12-28,VRTX,14.21,11723300000.0,32.58,None,0.321,68.2,,None,354328000,354328000,,,,,,,,,1288000,125756000,None,10098000,10098000,9141000,None,None,44099000,None,None,27289000,,,,,0.047,0.19,-141738000,-114449000,4.61,2007-03-31,24.27,None,6180100000.0,150792000,-173390000,61679000,None,None,None,0,None,None,None,None,19997000,None,None,-203417000,None,None,None,0.403,,292530000,-149872000,7301000,86118000,None,None,None,,,,,0.58,6.1,10.12,,,,,,,,0.314,,61423000,2025-11-10,quarterly,4.8,USD,post-market,248540000,-1277203000,0.12,0.223,0.11,45.68,43990000,65226000,45229000,300812000,440.65,433.26,4.1215,835095000,706540000,174588000,333796000,128555000,159208000,160890000,501299000,32.58,None,519.68,362.5
2025-12-28,VRTX,14.21,11723300000.0,32.58,None,0.321,68.2,,None,213171000,213171000,,,,,,,,,1244000,125756000,None,10098000,10098000,15368000,None,None,62923000,None,None,27289000,,,,,0.047,0.19,-141738000,-114449000,4.61,2006-12-31,24.27,None,6180100000.0,150792000,-173390000,61679000,None,None,None,0,None,None,None,None,19997000,None,None,-203417000,None,None,None,0.403,,292530000,-149872000,3857000,97999000,None,None,None,,,,,0.58,6.1,10.12,,,,,,,,0.314,,61535000,2025-11-10,quarterly,4.8,USD,post-market,248540000,-1196475000,0.12,0.223,0.11,45.68,43990000,123755000,103758000,491455000,440.65,433.26,4.1215,921579000,771406000,251014000,415644000,150173000,164630000,160890000,505935000,32.58,None,519.68,362.5
2025-12-28,VRTX,14.21,11723300000.0,32.58,None,0.321,68.2,,None,483431000,483431000,,,,,,,,,1234000,112803000,None,10098000,10098000,7144000,None,None,42614000,None,None,27289000,,,,,0.047,0.19,-141738000,-114449000,4.61,2006-09-30,24.27,None,6180100000.0,150792000,-173390000,61679000,None,None,None,0,None,None,None,None,79645000,None,None,-203417000,None,None,None,0.403,,292530000,-149872000,5331000,75017000,None,None,None,,,,,0.58,6.1,10.12,,,,,,,,0.314,,61135000,2025-11-10,quarterly,4.8,USD,post-market,248540000,-1169131000,0.12,0.223,0.11,45.68,43990000,101750000,42102000,211324000,440.65,433.26,4.1215,902111000,742700000,161455000,394342000,159411000,232887000,160890000,507769000,32.58,None,519.68,362.5
2025-12-28,VRTX,14.21,11723300000.0,32.58,None,0.321,68.2,,None,41430000,41430000,,,,,,,,,1089000,108523000,None,10098000,10098000,8277000,None,None,183668000,None,None,27289000,,,,,0.047,0.19,-141738000,-114449000,4.61,2006-06-30,24.27,None,6180100000.0,150792000,-173390000,61679000,None,None,None,0,None,None,None,None,180092000,None,None,-203417000,None,None,None,0.403,,292530000,-149872000,6580000,57527000,None,None,None,,,,,0.58,6.1,10.12,,,,,,,,0.314,,59971000,2025-11-10,quarterly,4.8,USD,post-market,248540000,-1117329000,0.12,0.223,0.11,45.68,43990000,180092000,None,220911000,440.65,433.26,4.1215,625478000,452589000,108735000,450482000,172889000,341747000,160890000,174996000,32.58,None,519.68,362.5
2025-12-28,VRTX,14.21,11723300000.0,32.58,None,0.321,68.2,,None,81827000,81827000,,,,,,,,,1081000,107440000,None,10098000,10098000,6259000,None,None,23779000,None,None,27289000,,,,,0.047,0.19,-141738000,-114449000,4.61,2006-03-31,24.27,None,6180100000.0,150792000,-173390000,61679000,None,None,None,0,None,None,None,None,180097000,None,None,-203417000,None,None,None,0.403,,292530000,-149872000,6810000,52328000,None,None,None,,,,,0.58,6.1,10.12,,,,,,,,0.314,,55869000,2025-11-10,quarterly,4.8,USD,post-market,248540000,-1039671000,0.12,0.223,0.11,45.68,43990000,180097000,49340000,257632000,440.65,433.26,4.1215,524658000,370048000,82243000,291746000,154610000,209503000,160890000,232912000,32.58,None,519.68,362.5
2025-12-28,VRTX,14.21,11723300000.0,32.58,None,0.321,68.2,,None,78045000,78045000,,,,,,,,,1081000,107440000,None,10098000,10098000,6210000,None,None,20595000,None,None,27289000,,,,,0.047,0.19,-141738000,-114449000,4.61,2005-12-31,24.27,None,6180100000.0,150792000,-173390000,61679000,None,None,None,0,None,None,None,None,180097000,None,None,-203417000,None,None,None,0.403,,292530000,-149872000,3303000,62584000,None,None,None,,,,,0.58,6.1,10.12,,,,,,,,0.314,,54533000,2025-11-10,quarterly,4.8,USD,post-market,248540000,-989584000,0.12,0.223,0.11,45.68,43990000,180097000,59596000,283112000,440.65,433.26,4.1215,548998000,385055000,100243000,309822000,163943000,209579000,160890000,239176000,32.58,None,519.68,362.5
2025-12-28,VRTX,14.21,11723300000.0,32.58,None,0.321,68.2,,None,101619000,101619000,,,,,,,,,989000,94590000,None,10098000,10098000,6460000,None,None,20764000,None,None,27289000,,,,,0.047,0.19,-141738000,-114449000,4.61,2005-09-30,24.27,None,6180100000.0,150792000,-173390000,61679000,None,None,None,0,None,None,None,None,294547000,None,None,-203417000,None,None,None,0.403,,292530000,-149872000,4405000,82839000,None,None,None,,,,,0.58,6.1,10.12,,,,,,,,0.314,,56127000,2025-11-10,quarterly,4.8,USD,post-market,248540000,-951453000,0.12,0.223,0.11,45.68,43990000,294547000,79864000,297546000,440.65,433.26,4.1215,550575000,424334000,121810000,417263000,126241000,295453000,160890000,133312000,32.58,None,519.68,362.5
2025-12-28,VRTX,14.21,11723300000.0,32.58,None,0.321,68.2,,1749500000,4569600000,4569600000,,,,,,,,,2600000,257900000,None,10098000,10098000,413000000,None,None,1609400000,None,None,27289000,,,,,0.047,0.19,-141738000,-114449000,4.61,2024-12-31,24.27,1088000000,6180100000.0,150792000,-173390000,61679000,825900000,825900000,None,0,None,1205400000,None,None,None,None,5107900000,-203417000,None,None,None,0.403,,292530000,-149872000,665700000,2691400000,None,203200000,None,,,,,0.58,6.1,10.12,,,,,,,,0.314,,None,2025-11-10,annual,4.8,USD,post-market,248540000,9606800000,0.12,0.223,0.11,45.68,43990000,1749500000,92300000,1546300000,440.65,433.26,4.1215,22533200000,9596400000,3564600000,6123600000,12936800000,2559000000,160890000,16409600000,32.58,None,519.68,362.5
2025-12-28,VRTX,14.21,11723300000.0,32.58,None,0.321,68.2,,808400000,10369100000,10369100000,,,,,,,,,2600000,260500000,None,10098000,10098000,364900000,None,None,1563400000,None,None,27289000,,,,,0.047,0.19,-141738000,-114449000,4.61,2023-12-31,24.27,1088000000,6180100000.0,150792000,-173390000,61679000,839900000,839900000,None,0,None,738800000,None,None,None,None,2497800000,-203417000,None,None,None,0.403,,292530000,-149872000,623700000,2829000000,None,196300000,None,,,,,0.58,6.1,10.12,,,,,,,,0.314,,None,2025-11-10,annual,4.8,USD,post-market,248540000,10142400000,0.12,0.223,0.11,45.68,43990000,808400000,83700000,849200000,440.65,433.26,4.1215,22730200000,14144200000,3547400000,5149800000,8586000000,1602400000,160890000,17580400000,32.58,None,519.68,362.5
2025-12-28,VRTX,14.21,11723300000.0,32.58,None,0.321,68.2,,471600000,10504000000,10504000000,,,,,,,,,2600000,259100000,None,10098000,10098000,303900000,None,None,1442200000,None,None,27289000,,,,,0.047,0.19,-141738000,-114449000,4.61,2022-12-31,24.27,1088000000,6180100000.0,150792000,-173390000,61679000,603600000,603600000,None,0,None,460600000,None,None,None,None,112200000,-203417000,None,None,None,0.403,,292530000,-149872000,553500000,2065900000,None,1496100000,None,,,,,0.58,6.1,10.12,,,,,,,,0.314,,1455800000,2025-11-10,annual,4.8,USD,post-market,248540000,6522800000,0.12,0.223,0.11,45.68,43990000,899700000,89400000,274500000,440.65,433.26,4.1215,18150900000,13234800000,2742100000,4238200000,4916100000,1496100000,160890000,13912700000,32.58,None,519.68,362.5
2025-12-28,VRTX,14.21,11723300000.0,32.58,None,0.321,68.2,,556700000,6795000000,6795000000,,,,,,,,,2500000,259899999,None,10098000,10098000,195000000,None,None,1136800000,None,None,27289000,,,,,0.047,0.19,-141738000,-114449000,4.61,2021-12-31,24.27,1002200000,6180100000.0,150792000,-173390000,61679000,400000000,400000000,None,0,None,353100000,None,None,None,None,None,-203417000,None,None,None,0.403,,292530000,-149872000,545800000,1483800000,None,902200000,None,,,,,0.58,6.1,10.12,,,,,,,,0.314,,1094100000,2025-11-10,annual,4.8,USD,post-market,248540000,3200800000,0.12,0.223,0.11,45.68,43990000,967400000,80200000,729900000,440.65,433.26,4.1215,13432500000,9560600000,2142000000,3332500000,3871900000,1190500000,160890000,10100000000,32.58,None,519.68,362.5
2025-12-28,VRTX,14.21,11723300000.0,32.58,None,0.321,68.2,,581476000,5988200000,5988200000,,,,,,,,,2599000,263396000,None,10098000,10098000,155100000,None,None,885400000,None,None,27289000,,,,,0.047,0.19,-141738000,-114449000,4.61,2020-12-31,24.27,1002200000,6180100000.0,150792000,-173390000,61679000,400000000,400000000,None,0,None,280777000,None,None,None,None,None,-203417000,None,None,None,0.403,,292530000,-149872000,308323000,1384327000,None,1187460000,None,,,,,0.58,6.1,10.12,,,,,,,,0.314,,958534000,2025-11-10,annual,4.8,USD,post-market,248540000,858669000,0.12,0.223,0.11,45.68,43990000,931900000,42400000,670700000,440.65,433.26,4.1215,11751808000,8133400000,1877500000,3065000000,3618400000,1187500000,160890000,8686800000,32.58,None,519.68,362.5
2025-12-28,VRTX,14.21,11723300000.0,32.58,None,0.321,68.2,,538576000,3109322000,3109322000,,,,,,,,,2589000,260673000,None,10098000,10098000,87610000,None,None,633518000,None,None,27289000,,,,,0.047,0.19,-141738000,-114449000,4.61,2019-12-31,24.27,1002158000,6180100000.0,150792000,-173390000,61679000,400000000,400000000,None,0,None,167502000,None,None,None,None,60800000,-203417000,None,None,None,0.403,,292530000,-149872000,213515000,1073798000,None,898394000,None,,,,,0.58,6.1,10.12,,,,,,,,0.314,,833282000,2025-11-10,annual,4.8,USD,post-market,248540000,-1852978000,0.12,0.223,0.11,45.68,43990000,661662000,38794000,698972000,440.65,433.26,4.1215,8318465000,4822829000,1334827000,2233221000,3495636000,898394000,160890000,6085244000,32.58,None,519.68,362.5
2025-12-28,VRTX,14.21,11723300000.0,32.58,None,0.321,68.2,,19658000,2650134000,2650134000,,,,,,,,,2546000,259185000,None,10098000,10098000,110987000,None,None,409688000,None,None,27289000,,,,,0.047,0.19,-141738000,-114449000,4.61,2018-12-31,24.27,50384000,6180100000.0,150792000,-173390000,61679000,50384000,50384000,None,0,None,124360000,None,None,561892000,None,13600000,-203417000,None,None,None,0.403,,292530000,-149872000,74045000,40589000,None,108853000,None,,,,,0.58,6.1,10.12,,,,,,,,0.314,,812005000,2025-11-10,annual,4.8,USD,post-market,248540000,-2989478000,0.12,0.223,0.11,45.68,43990000,591367000,9817000,518108000,440.65,433.26,4.1215,6245898000,3702290000,715482000,1810695000,2543608000,1095213000,160890000,4435203000,32.58,None,519.68,362.5
2025-12-28,VRTX,14.21,11723300000.0,32.58,None,0.321,68.2,,20496000,1665412000,1665412000,,,,,,,,,2512000,253225000,None,10098000,10098000,73994000,None,606433000,281343000,None,None,27289000,,,,,0.047,0.19,-141738000,-114449000,4.61,2017-12-31,24.27,50384000,6180100000.0,150792000,-173390000,61679000,29000000,29000000,None,0,None,111830000,None,None,563406000,None,20447000,-203417000,None,None,None,0.403,,292530000,-149872000,63964000,473165000,None,104479000,None,,,,,0.58,6.1,10.12,,,,,,,,0.314,,789437000,2025-11-10,annual,4.8,USD,post-market,248540000,-5119723000,0.12,0.223,0.11,45.68,43990000,606433000,22531000,423254000,440.65,433.26,4.1215,3546014000,2483328000,807260000,1503708000,1062686000,1503708000,160890000,2042306000,32.58,0,519.68,362.5
2025-12-28,VRTX,14.21,11723300000.0,32.58,None,0.321,68.2,,34976000,1183945000,1183945000,,,,,,,,,2450000,244685000,None,10098000,10098000,61451000,None,300000000,201083000,None,None,27289000,,,,,0.047,0.19,-141738000,-114449000,4.61,2016-12-31,24.27,50384000,6180100000.0,150792000,-173390000,61679000,284340000,284340000,None,0,None,77604000,None,None,486359000,None,20276000,-203417000,None,None,None,0.403,,292530000,-149872000,16780000,-452344000,None,104029000,None,,,,,0.58,6.1,10.12,,,,,,,,0.314,,698362000,2025-11-10,annual,4.8,USD,post-market,248540000,-5373836000,0.12,0.223,0.11,45.68,43990000,840761000,319426000,250612000,440.65,433.26,4.1215,2893785000,1761006000,7954000,1555594000,1132779000,1547640000,160890000,1338191000,32.58,0,519.68,362.5
2025-12-28,VRTX,14.21,11723300000.0,32.58,None,0.321,68.2,,42923000,714768000,714768000,,,,,,,,,2427000,241312000,None,10098000,10098000,74942000,None,71296000,177639000,None,None,27289000,,,,,0.047,0.19,-141738000,-114449000,4.61,2015-12-31,24.27,50384000,6180100000.0,150792000,-173390000,61679000,284340000,284340000,None,0,None,56083000,None,None,696580000,None,30000000,-203417000,None,None,None,0.403,,292530000,-149872000,12065000,328088000,None,39242000,None,,,,,0.58,6.1,10.12,,,,,,,,0.314,,697715000,2025-11-10,annual,4.8,USD,post-market,248540000,-5261784000,0.12,0.223,0.11,45.68,43990000,826526000,87023000,327694000,440.65,433.26,4.1215,2497045000,1355094000,506349000,1404365000,1141951000,1404365000,160890000,1092680000,32.58,0,519.68,362.5
2025-12-28,VRTX,14.21,11723300000.0,32.58,None,0.321,68.2,,39293000,625259000,625259000,,,,,,,,,2385000,235307000,None,10098000,10098000,71194000,None,14206000,90057000,None,None,27289000,,,,,0.047,0.19,-141738000,-114449000,4.61,2014-12-31,24.27,39915000,6180100000.0,150792000,-173390000,61679000,29000000,29000000,None,0,None,30848000,None,None,753642000,None,None,-203417000,None,None,None,0.403,,292530000,-149872000,38500000,237542000,None,34455000,None,,,,,0.58,6.1,10.12,,,,,,,,0.314,,715812000,2025-11-10,annual,4.8,USD,post-market,248540000,-4705450000,0.12,0.223,0.11,45.68,43990000,824947000,32012000,761847000,440.65,433.26,4.1215,2336309000,1546511000,368254000,1238496000,788168000,870242000,160890000,1075006000,32.58,0,519.68,362.5
2025-12-28,VRTX,14.21,11723300000.0,32.58,None,0.321,68.2,,48754000,569299000,569299000,,,,,,,,,2320000,224906000,None,10098000,10098000,49327000,None,None,85517000,None,None,27289000,,,,,0.047,0.19,-141738000,-114449000,4.61,2013-12-31,24.27,30992000,6180100000.0,150792000,-173390000,61679000,105800000,105800000,None,0,None,14147000,None,None,440937000,None,None,-203417000,None,None,None,0.403,,292530000,-149872000,23836000,310099000,None,25657000,None,,,,,0.58,6.1,10.12,,,,,,,,0.314,,696911000,2025-11-10,annual,4.8,USD,post-market,248540000,-3966895000,0.12,0.223,0.11,45.68,43990000,506584000,16893000,895777000,440.65,433.26,4.1215,2319041000,1588576000,397829000,962636000,730465000,962636000,160890000,1356405000,32.58,0,519.68,362.5
2025-12-28,VRTX,14.21,11723300000.0,32.58,None,0.321,68.2,,15170000,489407000,489407000,,,,,,,,,2149000,211946000,None,10098000,10098000,101292000,None,None,143250000,None,None,27289000,,,,,0.047,0.19,-141738000,-114449000,4.61,2012-12-31,24.27,30992000,6180100000.0,150792000,-173390000,61679000,663500000,663500000,None,0,None,30464000,None,None,668031000,None,None,-203417000,None,None,None,0.403,,292530000,-149872000,24673000,290059000,None,32472000,None,,,,,0.58,6.1,10.12,,,,,,,,0.314,,433609000,2025-11-10,annual,4.8,USD,post-market,248540000,-3521867000,0.12,0.223,0.11,45.68,43990000,696908000,13707000,831808000,440.65,433.26,4.1215,2759288000,1589585000,432624000,1524906000,1169703000,1524906000,160890000,999180000,32.58,0,519.68,362.5
2025-12-28,VRTX,14.21,11723300000.0,32.58,None,0.321,68.2,,None,475320000,475320000,,,,,,,,,2072000,208807000,None,10098000,10098000,74642000,None,None,183135000,None,None,27289000,,,,,0.047,0.19,-141738000,-114449000,4.61,2011-12-31,24.27,30992000,6180100000.0,150792000,-173390000,61679000,663500000,663500000,None,0,None,112430000,None,None,455950000,None,None,-203417000,None,None,None,0.403,,292530000,-149872000,983811000,405616000,None,28668000,None,,,,,0.58,6.1,10.12,,,,,,,,0.314,,133176000,2025-11-10,annual,4.8,USD,post-market,248540000,-3414835000,0.12,0.223,0.11,45.68,43990000,651328000,195378000,493602000,440.65,433.26,4.1215,2204280000,1331254000,838768000,1238768000,873026000,400000000,160890000,786843000,32.58,0,519.68,362.5
2025-12-28,VRTX,14.21,11723300000.0,32.58,None,0.321,68.2,,None,243197000,243197000,,,,,,,,,2016000,200402000,None,10098000,10098000,35851000,None,None,12529000,None,None,27289000,,,,,0.047,0.19,-141738000,-114449000,4.61,2010-12-31,24.27,26102000,6180100000.0,150792000,-173390000,61679000,518700000,518700000,None,0,None,0,None,None,400000000,None,None,-203417000,None,None,None,0.403,,292530000,-149872000,13099000,227322000,None,26363000,None,,,,,0.58,6.1,10.12,,,,,,,,0.314,,72333000,2025-11-10,annual,4.8,USD,post-market,248540000,-3444409000,0.12,0.223,0.11,45.68,43990000,536991000,136991000,788214000,440.65,433.26,4.1215,1725446000,1057039000,474783000,1221473000,668407000,746690000,160890000,503973000,32.58,0,519.68,362.5
2025-12-28,VRTX,14.21,11723300000.0,32.58,None,0.321,68.2,,None,446658000,446658000,,,,,,,,,1982000,173259000,None,10098000,10098000,36989000,None,None,9601000,None,None,27289000,,,,,0.047,0.19,-141738000,-114449000,4.61,2009-12-31,24.27,26102000,6180100000.0,150792000,-173390000,61679000,518700000,518700000,None,0,None,8000,None,None,121765000,None,None,-203417000,None,None,None,0.403,,292530000,-149872000,12512000,108796000,None,None,None,,,,,0.58,6.1,10.12,,,,,,,,0.314,,62279000,2025-11-10,annual,4.8,USD,post-market,248540000,-2689783000,0.12,0.223,0.11,45.68,43990000,185907000,64142000,838255000,440.65,433.26,4.1215,1955496000,1307026000,284883000,859142000,648462000,574259000,160890000,1096346000,32.58,None,519.68,362.5
2025-12-28,VRTX,14.21,11723300000.0,32.58,None,0.321,68.2,,None,389115000,389115000,,,,,,,,,1494000,140556000,None,10098000,10098000,51760000,None,None,23489000,None,None,27289000,,,,,0.047,0.19,-141738000,-114449000,4.61,2008-12-31,24.27,None,6180100000.0,150792000,-173390000,61679000,None,None,None,0,None,None,None,None,287500000,None,None,-203417000,None,None,None,0.403,,292530000,-149872000,11991000,127126000,None,None,None,,,,,0.58,6.1,10.12,,,,,,,,0.314,,68331000,2025-11-10,annual,4.8,USD,post-market,248540000,-2047605000,0.12,0.223,0.11,45.68,43990000,287500000,105871000,442986000,440.65,433.26,4.1215,980479000,867581000,216564000,741605000,112898000,525041000,160890000,238874000,32.58,None,519.68,362.5
2025-12-28,VRTX,14.21,11723300000.0,32.58,None,0.321,68.2,,None,355663000,355663000,,,,,,,,,1312000,128986000,None,10098000,10098000,32750000,None,None,31320000,None,None,27289000,,,,,0.047,0.19,-141738000,-114449000,4.61,2007-12-31,24.27,None,6180100000.0,150792000,-173390000,61679000,None,None,None,0,None,None,None,None,None,None,None,-203417000,None,None,None,0.403,,292530000,-149872000,4660000,121004000,None,None,None,,,,,0.58,6.1,10.12,,,,,,,,0.314,,66509000,2025-11-10,annual,4.8,USD,post-market,248540000,-1587754000,0.12,0.223,0.11,45.68,43990000,19997000,19997000,105208000,440.65,433.26,4.1215,601477000,496851000,199279000,330182000,104626000,130903000,160890000,271295000,32.58,None,519.68,362.5
2025-12-28,VRTX,14.21,11723300000.0,32.58,None,0.321,68.2,,None,213171000,213171000,,,,,,,,,1244000,113221000,None,10098000,10098000,15368000,None,None,62923000,None,None,27289000,,,,,0.047,0.19,-141738000,-114449000,4.61,2006-12-31,24.27,None,6180100000.0,150792000,-173390000,61679000,None,None,None,0,None,None,None,None,19997000,None,None,-203417000,None,None,None,0.403,,292530000,-149872000,3857000,97999000,None,None,None,,,,,0.58,6.1,10.12,,,,,,,,0.314,,61535000,2025-11-10,annual,4.8,USD,post-market,248540000,-1196475000,0.12,0.223,0.11,45.68,43990000,123755000,103758000,491455000,440.65,433.26,4.1215,921579000,771406000,251014000,415644000,150173000,164630000,160890000,505935000,32.58,None,519.68,362.5
2025-12-28,VRTX,14.21,11723300000.0,32.58,None,0.321,68.2,,None,78045000,78045000,,,,,,,,,1081000,89241000,None,10098000,10098000,6210000,None,None,20595000,None,None,27289000,,,,,0.047,0.19,-141738000,-114449000,4.61,2005-12-31,24.27,None,6180100000.0,150792000,-173390000,61679000,None,None,None,0,None,None,None,None,180097000,None,None,-203417000,None,None,None,0.403,,292530000,-149872000,3303000,62584000,None,None,None,,,,,0.58,6.1,10.12,,,,,,,,0.314,,54533000,2025-11-10,annual,4.8,USD,post-market,248540000,-989584000,0.12,0.223,0.11,45.68,43990000,180097000,59596000,283112000,440.65,433.26,4.1215,548998000,385055000,100243000,309822000,163943000,209579000,160890000,239176000,32.58,None,519.68,362.5
2025-12-28,VRTX,14.21,11723300000.0,32.58,None,0.321,68.2,101800000,None,78045000,78045000,-1154500000,-117000000,None,None,-131100000,None,None,None,1081000,89241000,None,10098000,10098000,6210000,None,None,20595000,None,None,27289000,54000000,None,None,None,0.047,0.19,-141738000,-114449000,4.61,2025-09-30,24.27,None,6180100000.0,150792000,-173390000,61679000,None,None,None,0,None,None,None,None,180097000,None,None,1082900000,None,None,None,0.403,1241400000,292530000,-149872000,3303000,62584000,None,None,None,None,None,None,None,0.58,6.1,10.12,None,None,None,None,None,1094300000,None,0.314,None,54533000,2025-11-10,quarterly,4.8,USD,post-market,248540000,-989584000,0.12,0.223,0.11,45.68,43990000,180097000,59596000,283112000,440.65,433.26,4.1215,548998000,385055000,100243000,309822000,163943000,209579000,160890000,239176000,32.58,None,519.68,362.5
2025-12-28,VRTX,14.21,11723300000.0,32.58,None,0.321,68.2,145700000,None,78045000,78045000,-349200000,-484500000,None,None,-148600000,None,None,None,1081000,89241000,None,10098000,10098000,6210000,None,None,20595000,None,None,27289000,51700000,None,None,None,0.047,0.19,-141738000,-114449000,4.61,2025-06-30,24.27,None,6180100000.0,150792000,-173390000,61679000,None,None,None,0,None,None,None,None,180097000,None,None,1032900000,None,None,None,0.403,1073100000,292530000,-149872000,3303000,62584000,None,None,None,None,None,None,None,0.58,6.1,10.12,None,None,None,None,None,-397700000,None,0.314,None,54533000,2025-11-10,quarterly,4.8,USD,post-market,248540000,-989584000,0.12,0.223,0.11,45.68,43990000,180097000,59596000,283112000,440.65,433.26,4.1215,548998000,385055000,100243000,309822000,163943000,209579000,160890000,239176000,32.58,None,519.68,362.5
2025-12-28,VRTX,14.21,11723300000.0,32.58,None,0.321,68.2,40700000,None,78045000,78045000,-680400000,-55800000,None,None,-167100000,None,None,None,1081000,89241000,None,10098000,10098000,6210000,None,None,20595000,None,None,27289000,48400000,None,None,None,0.047,0.19,-141738000,-114449000,4.61,2025-03-31,24.27,None,6180100000.0,150792000,-173390000,61679000,None,None,None,0,None,None,None,None,180097000,None,None,646300000,None,None,None,0.403,818900000,292530000,-149872000,3303000,62584000,None,None,None,None,None,None,None,0.58,6.1,10.12,None,None,None,None,None,-696600000,None,0.314,None,54533000,2025-11-10,quarterly,4.8,USD,post-market,248540000,-989584000,0.12,0.223,0.11,45.68,43990000,180097000,59596000,283112000,440.65,433.26,4.1215,548998000,385055000,100243000,309822000,163943000,209579000,160890000,239176000,32.58,None,519.68,362.5
2025-12-28,VRTX,14.21,11723300000.0,32.58,None,0.321,68.2,92600000,None,78045000,78045000,-391300000,-821900000,None,None,-147500000,None,None,None,1081000,89241000,None,10098000,10098000,6210000,None,None,20595000,None,None,27289000,46500000,None,None,None,0.047,0.19,-141738000,-114449000,4.61,2024-12-31,24.27,None,6180100000.0,150792000,-173390000,61679000,None,None,None,0,None,None,None,None,180097000,None,None,913000000,None,None,None,0.403,584600000,292530000,-149872000,3303000,62584000,None,None,None,None,None,None,None,0.58,6.1,10.12,None,None,None,None,None,-425200000,None,0.314,None,54533000,2025-11-10,quarterly,4.8,USD,post-market,248540000,-989584000,0.12,0.223,0.11,45.68,43990000,180097000,59596000,283112000,440.65,433.26,4.1215,548998000,385055000,100243000,309822000,163943000,209579000,160890000,239176000,32.58,None,519.68,362.5
2025-12-28,VRTX,14.21,11723300000.0,32.58,None,0.321,68.2,67700000,None,78045000,78045000,-387500000,-348000000,None,None,-182500000,None,None,None,1081000,89241000,None,10098000,10098000,6210000,None,None,20595000,None,None,27289000,53200000,None,None,None,0.047,0.19,-141738000,-114449000,4.61,2024-09-30,24.27,None,6180100000.0,150792000,-173390000,61679000,None,None,None,0,None,None,None,None,180097000,None,None,1045400000,None,None,None,0.403,1369800000,292530000,-149872000,3303000,62584000,None,None,None,None,None,None,None,0.58,6.1,10.12,None,None,None,None,None,-391400000,None,0.314,None,54533000,2025-11-10,quarterly,4.8,USD,post-market,248540000,-989584000,0.12,0.223,0.11,45.68,43990000,180097000,59596000,283112000,440.65,433.26,4.1215,548998000,385055000,100243000,309822000,163943000,209579000,160890000,239176000,32.58,None,519.68,362.5
2025-12-28,VRTX,14.21,11723300000.0,32.58,None,0.321,68.2,76700000,None,78045000,78045000,-358600000,-463700000,None,None,-107200000,None,None,None,1081000,89241000,None,10098000,10098000,6210000,None,None,20595000,None,None,27289000,54000000,None,None,None,0.047,0.19,-141738000,-114449000,4.61,2024-06-30,24.27,None,6180100000.0,150792000,-173390000,61679000,None,None,None,0,None,None,None,None,180097000,None,None,-3593600000,None,None,None,0.403,-3753600000,292530000,-149872000,3303000,62584000,None,None,None,None,None,None,None,0.58,6.1,10.12,None,None,None,None,None,-400800000,None,0.314,None,54533000,2025-11-10,quarterly,4.8,USD,post-market,248540000,-989584000,0.12,0.223,0.11,45.68,43990000,180097000,59596000,283112000,440.65,433.26,4.1215,548998000,385055000,100243000,309822000,163943000,209579000,160890000,239176000,32.58,None,519.68,362.5
2025-12-28,VRTX,14.21,11723300000.0,32.58,None,0.321,68.2,248400000,None,78045000,78045000,-357500000,-2136400000,None,None,-80100000,None,None,None,1081000,89241000,None,10098000,10098000,6210000,None,None,20595000,None,None,27289000,53500000,None,None,None,0.047,0.19,-141738000,-114449000,4.61,2024-03-31,24.27,None,6180100000.0,150792000,-173390000,61679000,None,None,None,0,None,None,None,None,180097000,None,None,1099600000,None,None,None,0.403,1306600000,292530000,-149872000,3303000,62584000,None,None,None,None,None,None,None,0.58,6.1,10.12,None,None,None,None,None,-364700000,None,0.314,None,54533000,2025-11-10,quarterly,4.8,USD,post-market,248540000,-989584000,0.12,0.223,0.11,45.68,43990000,180097000,59596000,283112000,440.65,433.26,4.1215,548998000,385055000,100243000,309822000,163943000,209579000,160890000,239176000,32.58,None,519.68,362.5
2025-12-28,VRTX,14.21,11723300000.0,32.58,None,0.321,68.2,58100000,None,78045000,78045000,-119800000,-886500000,None,None,-70000000,None,None,None,1081000,89241000,None,10098000,10098000,6210000,None,None,20595000,None,None,27289000,59000000,None,None,None,0.047,0.19,-141738000,-114449000,4.61,2023-12-31,24.27,None,6180100000.0,150792000,-173390000,61679000,None,None,None,0,None,None,None,None,180097000,None,None,968800000,None,None,None,0.403,234600000,292530000,-149872000,3303000,62584000,None,None,None,None,None,None,None,0.58,6.1,10.12,None,None,None,None,None,-152700000,None,0.314,None,54533000,2025-11-10,quarterly,4.8,USD,post-market,248540000,-989584000,0.12,0.223,0.11,45.68,43990000,180097000,59596000,283112000,440.65,433.26,4.1215,548998000,385055000,100243000,309822000,163943000,209579000,160890000,239176000,32.58,None,519.68,362.5
2025-12-28,VRTX,14.21,11723300000.0,32.58,None,0.321,68.2,40600000,None,78045000,78045000,-165000000,-117700000,None,None,-97500000,None,None,None,1081000,89241000,None,10098000,10098000,6210000,None,None,20595000,None,None,27289000,42100000,15400000,15400000,None,0.047,0.19,-141738000,-114449000,4.61,2023-09-30,24.27,None,6180100000.0,150792000,-173390000,61679000,None,None,None,0,None,None,None,None,180097000,None,None,1035300000,None,None,None,0.403,1268400000,292530000,-149872000,3303000,62584000,None,None,None,None,None,None,None,0.58,6.1,10.12,None,None,None,None,None,-170200000,None,0.314,None,54533000,2025-11-10,quarterly,4.8,USD,post-market,248540000,-989584000,0.12,0.223,0.11,45.68,43990000,180097000,59596000,283112000,440.65,433.26,4.1215,548998000,385055000,100243000,309822000,163943000,209579000,160890000,239176000,32.58,None,519.68,362.5
2025-12-28,VRTX,14.21,11723300000.0,32.58,None,0.321,68.2,59600000,None,78045000,78045000,17300000,-303900000,847800000,None,-72800000,None,None,-2900000,1081000,89241000,None,10098000,10098000,6210000,None,None,20595000,None,None,27289000,41400000,58600000,58600000,None,0.047,0.19,-141738000,-114449000,4.61,2023-06-30,24.27,None,6180100000.0,150792000,-173390000,61679000,None,None,None,0,None,None,None,None,180097000,None,None,915700000,None,None,None,0.403,1134400000,292530000,-149872000,3303000,62584000,None,None,None,None,None,None,None,0.58,6.1,10.12,None,None,None,None,None,-31400000,None,0.314,None,54533000,2025-11-10,quarterly,4.8,USD,post-market,248540000,-989584000,0.12,0.223,0.11,45.68,43990000,180097000,59596000,283112000,440.65,433.26,4.1215,548998000,385055000,100243000,309822000,163943000,209579000,160890000,239176000,32.58,None,519.68,362.5
2025-12-28,VRTX,14.21,11723300000.0,32.58,None,0.321,68.2,42100000,None,78045000,78045000,-294700000,-1833600000,-1228400000,None,-82600000,None,None,-90500000,1081000,89241000,None,10098000,10098000,6210000,None,None,20595000,None,None,27289000,38800000,None,None,None,0.047,0.19,-141738000,-114449000,4.61,2023-03-31,24.27,None,6180100000.0,150792000,-173390000,61679000,None,None,None,0,None,None,None,None,180097000,None,None,699800000,None,None,None,0.403,899900000,292530000,-149872000,3303000,62584000,None,None,None,None,None,None,None,0.58,6.1,10.12,None,None,None,None,None,-299400000,None,0.314,None,54533000,2025-11-10,quarterly,4.8,USD,post-market,248540000,-989584000,0.12,0.223,0.11,45.68,43990000,180097000,59596000,283112000,440.65,433.26,4.1215,548998000,385055000,100243000,309822000,163943000,209579000,160890000,239176000,32.58,None,519.68,362.5
2025-12-28,VRTX,14.21,11723300000.0,32.58,None,0.321,68.2,33600000,None,78045000,78045000,40200000,175600000,1294200000,None,-78300000,None,None,10200000,1081000,89241000,None,10098000,10098000,6210000,None,None,20595000,None,None,27289000,38400000,None,None,None,0.047,0.19,-141738000,-114449000,4.61,2022-12-31,24.27,None,6180100000.0,150792000,-173390000,61679000,None,None,None,0,None,None,None,None,180097000,None,None,818900000,None,None,None,0.403,1078400000,292530000,-149872000,3303000,62584000,None,None,None,None,None,None,None,0.58,6.1,10.12,None,None,None,None,None,-2100000,None,0.314,None,54533000,2025-11-10,quarterly,4.8,USD,post-market,248540000,-989584000,0.12,0.223,0.11,45.68,43990000,180097000,59596000,283112000,440.65,433.26,4.1215,548998000,385055000,100243000,309822000,163943000,209579000,160890000,239176000,32.58,None,519.68,362.5
2025-12-28,VRTX,14.21,11723300000.0,32.58,None,0.321,68.2,54200000,None,78045000,78045000,-60200000,-384200000,511100000,None,-26800000,None,None,-119500000,1081000,89241000,None,10098000,10098000,6210000,None,None,20595000,None,None,27289000,36700000,36600000,36600000,None,0.047,0.19,-141738000,-114449000,4.61,2022-09-30,24.27,None,6180100000.0,150792000,-173390000,61679000,None,None,None,0,None,None,None,None,180097000,None,None,930500000,None,None,None,0.403,955500000,292530000,-149872000,3303000,62584000,None,None,None,None,None,None,None,0.58,6.1,10.12,None,None,None,None,None,-48000000,None,0.314,None,54533000,2025-11-10,quarterly,4.8,USD,post-market,248540000,-989584000,0.12,0.223,0.11,45.68,43990000,180097000,59596000,283112000,440.65,433.26,4.1215,548998000,385055000,100243000,309822000,163943000,209579000,160890000,239176000,32.58,None,519.68,362.5
2025-12-28,VRTX,14.21,11723300000.0,32.58,None,0.321,68.2,53300000,None,78045000,78045000,47700000,-61500000,1126000000,None,-33300000,None,None,-84100000,1081000,89241000,None,10098000,10098000,6210000,None,None,20595000,None,None,27289000,37300000,None,None,None,0.047,0.19,-141738000,-114449000,4.61,2022-06-30,24.27,None,6180100000.0,150792000,-173390000,61679000,None,None,None,0,None,None,None,None,180097000,None,None,810500000,None,None,None,0.403,1139800000,292530000,-149872000,3303000,62584000,None,None,None,None,None,None,None,0.58,6.1,10.12,None,None,None,None,None,-4400000,None,0.314,None,54533000,2025-11-10,quarterly,4.8,USD,post-market,248540000,-989584000,0.12,0.223,0.11,45.68,43990000,180097000,59596000,283112000,440.65,433.26,4.1215,548998000,385055000,100243000,309822000,163943000,209579000,160890000,239176000,32.58,None,519.68,362.5
2025-12-28,VRTX,14.21,11723300000.0,32.58,None,0.321,68.2,63600000,None,78045000,78045000,-95400000,-51000000,809800000,None,2000000,None,None,-165200000,1081000,89241000,None,10098000,10098000,6210000,None,None,20595000,None,None,27289000,35900000,33700000,33700000,None,0.047,0.19,-141738000,-114449000,4.61,2022-03-31,24.27,None,6180100000.0,150792000,-173390000,61679000,None,None,None,0,None,None,None,None,180097000,None,None,762100000,None,None,None,0.403,956200000,292530000,-149872000,3303000,62584000,None,None,None,None,None,None,None,0.58,6.1,10.12,None,None,None,None,None,-117500000,None,0.314,None,54533000,2025-11-10,quarterly,4.8,USD,post-market,248540000,-989584000,0.12,0.223,0.11,45.68,43990000,180097000,59596000,283112000,440.65,433.26,4.1215,548998000,385055000,100243000,309822000,163943000,209579000,160890000,239176000,32.58,None,519.68,362.5
2025-12-28,VRTX,14.21,11723300000.0,32.58,None,0.321,68.2,61800000,None,78045000,78045000,-336235000,-133998000,524760000,None,-26973000,None,None,-43534000,1081000,89241000,None,10098000,10098000,6210000,None,None,20595000,None,None,27289000,33832000,57336000,57336000,None,0.047,0.19,-141738000,-114449000,4.61,2021-12-31,24.27,None,6180100000.0,150792000,-173390000,61679000,None,None,None,0,None,None,None,None,180097000,None,None,770110000,None,None,None,0.403,994993000,292530000,-149872000,3303000,62584000,None,None,None,None,None,None,None,0.58,6.1,10.12,None,None,None,None,None,-369852000,None,0.314,None,54533000,2025-11-10,quarterly,4.8,USD,post-market,248540000,-989584000,0.12,0.223,0.11,45.68,43990000,180097000,59596000,283112000,440.65,433.26,4.1215,548998000,385055000,100243000,309822000,163943000,209579000,160890000,239176000,32.58,None,519.68,362.5
2025-12-28,VRTX,14.21,11723300000.0,32.58,None,0.321,68.2,52400000,None,78045000,78045000,-656661000,-52952000,217606000,None,-18335000,None,None,-185318000,1081000,89241000,None,10098000,10098000,6210000,None,None,20595000,None,None,27289000,31696000,None,None,None,0.047,0.19,-141738000,-114449000,4.61,2021-09-30,24.27,None,6180100000.0,150792000,-173390000,61679000,None,None,None,0,None,None,None,None,180097000,None,None,851928000,None,None,None,0.403,927219000,292530000,-149872000,3303000,62584000,None,None,None,None,None,None,None,0.58,6.1,10.12,None,None,None,None,None,-660800000,None,0.314,None,54533000,2025-11-10,quarterly,4.8,USD,post-market,248540000,-989584000,0.12,0.223,0.11,45.68,43990000,180097000,59596000,283112000,440.65,433.26,4.1215,548998000,385055000,100243000,309822000,163943000,209579000,160890000,239176000,32.58,None,519.68,362.5
2025-12-28,VRTX,14.21,11723300000.0,32.58,None,0.321,68.2,49900000,None,78045000,78045000,33550000,-79641000,-245858000,None,-24707000,None,None,52525000,1081000,89241000,None,10098000,10098000,6210000,None,None,20595000,None,None,27289000,31238000,None,None,None,0.047,0.19,-141738000,-114449000,4.61,2021-06-30,24.27,None,6180100000.0,150792000,-173390000,61679000,None,None,None,0,None,None,None,None,180097000,None,None,66924000,None,None,None,0.403,-199767000,292530000,-149872000,3303000,62584000,None,None,None,None,None,None,None,0.58,6.1,10.12,None,None,None,None,None,-3600000,None,0.314,None,54533000,2025-11-10,quarterly,4.8,USD,post-market,248540000,-989584000,0.12,0.223,0.11,45.68,43990000,180097000,59596000,283112000,440.65,433.26,4.1215,548998000,385055000,100243000,309822000,163943000,209579000,160890000,239176000,32.58,None,519.68,362.5
2025-12-28,VRTX,14.21,11723300000.0,32.58,None,0.321,68.2,70900000,None,78045000,78045000,-518654000,-74309000,328092000,None,-22785000,None,None,-98373000,1081000,89241000,None,10098000,10098000,6210000,None,None,20595000,None,None,27289000,28834000,3632000,3632000,None,0.047,0.19,-141738000,-114449000,4.61,2021-03-31,24.27,None,6180100000.0,150792000,-173390000,61679000,None,None,None,0,None,None,None,None,180097000,None,None,653138000,None,None,None,0.403,921055000,292530000,-149872000,3303000,62584000,None,None,None,None,None,None,None,0.58,6.1,10.12,None,None,None,None,None,-424952000,None,0.314,None,54533000,2025-11-10,quarterly,4.8,USD,post-market,248540000,-989584000,0.12,0.223,0.11,45.68,43990000,180097000,59596000,283112000,440.65,433.26,4.1215,548998000,385055000,100243000,309822000,163943000,209579000,160890000,239176000,32.58,None,519.68,362.5
2025-12-28,VRTX,14.21,11723300000.0,32.58,None,0.321,68.2,47691000,None,78045000,78045000,-125192000,243747000,610087000,None,-37107000,None,None,-72253000,1081000,89241000,None,10098000,10098000,6210000,None,None,20595000,None,None,27289000,29355000,150648000,150648000,None,0.047,0.19,-141738000,-114449000,4.61,2020-12-31,24.27,None,6180100000.0,150792000,-173390000,61679000,None,None,None,0,None,None,None,None,180097000,None,None,604190000,None,None,None,0.403,491532000,292530000,-149872000,3303000,62584000,None,None,None,None,None,None,None,0.58,6.1,10.12,None,None,None,None,None,-131103000,None,0.314,None,54533000,2025-11-10,quarterly,4.8,USD,post-market,248540000,-989584000,0.12,0.223,0.11,45.68,43990000,180097000,59596000,283112000,440.65,433.26,4.1215,548998000,385055000,100243000,309822000,163943000,209579000,160890000,239176000,32.58,None,519.68,362.5
2025-12-28,VRTX,14.21,11723300000.0,32.58,None,0.321,68.2,174795000,None,78045000,78045000,-140684000,-247937000,519127000,None,-30521000,None,None,12948000,1081000,89241000,None,10098000,10098000,6210000,None,None,20595000,None,None,27289000,26642000,None,None,None,0.047,0.19,-141738000,-114449000,4.61,2020-09-30,24.27,None,6180100000.0,150792000,-173390000,61679000,None,None,None,0,None,None,None,None,180097000,None,None,667434000,None,None,None,0.403,907748000,292530000,-149872000,3303000,62584000,None,None,None,None,None,None,None,0.58,6.1,10.12,None,None,None,None,None,-148535000,None,0.314,None,54533000,2025-11-10,quarterly,4.8,USD,post-market,248540000,-989584000,0.12,0.223,0.11,45.68,43990000,180097000,59596000,283112000,440.65,433.26,4.1215,548998000,385055000,100243000,309822000,163943000,209579000,160890000,239176000,32.58,None,519.68,362.5
2025-12-28,VRTX,14.21,11723300000.0,32.58,None,0.321,68.2,17864000,None,78045000,78045000,120025000,71912000,1230464000,None,-36936000,None,None,59533000,1081000,89241000,None,10098000,10098000,6210000,None,None,20595000,None,None,27289000,26697000,None,None,None,0.047,0.19,-141738000,-114449000,4.61,2020-06-30,24.27,None,6180100000.0,150792000,-173390000,61679000,None,None,None,0,None,None,None,None,180097000,None,None,837270000,None,None,None,0.403,1038527000,292530000,-149872000,3303000,62584000,None,None,None,None,None,None,None,0.58,6.1,10.12,None,None,None,None,None,-3080000,None,0.314,None,54533000,2025-11-10,quarterly,4.8,USD,post-market,248540000,-989584000,0.12,0.223,0.11,45.68,43990000,180097000,59596000,283112000,440.65,433.26,4.1215,548998000,385055000,100243000,309822000,163943000,209579000,160890000,239176000,32.58,None,519.68,362.5
2025-12-28,VRTX,14.21,11723300000.0,32.58,None,0.321,68.2,19450000,None,78045000,78045000,-359430000,31666000,487934000,None,-27450000,None,None,-223672000,1081000,89241000,None,10098000,10098000,6210000,None,None,20595000,None,None,27289000,26821000,5833000,5833000,None,0.047,0.19,-141738000,-114449000,4.61,2020-03-31,24.27,None,6180100000.0,150792000,-173390000,61679000,None,None,None,0,None,None,None,None,180097000,None,None,602753000,None,None,None,0.403,815698000,292530000,-149872000,3303000,62584000,None,None,None,None,None,None,None,0.58,6.1,10.12,None,None,None,None,None,-300026000,None,0.314,None,54533000,2025-11-10,quarterly,4.8,USD,post-market,248540000,-989584000,0.12,0.223,0.11,45.68,43990000,180097000,59596000,283112000,440.65,433.26,4.1215,548998000,385055000,100243000,309822000,163943000,209579000,160890000,239176000,32.58,None,519.68,362.5
2025-12-28,VRTX,14.21,11723300000.0,32.58,None,0.321,68.2,16761000,None,78045000,78045000,161421000,-896991000,-289562000,None,-18767000,None,None,-184143000,1081000,89241000,None,10098000,10098000,6210000,None,None,20595000,None,None,27289000,26256000,9044000,9044000,None,0.047,0.19,-141738000,-114449000,4.61,2019-12-31,24.27,None,6180100000.0,150792000,-173390000,61679000,None,None,None,0,None,None,None,None,180097000,None,None,583234000,None,None,None,0.403,446008000,292530000,-149872000,3303000,62584000,None,None,None,None,None,None,None,0.58,6.1,10.12,None,None,None,None,None,-36062000,None,0.314,None,54533000,2025-11-10,quarterly,4.8,USD,post-market,248540000,-989584000,0.12,0.223,0.11,45.68,43990000,180097000,59596000,283112000,440.65,433.26,4.1215,548998000,385055000,100243000,309822000,163943000,209579000,160890000,239176000,32.58,None,519.68,362.5
2025-12-28,VRTX,14.21,11723300000.0,32.58,None,0.321,68.2,24291000,None,78045000,78045000,20356000,-248999000,106146000,None,-20106000,None,None,14426000,1081000,89241000,None,10098000,10098000,6210000,None,None,20595000,None,None,27289000,25847000,None,None,None,0.047,0.19,-141738000,-114449000,4.61,2019-09-30,24.27,None,6180100000.0,150792000,-173390000,61679000,None,None,None,0,None,None,None,None,180097000,None,None,57518000,None,None,None,0.403,334789000,292530000,-149872000,3303000,62584000,None,None,None,None,None,None,None,0.58,6.1,10.12,None,None,None,None,None,-104000,None,0.314,None,54533000,2025-11-10,quarterly,4.8,USD,post-market,248540000,-989584000,0.12,0.223,0.11,45.68,43990000,180097000,59596000,283112000,440.65,433.26,4.1215,548998000,385055000,100243000,309822000,163943000,209579000,160890000,239176000,32.58,None,519.68,362.5
2025-12-28,VRTX,14.21,11723300000.0,32.58,None,0.321,68.2,16358000,None,78045000,78045000,-13015000,-50190000,400544000,None,-12035000,None,None,-25734000,1081000,89241000,None,10098000,10098000,6210000,None,None,20595000,None,None,27289000,27698000,1002000,1002000,None,0.047,0.19,-141738000,-114449000,4.61,2019-06-30,24.27,None,6180100000.0,150792000,-173390000,61679000,None,None,None,0,None,None,None,None,180097000,None,None,267427000,None,None,None,0.403,463749000,292530000,-149872000,3303000,62584000,None,None,None,None,None,None,None,0.58,6.1,10.12,None,None,None,None,None,-56010000,None,0.314,None,54533000,2025-11-10,quarterly,4.8,USD,post-market,248540000,-989584000,0.12,0.223,0.11,45.68,43990000,180097000,59596000,283112000,440.65,433.26,4.1215,548998000,385055000,100243000,309822000,163943000,209579000,160890000,239176000,32.58,None,519.68,362.5
2025-12-28,VRTX,14.21,11723300000.0,32.58,None,0.321,68.2,18041000,None,78045000,78045000,-41989000,-39138000,243657000,None,-13139000,None,None,-30136000,1081000,89241000,None,10098000,10098000,6210000,None,None,20595000,None,None,27289000,27140000,None,None,None,0.047,0.19,-141738000,-114449000,4.61,2019-03-31,24.27,None,6180100000.0,150792000,-173390000,61679000,None,None,None,0,None,None,None,None,180097000,None,None,268631000,None,None,None,0.403,324784000,292530000,-149872000,3303000,62584000,None,None,None,None,None,None,None,0.58,6.1,10.12,None,None,None,None,None,-99839000,None,0.314,None,54533000,2025-11-10,quarterly,4.8,USD,post-market,248540000,-989584000,0.12,0.223,0.11,45.68,43990000,180097000,59596000,283112000,440.65,433.26,4.1215,548998000,385055000,100243000,309822000,163943000,209579000,160890000,239176000,32.58,None,519.68,362.5
2025-12-28,VRTX,14.21,11723300000.0,32.58,None,0.321,68.2,15721000,None,78045000,78045000,-101046000,-40904000,166446000,-6182000,-7504000,None,None,-32985000,1081000,89241000,None,10098000,10098000,6210000,None,None,20595000,None,None,27289000,18826000,7857000,7857000,None,0.047,0.19,-141738000,-114449000,4.61,2018-12-31,24.27,None,6180100000.0,150792000,-173390000,61679000,None,None,None,0,None,None,None,None,180097000,None,None,1525096000,None,None,None,0.403,314578000,292530000,-149872000,3303000,62584000,None,None,None,None,None,None,None,0.58,6.1,10.12,None,None,None,None,None,-143005000,None,0.314,None,54533000,2025-11-10,quarterly,4.8,USD,post-market,248540000,-989584000,0.12,0.223,0.11,45.68,43990000,180097000,59596000,283112000,440.65,433.26,4.1215,548998000,385055000,100243000,309822000,163943000,209579000,160890000,239176000,32.58,None,519.68,362.5
2025-12-28,VRTX,14.21,11723300000.0,32.58,None,0.321,68.2,20912000,None,78045000,78045000,2079000,-49889000,333538000,None,-15095000,None,None,12999000,1081000,89241000,None,10098000,10098000,6210000,None,None,20595000,None,None,27289000,19192000,3417000,3417000,None,0.047,0.19,-141738000,-114449000,4.61,2018-09-30,24.27,None,6180100000.0,150792000,-173390000,61679000,None,None,None,0,None,None,None,None,180097000,None,None,128456000,None,None,None,0.403,381348000,292530000,-149872000,3303000,62584000,None,None,None,None,None,None,None,0.58,6.1,10.12,None,None,None,None,None,-92005000,None,0.314,None,54533000,2025-11-10,quarterly,4.8,USD,post-market,248540000,-989584000,0.12,0.223,0.11,45.68,43990000,180097000,59596000,283112000,440.65,433.26,4.1215,548998000,385055000,100243000,309822000,163943000,209579000,160890000,239176000,32.58,None,519.68,362.5
2025-12-28,VRTX,14.21,11723300000.0,32.58,None,0.321,68.2,29612000,None,78045000,78045000,-51208000,-116298000,154197000,None,-1158000,None,None,-74693000,1081000,89241000,None,10098000,10098000,6210000,None,None,20595000,None,None,27289000,18059000,0,0,None,0.047,0.19,-141738000,-114449000,4.61,2018-06-30,24.27,None,6180100000.0,150792000,-173390000,61679000,None,None,None,0,None,None,None,None,180097000,None,None,206250000,None,None,None,0.403,321703000,292530000,-149872000,3303000,62584000,None,None,None,None,None,None,None,0.58,6.1,10.12,None,None,None,None,None,-105033000,None,0.314,None,54533000,2025-11-10,quarterly,4.8,USD,post-market,248540000,-989584000,0.12,0.223,0.11,45.68,43990000,180097000,59596000,283112000,440.65,433.26,4.1215,548998000,385055000,100243000,309822000,163943000,209579000,160890000,239176000,32.58,None,519.68,362.5
2025-12-28,VRTX,14.21,11723300000.0,32.58,None,0.321,68.2,29279000,None,78045000,78045000,78956000,4933000,336546000,None,-8208000,None,None,-13473000,1081000,89241000,None,10098000,10098000,6210000,None,None,20595000,None,None,27289000,16343000,9566000,9566000,None,0.047,0.19,-141738000,-114449000,4.61,2018-03-31,24.27,None,6180100000.0,150792000,-173390000,61679000,None,None,None,0,None,None,None,None,180097000,None,None,227301000,None,None,None,0.403,252657000,292530000,-149872000,3303000,62584000,None,None,None,None,None,None,None,0.58,6.1,10.12,None,None,None,None,None,-10000000,None,0.314,None,54533000,2025-11-10,quarterly,4.8,USD,post-market,248540000,-989584000,0.12,0.223,0.11,45.68,43990000,180097000,59596000,283112000,440.65,433.26,4.1215,548998000,385055000,100243000,309822000,163943000,209579000,160890000,239176000,32.58,None,519.68,362.5
2025-12-28,VRTX,14.21,11723300000.0,32.58,None,0.321,68.2,42604000,None,78045000,78045000,73231000,-21097000,280446000,801000,-16414000,None,None,-17304000,1081000,89241000,None,10098000,10098000,6210000,None,None,20595000,None,None,27289000,16432000,0,0,None,0.047,0.19,-141738000,-114449000,4.61,2017-12-31,24.27,None,6180100000.0,150792000,-173390000,61679000,None,None,None,0,None,None,None,None,180097000,None,None,102185000,None,None,None,0.403,227511000,292530000,-149872000,3303000,62584000,None,None,None,None,None,None,None,0.58,6.1,10.12,None,None,None,None,None,46635000,None,0.314,None,54533000,2025-11-10,quarterly,4.8,USD,post-market,248540000,-989584000,0.12,0.223,0.11,45.68,43990000,180097000,59596000,283112000,440.65,433.26,4.1215,548998000,385055000,100243000,309822000,163943000,209579000,160890000,239176000,32.58,None,519.68,362.5
2025-12-28,VRTX,14.21,11723300000.0,32.58,None,0.321,68.2,187951000,None,78045000,78045000,152705000,-162456000,161836000,1501000,-6542000,None,None,-13005000,1081000,89241000,None,10098000,10098000,6210000,None,None,20595000,None,None,27289000,15225000,0,0,None,0.047,0.19,-141738000,-114449000,4.61,2017-09-30,24.27,None,6180100000.0,150792000,-173390000,61679000,None,None,None,0,None,None,None,None,180097000,None,None,-291267000,None,None,None,0.403,170086000,292530000,-149872000,3303000,62584000,None,None,None,None,None,None,None,0.58,6.1,10.12,None,None,None,None,None,150318000,None,0.314,None,54533000,2025-11-10,quarterly,4.8,USD,post-market,248540000,-989584000,0.12,0.223,0.11,45.68,43990000,180097000,59596000,283112000,440.65,433.26,4.1215,548998000,385055000,100243000,309822000,163943000,209579000,160890000,239176000,32.58,None,519.68,362.5
2025-12-28,VRTX,14.21,11723300000.0,32.58,None,0.321,68.2,17707000,None,78045000,78045000,132033000,-96347000,219451000,2112000,-18378000,None,None,-36332000,1081000,89241000,None,10098000,10098000,6210000,None,None,20595000,None,None,27289000,14890000,0,0,None,0.047,0.19,-141738000,-114449000,4.61,2017-06-30,24.27,None,6180100000.0,150792000,-173390000,61679000,None,None,None,0,None,None,None,None,180097000,None,None,31169000,None,None,None,0.403,181653000,292530000,-149872000,3303000,62584000,None,None,None,None,None,None,None,0.58,6.1,10.12,None,None,None,None,None,136638000,None,0.314,None,54533000,2025-11-10,quarterly,4.8,USD,post-market,248540000,-989584000,0.12,0.223,0.11,45.68,43990000,180097000,59596000,283112000,440.65,433.26,4.1215,548998000,385055000,100243000,309822000,163943000,209579000,160890000,239176000,32.58,None,519.68,362.5
2025-12-28,VRTX,14.21,11723300000.0,32.58,None,0.321,68.2,11159000,None,78045000,78045000,-289565000,-157781000,-180266000,1388000,-3650000,None,None,-5118000,1081000,89241000,None,10098000,10098000,6210000,None,None,20595000,None,None,27289000,14850000,0,0,None,0.047,0.19,-141738000,-114449000,4.61,2017-03-31,24.27,None,6180100000.0,150792000,-173390000,61679000,None,None,None,0,None,None,None,None,180097000,None,None,249548000,None,None,None,0.403,265692000,292530000,-149872000,3303000,62584000,None,None,None,None,None,None,None,0.58,6.1,10.12,None,None,None,None,None,11249000,None,0.314,None,54533000,2025-11-10,quarterly,4.8,USD,post-market,248540000,-989584000,0.12,0.223,0.11,45.68,43990000,180097000,59596000,283112000,440.65,433.26,4.1215,548998000,385055000,100243000,309822000,163943000,209579000,160890000,239176000,32.58,None,519.68,362.5
2025-12-28,VRTX,14.21,11723300000.0,32.58,None,0.321,68.2,14788000,None,78045000,78045000,93762000,230168000,464253000,-4401000,-4914000,None,None,-23267000,1081000,89241000,None,10098000,10098000,6210000,None,None,20595000,None,None,27289000,15451000,0,0,None,0.047,0.19,-141738000,-114449000,4.61,2016-12-31,24.27,None,6180100000.0,150792000,-173390000,61679000,None,None,None,0,None,None,None,None,180097000,None,None,27759000,None,None,None,0.403,144724000,292530000,-149872000,3303000,62584000,None,None,None,None,None,None,None,0.58,6.1,10.12,None,None,None,None,None,17065000,None,0.314,None,54533000,2025-11-10,quarterly,4.8,USD,post-market,248540000,-989584000,0.12,0.223,0.11,45.68,43990000,180097000,59596000,283112000,440.65,433.26,4.1215,548998000,385055000,100243000,309822000,163943000,209579000,160890000,239176000,32.58,None,519.68,362.5
2025-12-28,VRTX,14.21,11723300000.0,32.58,None,0.321,68.2,13883000,None,78045000,78045000,13554000,34791000,113826000,-175000,-3757000,None,None,3194000,1081000,89241000,None,10098000,10098000,6210000,None,None,20595000,None,None,27289000,14569000,0,0,None,0.047,0.19,-141738000,-114449000,4.61,2016-09-30,24.27,None,6180100000.0,150792000,-173390000,61679000,None,None,None,0,None,None,None,None,180097000,None,None,-39537000,None,None,None,0.403,65656000,292530000,-149872000,3303000,62584000,None,None,None,None,None,None,None,0.58,6.1,10.12,None,None,None,None,None,17463000,None,0.314,None,54533000,2025-11-10,quarterly,4.8,USD,post-market,248540000,-989584000,0.12,0.223,0.11,45.68,43990000,180097000,59596000,283112000,440.65,433.26,4.1215,548998000,385055000,100243000,309822000,163943000,209579000,160890000,239176000,32.58,None,519.68,362.5
2025-12-28,VRTX,14.21,11723300000.0,32.58,None,0.321,68.2,15918000,None,78045000,78045000,21253000,-57782000,1621000,-2710000,-3008000,None,None,-10442000,1081000,89241000,None,10098000,10098000,6210000,None,None,20595000,None,None,27289000,14963000,0,0,None,0.047,0.19,-141738000,-114449000,4.61,2016-06-30,24.27,None,6180100000.0,150792000,-173390000,61679000,None,None,None,0,None,None,None,None,180097000,None,None,-36151000,None,None,None,0.403,40860000,292530000,-149872000,3303000,62584000,None,None,None,None,None,None,None,0.58,6.1,10.12,None,None,None,None,None,24856000,None,0.314,None,54533000,2025-11-10,quarterly,4.8,USD,post-market,248540000,-989584000,0.12,0.223,0.11,45.68,43990000,180097000,59596000,283112000,440.65,433.26,4.1215,548998000,385055000,100243000,309822000,163943000,209579000,160890000,239176000,32.58,None,519.68,362.5
2025-12-28,VRTX,14.21,11723300000.0,32.58,None,0.321,68.2,11974000,None,78045000,78045000,4702000,-102708000,-110523000,2620000,-4771000,None,None,-2512000,1081000,89241000,None,10098000,10098000,6210000,None,None,20595000,None,None,27289000,16415000,0,0,None,0.047,0.19,-141738000,-114449000,4.61,2016-03-31,24.27,None,6180100000.0,150792000,-173390000,61679000,None,None,None,0,None,None,None,None,180097000,None,None,-36102000,None,None,None,0.403,-15137000,292530000,-149872000,3303000,62584000,None,None,None,None,None,None,None,0.58,6.1,10.12,None,None,None,None,None,8846000,None,0.314,None,54533000,2025-11-10,quarterly,4.8,USD,post-market,248540000,-989584000,0.12,0.223,0.11,45.68,43990000,180097000,59596000,283112000,440.65,433.26,4.1215,548998000,385055000,100243000,309822000,163943000,209579000,160890000,239176000,32.58,None,519.68,362.5
2025-12-28,VRTX,14.21,11723300000.0,32.58,None,0.321,68.2,12527000,None,78045000,78045000,97797000,-122690000,-41482000,-575000,-7019000,None,None,-16112000,1081000,89241000,None,10098000,10098000,6210000,None,None,20595000,None,None,27289000,15747000,0,0,None,0.047,0.19,-141738000,-114449000,4.61,2015-12-31,24.27,None,6180100000.0,150792000,-173390000,61679000,None,None,None,0,None,None,None,None,180097000,None,None,-74669000,None,None,None,0.403,-16014000,292530000,-149872000,3303000,62584000,None,None,None,None,None,None,None,0.58,6.1,10.12,None,None,None,None,None,45903000,None,0.314,None,54533000,2025-11-10,quarterly,4.8,USD,post-market,248540000,-989584000,0.12,0.223,0.11,45.68,43990000,180097000,59596000,283112000,440.65,433.26,4.1215,548998000,385055000,100243000,309822000,163943000,209579000,160890000,239176000,32.58,None,519.68,362.5
2025-12-28,VRTX,14.21,11723300000.0,32.58,None,0.321,68.2,8797000,None,78045000,78045000,34619000,-100935000,-114293000,-953000,-6701000,None,None,-67538000,1081000,89241000,None,10098000,10098000,6210000,None,None,20595000,None,None,27289000,16168000,0,0,None,0.047,0.19,-141738000,-114449000,4.61,2015-09-30,24.27,None,6180100000.0,150792000,-173390000,61679000,None,None,None,0,None,None,None,None,180097000,None,None,-93816000,None,None,None,0.403,-47024000,292530000,-149872000,3303000,62584000,None,None,None,None,None,None,None,0.58,6.1,10.12,None,None,None,None,None,51839000,None,0.314,None,54533000,2025-11-10,quarterly,4.8,USD,post-market,248540000,-989584000,0.12,0.223,0.11,45.68,43990000,180097000,59596000,283112000,440.65,433.26,4.1215,548998000,385055000,100243000,309822000,163943000,209579000,160890000,239176000,32.58,None,519.68,362.5
2025-12-28,VRTX,14.21,11723300000.0,32.58,None,0.321,68.2,13420000,None,78045000,78045000,21144000,278443000,205664000,1290000,-6791000,None,None,-15334000,1081000,89241000,None,10098000,10098000,6210000,None,None,20595000,None,None,27289000,14065000,0,0,None,0.047,0.19,-141738000,-114449000,4.61,2015-06-30,24.27,None,6180100000.0,150792000,-173390000,61679000,None,None,None,0,None,None,None,None,180097000,None,None,-220992000,None,None,None,0.403,-95213000,292530000,-149872000,3303000,62584000,None,None,None,None,None,None,None,0.58,6.1,10.12,None,None,None,None,None,46234000,None,0.314,None,54533000,2025-11-10,quarterly,4.8,USD,post-market,248540000,-989584000,0.12,0.223,0.11,45.68,43990000,180097000,59596000,283112000,440.65,433.26,4.1215,548998000,385055000,100243000,309822000,163943000,209579000,160890000,239176000,32.58,None,519.68,362.5
2025-12-28,VRTX,14.21,11723300000.0,32.58,None,0.321,68.2,10558000,None,78045000,78045000,35359000,214038000,39620000,-2596000,-2635000,None,None,-5863000,1081000,89241000,None,10098000,10098000,6210000,None,None,20595000,None,None,27289000,16363000,0,0,None,0.047,0.19,-141738000,-114449000,4.61,2015-03-31,24.27,None,6180100000.0,150792000,-173390000,61679000,None,None,None,0,None,None,None,None,180097000,None,None,-198704000,None,None,None,0.403,-207181000,292530000,-149872000,3303000,62584000,None,None,None,None,None,None,None,0.58,6.1,10.12,None,None,None,None,None,41616000,None,0.314,None,54533000,2025-11-10,quarterly,4.8,USD,post-market,248540000,-989584000,0.12,0.223,0.11,45.68,43990000,180097000,59596000,283112000,440.65,433.26,4.1215,548998000,385055000,100243000,309822000,163943000,209579000,160890000,239176000,32.58,None,519.68,362.5
2025-12-28,VRTX,14.21,11723300000.0,32.58,None,0.321,68.2,14676000,None,78045000,78045000,56322000,-26061000,-93304000,-1695000,-11568000,None,None,14743000,1081000,89241000,None,10098000,10098000,6210000,None,None,20595000,None,None,27289000,16336000,0,0,None,0.047,0.19,-141738000,-114449000,4.61,2014-12-31,24.27,None,6180100000.0,150792000,-173390000,61679000,None,None,None,0,None,None,None,None,180097000,None,None,-180846000,None,None,None,0.403,-121870000,292530000,-149872000,3303000,62584000,None,None,None,None,None,None,None,0.58,6.1,10.12,None,None,None,None,None,73341000,None,0.314,None,54533000,2025-11-10,quarterly,4.8,USD,post-market,248540000,-989584000,0.12,0.223,0.11,45.68,43990000,180097000,59596000,283112000,440.65,433.26,4.1215,548998000,385055000,100243000,309822000,163943000,209579000,160890000,239176000,32.58,None,519.68,362.5
2025-12-28,VRTX,14.21,11723300000.0,32.58,None,0.321,68.2,9298000,None,78045000,78045000,357233000,30545000,298005000,-2126000,-6095000,None,None,-9833000,1081000,89241000,None,10098000,10098000,6210000,None,None,20595000,None,None,27289000,16961000,0,0,None,0.047,0.19,-141738000,-114449000,4.61,2014-09-30,24.27,None,6180100000.0,150792000,-173390000,61679000,None,None,None,0,None,None,None,None,180097000,None,None,-170060000,None,None,None,0.403,-87647000,292530000,-149872000,3303000,62584000,None,None,None,None,None,None,None,0.58,6.1,10.12,None,None,None,None,None,83327000,None,0.314,None,54533000,2025-11-10,quarterly,4.8,USD,post-market,248540000,-989584000,0.12,0.223,0.11,45.68,43990000,180097000,59596000,283112000,440.65,433.26,4.1215,548998000,385055000,100243000,309822000,163943000,209579000,160890000,239176000,32.58,None,519.68,362.5
2025-12-28,VRTX,14.21,11723300000.0,32.58,None,0.321,68.2,11701000,None,78045000,78045000,33405000,89882000,-3487000,1146000,-1294000,None,None,-22719000,1081000,89241000,None,10098000,10098000,6210000,None,None,20595000,None,None,27289000,14172000,0,0,None,0.047,0.19,-141738000,-114449000,4.61,2014-06-30,24.27,None,6180100000.0,150792000,-173390000,61679000,None,None,None,0,None,None,None,None,180097000,None,None,-159382000,None,None,None,0.403,-127920000,292530000,-149872000,3303000,62584000,None,None,None,None,None,None,None,0.58,6.1,10.12,None,None,None,None,None,57813000,None,0.314,None,54533000,2025-11-10,quarterly,4.8,USD,post-market,248540000,-989584000,0.12,0.223,0.11,45.68,43990000,180097000,59596000,283112000,440.65,433.26,4.1215,548998000,385055000,100243000,309822000,163943000,209579000,160890000,239176000,32.58,None,519.68,362.5
2025-12-28,VRTX,14.21,11723300000.0,32.58,None,0.321,68.2,15526000,None,78045000,78045000,50416000,-20407000,-145254000,499000,2488000,None,None,25237000,1081000,89241000,None,10098000,10098000,6210000,None,None,20595000,None,None,27289000,15788000,0,0,None,0.047,0.19,-141738000,-114449000,4.61,2014-03-31,24.27,None,6180100000.0,150792000,-173390000,61679000,None,None,None,0,None,None,None,None,180097000,None,None,-232457000,None,None,None,0.403,-175762000,292530000,-149872000,3303000,62584000,None,None,None,None,None,None,None,0.58,6.1,10.12,None,None,None,None,None,60134000,None,0.314,None,54533000,2025-11-10,quarterly,4.8,USD,post-market,248540000,-989584000,0.12,0.223,0.11,45.68,43990000,180097000,59596000,283112000,440.65,433.26,4.1215,548998000,385055000,100243000,309822000,163943000,209579000,160890000,239176000,32.58,None,519.68,362.5
2025-12-28,VRTX,14.21,11723300000.0,32.58,None,0.321,68.2,14471000,None,78045000,78045000,16525000,-61379000,297516000,5507000,1930000,None,None,102197000,1081000,89241000,None,10098000,10098000,6210000,None,None,20595000,None,None,27289000,17631000,0,0,None,0.047,0.19,-141738000,-114449000,4.61,2013-12-31,24.27,None,6180100000.0,150792000,-173390000,61679000,None,None,None,0,None,None,None,None,180097000,None,None,-184549000,None,None,None,0.403,28855000,292530000,-149872000,3303000,62584000,None,None,None,None,None,None,None,0.58,6.1,10.12,None,None,None,None,None,244208000,None,0.314,None,54533000,2025-11-10,quarterly,4.8,USD,post-market,248540000,-989584000,0.12,0.223,0.11,45.68,43990000,180097000,59596000,283112000,440.65,433.26,4.1215,548998000,385055000,100243000,309822000,163943000,209579000,160890000,239176000,32.58,None,519.68,362.5
2025-12-28,VRTX,14.21,11723300000.0,32.58,None,0.321,68.2,18514000,None,78045000,78045000,13006000,49536000,-92054000,None,-1408000,None,None,None,1081000,89241000,None,10098000,10098000,6210000,None,None,20595000,None,None,27289000,9489000,0,0,None,0.047,0.19,-141738000,-114449000,4.61,2013-09-30,24.27,None,6180100000.0,150792000,-173390000,61679000,None,None,None,0,None,None,None,None,180097000,None,None,-128662000,None,None,None,0.403,-13720000,292530000,-149872000,3303000,62584000,None,None,None,None,None,None,None,0.58,6.1,10.12,None,None,None,None,None,0,None,0.314,None,54533000,2025-11-10,quarterly,4.8,USD,post-market,248540000,-989584000,0.12,0.223,0.11,45.68,43990000,180097000,59596000,283112000,440.65,433.26,4.1215,548998000,385055000,100243000,309822000,163943000,209579000,160890000,239176000,32.58,None,519.68,362.5
2025-12-28,VRTX,14.21,11723300000.0,32.58,None,0.321,68.2,1801000,None,78045000,78045000,157488000,-4691000,-15262000,None,-2611000,None,None,None,1081000,89241000,None,10098000,10098000,6210000,None,None,20595000,None,None,27289000,10554000,0,0,None,0.047,0.19,-141738000,-114449000,4.61,2013-06-30,24.27,None,6180100000.0,150792000,-173390000,61679000,None,None,None,0,None,None,None,None,180097000,None,None,-61712000,None,None,None,0.403,-927000,292530000,-149872000,3303000,62584000,None,None,None,None,None,None,None,0.58,6.1,10.12,None,None,None,None,None,0,None,0.314,None,54533000,2025-11-10,quarterly,4.8,USD,post-market,248540000,-989584000,0.12,0.223,0.11,45.68,43990000,180097000,59596000,283112000,440.65,433.26,4.1215,548998000,385055000,100243000,309822000,163943000,209579000,160890000,239176000,32.58,None,519.68,362.5
2025-12-28,VRTX,14.21,11723300000.0,32.58,None,0.321,68.2,16607000,None,78045000,78045000,-6135000,-37596000,-110308000,-799000,9231000,None,None,-48834000,1081000,89241000,None,10098000,10098000,6210000,None,None,20595000,None,None,27289000,10691000,0,0,None,0.047,0.19,-141738000,-114449000,4.61,2013-03-31,24.27,None,6180100000.0,150792000,-173390000,61679000,None,None,None,0,None,None,None,None,180097000,None,None,-312627000,None,None,None,0.403,-65778000,292530000,-149872000,3303000,62584000,None,None,None,None,None,None,None,0.58,6.1,10.12,None,None,None,None,None,21670000,None,0.314,None,54533000,2025-11-10,quarterly,4.8,USD,post-market,248540000,-989584000,0.12,0.223,0.11,45.68,43990000,180097000,59596000,283112000,440.65,433.26,4.1215,548998000,385055000,100243000,309822000,163943000,209579000,160890000,239176000,32.58,None,519.68,362.5
2025-12-28,VRTX,14.21,11723300000.0,32.58,None,0.321,68.2,28046000,None,78045000,78045000,4837000,7156000,52521000,-31000,2494000,None,None,-3626000,1081000,89241000,None,10098000,10098000,6210000,None,None,20595000,None,None,27289000,12373000,0,0,None,0.047,0.19,-141738000,-114449000,4.61,2012-12-31,24.27,None,6180100000.0,150792000,-173390000,61679000,None,None,None,0,None,None,None,None,180097000,None,None,-78076000,None,None,None,0.403,40559000,292530000,-149872000,3303000,62584000,None,None,None,None,None,None,None,0.58,6.1,10.12,None,None,None,None,None,16771000,None,0.314,None,54533000,2025-11-10,quarterly,4.8,USD,post-market,248540000,-989584000,0.12,0.223,0.11,45.68,43990000,180097000,59596000,283112000,440.65,433.26,4.1215,548998000,385055000,100243000,309822000,163943000,209579000,160890000,239176000,32.58,None,519.68,362.5
2025-12-28,VRTX,14.21,11723300000.0,32.58,None,0.321,68.2,21396000,None,78045000,78045000,8150000,-131228000,-17175000,-58000,1869000,None,None,46021000,1081000,89241000,None,10098000,10098000,6210000,None,None,20595000,None,None,27289000,8593000,0,0,None,0.047,0.19,-141738000,-114449000,4.61,2012-09-30,24.27,None,6180100000.0,150792000,-173390000,61679000,None,None,None,0,None,None,None,None,180097000,None,None,-26467000,None,None,None,0.403,105961000,292530000,-149872000,3303000,62584000,None,None,None,None,None,None,None,0.58,6.1,10.12,None,None,None,None,None,16947000,None,0.314,None,54533000,2025-11-10,quarterly,4.8,USD,post-market,248540000,-989584000,0.12,0.223,0.11,45.68,43990000,180097000,59596000,283112000,440.65,433.26,4.1215,548998000,385055000,100243000,309822000,163943000,209579000,160890000,239176000,32.58,None,519.68,362.5
2025-12-28,VRTX,14.21,11723300000.0,32.58,None,0.321,68.2,15543000,None,78045000,78045000,137692000,-70043000,186138000,84000,-17373000,None,None,46610000,1081000,89241000,None,10098000,10098000,6210000,None,None,20595000,None,None,27289000,8665000,0,0,None,0.047,0.19,-141738000,-114449000,4.61,2012-06-30,24.27,None,6180100000.0,150792000,-173390000,61679000,None,None,None,0,None,None,None,None,180097000,None,None,-34468000,None,None,None,0.403,118405000,292530000,-149872000,3303000,62584000,None,None,None,None,None,None,None,0.58,6.1,10.12,None,None,None,None,None,136705000,None,0.314,None,54533000,2025-11-10,quarterly,4.8,USD,post-market,248540000,-989584000,0.12,0.223,0.11,45.68,43990000,180097000,59596000,283112000,440.65,433.26,4.1215,548998000,385055000,100243000,309822000,163943000,209579000,160890000,239176000,32.58,None,519.68,362.5
2025-12-28,VRTX,14.21,11723300000.0,32.58,None,0.321,68.2,6155000,None,78045000,78045000,21525000,-231702000,-207397000,-136000,-16915000,None,None,-49093000,1081000,89241000,None,10098000,10098000,6210000,None,None,20595000,None,None,27289000,8560000,0,0,None,0.047,0.19,-141738000,-114449000,4.61,2012-03-31,24.27,None,6180100000.0,150792000,-173390000,61679000,None,None,None,0,None,None,None,None,180097000,None,None,87876000,None,None,None,0.403,2916000,292530000,-149872000,3303000,62584000,None,None,None,None,None,None,None,0.58,6.1,10.12,None,None,None,None,None,21298000,None,0.314,None,54533000,2025-11-10,quarterly,4.8,USD,post-market,248540000,-989584000,0.12,0.223,0.11,45.68,43990000,180097000,59596000,283112000,440.65,433.26,4.1215,548998000,385055000,100243000,309822000,163943000,209579000,160890000,239176000,32.58,None,519.68,362.5
2025-12-28,VRTX,14.21,11723300000.0,32.58,None,0.321,68.2,9329000,None,78045000,78045000,-182980000,-387776000,-67225000,-132000,-44564000,None,None,262526000,1081000,89241000,None,10098000,10098000,6210000,None,None,20595000,None,None,27289000,9724000,0,0,None,0.047,0.19,-141738000,-114449000,4.61,2011-12-31,24.27,None,6180100000.0,150792000,-173390000,61679000,None,None,None,0,None,None,None,None,180097000,None,None,188141000,None,None,None,0.403,503663000,292530000,-149872000,3303000,62584000,None,None,None,None,None,None,None,0.58,6.1,10.12,None,None,None,None,None,16120000,None,0.314,None,54533000,2025-11-10,quarterly,4.8,USD,post-market,248540000,-989584000,0.12,0.223,0.11,45.68,43990000,180097000,59596000,283112000,440.65,433.26,4.1215,548998000,385055000,100243000,309822000,163943000,209579000,160890000,239176000,32.58,None,519.68,362.5
2025-12-28,VRTX,14.21,11723300000.0,32.58,None,0.321,68.2,9985000,None,78045000,78045000,20069000,21446000,84350000,-60000,-14738000,None,None,-349418000,1081000,89241000,None,10098000,10098000,6210000,None,None,20595000,None,None,27289000,7750000,0,0,None,0.047,0.19,-141738000,-114449000,4.61,2011-09-30,24.27,None,6180100000.0,150792000,-173390000,61679000,None,None,None,0,None,None,None,None,180097000,None,None,228452000,None,None,None,0.403,42895000,292530000,-149872000,3303000,62584000,None,None,None,None,None,None,None,0.58,6.1,10.12,None,None,None,None,None,20069000,None,0.314,None,54533000,2025-11-10,quarterly,4.8,USD,post-market,248540000,-989584000,0.12,0.223,0.11,45.68,43990000,180097000,59596000,283112000,440.65,433.26,4.1215,548998000,385055000,100243000,309822000,163943000,209579000,160890000,239176000,32.58,None,519.68,362.5
2025-12-28,VRTX,14.21,11723300000.0,32.58,None,0.321,68.2,70431000,None,78045000,78045000,55030000,172790000,11659000,34000,-34424000,None,None,-90636000,1081000,89241000,None,10098000,10098000,6210000,None,None,20595000,None,None,27289000,8709000,0,0,None,0.047,0.19,-141738000,-114449000,4.61,2011-06-30,24.27,None,6180100000.0,150792000,-173390000,61679000,None,None,None,0,None,None,None,None,180097000,None,None,-199318000,None,None,None,0.403,-216195000,292530000,-149872000,3303000,62584000,None,None,None,None,None,None,None,0.58,6.1,10.12,None,None,None,None,None,55030000,None,0.314,None,54533000,2025-11-10,quarterly,4.8,USD,post-market,248540000,-989584000,0.12,0.223,0.11,45.68,43990000,180097000,59596000,283112000,440.65,433.26,4.1215,548998000,385055000,100243000,309822000,163943000,209579000,160890000,239176000,32.58,None,519.68,362.5
2025-12-28,VRTX,14.21,11723300000.0,32.58,None,0.321,68.2,4850000,None,78045000,78045000,-16357000,405952000,203339000,372000,-17662000,None,None,6922000,1081000,89241000,None,10098000,10098000,6210000,None,None,20595000,None,None,27289000,8858000,0,0,None,0.047,0.19,-141738000,-114449000,4.61,2011-03-31,24.27,None,6180100000.0,150792000,-173390000,61679000,None,None,None,0,None,None,None,None,180097000,None,None,-176096000,None,None,None,0.403,-186628000,292530000,-149872000,3303000,62584000,None,None,None,None,None,None,None,0.58,6.1,10.12,None,None,None,None,None,33643000,None,0.314,None,54533000,2025-11-10,quarterly,4.8,USD,post-market,248540000,-989584000,0.12,0.223,0.11,45.68,43990000,180097000,59596000,283112000,440.65,433.26,4.1215,548998000,385055000,100243000,309822000,163943000,209579000,160890000,239176000,32.58,None,519.68,362.5
2025-12-28,VRTX,14.21,11723300000.0,32.58,None,0.321,68.2,14428000,None,78045000,78045000,9447000,-169695000,-326704000,-353000,9184000,None,None,-7564000,1081000,89241000,None,10098000,10098000,6210000,None,None,20595000,None,None,27289000,8205000,0,0,None,0.047,0.19,-141738000,-114449000,4.61,2010-12-31,24.27,None,6180100000.0,150792000,-173390000,61679000,None,None,None,0,None,None,None,None,180097000,None,None,-180392000,None,None,None,0.403,-166103000,292530000,-149872000,3303000,62584000,None,None,None,None,None,None,None,0.58,6.1,10.12,None,None,None,None,None,9447000,None,0.314,None,54533000,2025-11-10,quarterly,4.8,USD,post-market,248540000,-989584000,0.12,0.223,0.11,45.68,43990000,180097000,59596000,283112000,440.65,433.26,4.1215,548998000,385055000,100243000,309822000,163943000,209579000,160890000,239176000,32.58,None,519.68,362.5
2025-12-28,VRTX,14.21,11723300000.0,32.58,None,0.321,68.2,10830000,None,78045000,78045000,398495000,-2414000,232293000,202000,23815000,None,None,-1404000,1081000,89241000,None,10098000,10098000,6210000,None,None,20595000,None,None,27289000,6758000,0,0,None,0.047,0.19,-141738000,-114449000,4.61,2010-09-30,24.27,None,6180100000.0,150792000,-173390000,61679000,None,None,None,0,None,None,None,None,180097000,None,None,-208957000,None,None,None,0.403,-163990000,292530000,-149872000,3303000,62584000,None,None,None,None,None,None,None,0.58,6.1,10.12,None,None,None,None,None,6850000,None,0.314,None,54533000,2025-11-10,quarterly,4.8,USD,post-market,248540000,-989584000,0.12,0.223,0.11,45.68,43990000,180097000,59596000,283112000,440.65,433.26,4.1215,548998000,385055000,100243000,309822000,163943000,209579000,160890000,239176000,32.58,None,519.68,362.5
2025-12-28,VRTX,14.21,11723300000.0,32.58,None,0.321,68.2,9686000,None,78045000,78045000,9473000,40648000,-58939000,-173000,15736000,None,None,4331000,1081000,89241000,None,10098000,10098000,6210000,None,None,20595000,None,None,27289000,7912000,0,0,None,0.047,0.19,-141738000,-114449000,4.61,2010-06-30,24.27,None,6180100000.0,150792000,-173390000,61679000,None,None,None,0,None,None,None,None,180097000,None,None,-200006000,None,None,None,0.403,-108887000,292530000,-149872000,3303000,62584000,None,None,None,None,None,None,None,0.58,6.1,10.12,None,None,None,None,None,9473000,None,0.314,None,54533000,2025-11-10,quarterly,4.8,USD,post-market,248540000,-989584000,0.12,0.223,0.11,45.68,43990000,180097000,59596000,283112000,440.65,433.26,4.1215,548998000,385055000,100243000,309822000,163943000,209579000,160890000,239176000,32.58,None,519.68,362.5
2025-12-28,VRTX,14.21,11723300000.0,32.58,None,0.321,68.2,3110000,None,78045000,78045000,7642000,138762000,-50111000,-53000,-42544000,None,None,1714000,1081000,89241000,None,10098000,10098000,6210000,None,None,20595000,None,None,27289000,7584000,0,0,None,0.047,0.19,-141738000,-114449000,4.61,2010-03-31,24.27,None,6180100000.0,150792000,-173390000,61679000,None,None,None,0,None,None,None,None,180097000,None,None,-165271000,None,None,None,0.403,-196462000,292530000,-149872000,3303000,62584000,None,None,None,None,None,None,None,0.58,6.1,10.12,None,None,None,None,None,7664000,None,0.314,None,54533000,2025-11-10,quarterly,4.8,USD,post-market,248540000,-989584000,0.12,0.223,0.11,45.68,43990000,180097000,59596000,283112000,440.65,433.26,4.1215,548998000,385055000,100243000,309822000,163943000,209579000,160890000,239176000,32.58,None,519.68,362.5
2025-12-28,VRTX,14.21,11723300000.0,32.58,None,0.321,68.2,7578000,None,78045000,78045000,538664000,-547777000,None,None,14367000,None,None,None,1081000,89241000,None,10098000,10098000,6210000,None,None,20595000,None,None,27289000,8383000,None,None,None,0.047,0.19,-141738000,-114449000,4.61,2009-12-31,24.27,None,6180100000.0,150792000,-173390000,61679000,None,None,None,0,None,None,None,None,180097000,None,None,-158644000,None,None,None,0.403,-102327000,292530000,-149872000,3303000,62584000,None,None,None,None,None,None,None,0.58,6.1,10.12,None,None,None,None,None,None,None,0.314,None,54533000,2025-11-10,quarterly,4.8,USD,post-market,248540000,-989584000,0.12,0.223,0.11,45.68,43990000,180097000,59596000,283112000,440.65,433.26,4.1215,548998000,385055000,100243000,309822000,163943000,209579000,160890000,239176000,32.58,None,519.68,362.5
2025-12-28,VRTX,14.21,11723300000.0,32.58,None,0.321,68.2,4753000,None,78045000,78045000,130593000,42525000,None,None,13731000,None,None,None,1081000,89241000,None,10098000,10098000,6210000,None,None,20595000,None,None,27289000,6815000,None,None,None,0.047,0.19,-141738000,-114449000,4.61,2009-09-30,24.27,None,6180100000.0,150792000,-173390000,61679000,None,None,None,0,None,None,None,None,180097000,None,None,-149565000,None,None,None,0.403,-21635000,292530000,-149872000,3303000,62584000,None,None,None,None,None,None,None,0.58,6.1,10.12,None,None,None,None,None,None,None,0.314,None,54533000,2025-11-10,quarterly,4.8,USD,post-market,248540000,-989584000,0.12,0.223,0.11,45.68,43990000,180097000,59596000,283112000,440.65,433.26,4.1215,548998000,385055000,100243000,309822000,163943000,209579000,160890000,239176000,32.58,None,519.68,362.5
2025-12-28,VRTX,14.21,11723300000.0,32.58,None,0.321,68.2,4586000,None,78045000,78045000,11081000,-83657000,None,None,5878000,None,None,None,1081000,89241000,None,10098000,10098000,6210000,None,None,20595000,None,None,27289000,7745000,None,None,None,0.047,0.19,-141738000,-114449000,4.61,2009-06-30,24.27,None,6180100000.0,150792000,-173390000,61679000,None,None,None,0,None,None,None,None,180097000,None,None,-171297000,None,None,None,0.403,-118065000,292530000,-149872000,3303000,62584000,None,None,None,None,None,None,None,0.58,6.1,10.12,None,None,None,None,None,None,None,0.314,None,54533000,2025-11-10,quarterly,4.8,USD,post-market,248540000,-989584000,0.12,0.223,0.11,45.68,43990000,180097000,59596000,283112000,440.65,433.26,4.1215,548998000,385055000,100243000,309822000,163943000,209579000,160890000,239176000,32.58,None,519.68,362.5
2025-12-28,VRTX,14.21,11723300000.0,32.58,None,0.321,68.2,6579000,None,78045000,78045000,318668000,80177000,None,None,-24452000,None,None,None,1081000,89241000,None,10098000,10098000,6210000,None,None,20595000,None,None,27289000,7164000,None,None,None,0.047,0.19,-141738000,-114449000,4.61,2009-03-31,24.27,None,6180100000.0,150792000,-173390000,61679000,None,None,None,0,None,None,None,None,180097000,None,None,-162672000,None,None,None,0.403,-185559000,292530000,-149872000,3303000,62584000,None,None,None,None,None,None,None,0.58,6.1,10.12,None,None,None,None,None,290557000,None,0.314,None,54533000,2025-11-10,quarterly,4.8,USD,post-market,248540000,-989584000,0.12,0.223,0.11,45.68,43990000,180097000,59596000,283112000,440.65,433.26,4.1215,548998000,385055000,100243000,309822000,163943000,209579000,160890000,239176000,32.58,None,519.68,362.5
2025-12-28,VRTX,14.21,11723300000.0,32.58,None,0.321,68.2,6612000,None,78045000,78045000,13715000,-70515000,None,None,4419000,None,None,None,1081000,89241000,None,10098000,10098000,6210000,None,None,20595000,None,None,27289000,8575000,None,None,None,0.047,0.19,-141738000,-114449000,4.61,2008-12-31,24.27,None,6180100000.0,150792000,-173390000,61679000,None,None,None,0,None,None,None,None,180097000,None,None,-142332000,None,None,None,0.403,-97225000,292530000,-149872000,3303000,62584000,None,None,None,None,None,None,None,0.58,6.1,10.12,None,None,None,None,None,None,None,0.314,None,54533000,2025-11-10,quarterly,4.8,USD,post-market,248540000,-989584000,0.12,0.223,0.11,45.68,43990000,180097000,59596000,283112000,440.65,433.26,4.1215,548998000,385055000,100243000,309822000,163943000,209579000,160890000,239176000,32.58,None,519.68,362.5
2025-12-28,VRTX,14.21,11723300000.0,32.58,None,0.321,68.2,10506000,None,78045000,78045000,224962000,-103857000,None,None,None,None,None,None,1081000,89241000,None,10098000,10098000,6210000,None,None,20595000,None,None,27289000,7953000,None,None,None,0.047,0.19,-141738000,-114449000,4.61,2008-09-30,24.27,None,6180100000.0,150792000,-173390000,61679000,None,None,None,0,None,None,None,None,180097000,None,None,-130044000,None,None,None,0.403,-127480000,292530000,-149872000,3303000,62584000,None,None,None,None,None,None,None,0.58,6.1,10.12,None,None,None,None,None,None,None,0.314,None,54533000,2025-11-10,quarterly,4.8,USD,post-market,248540000,-989584000,0.12,0.223,0.11,45.68,43990000,180097000,59596000,283112000,440.65,433.26,4.1215,548998000,385055000,100243000,309822000,163943000,209579000,160890000,239176000,32.58,None,519.68,362.5
2025-12-28,VRTX,14.21,11723300000.0,32.58,None,0.321,68.2,9568000,None,78045000,78045000,-9918000,-34874000,None,None,None,None,None,None,1081000,89241000,None,10098000,10098000,6210000,None,None,20595000,None,None,27289000,8170000,None,None,None,0.047,0.19,-141738000,-114449000,4.61,2008-06-30,24.27,None,6180100000.0,150792000,-173390000,61679000,None,None,None,0,None,None,None,None,180097000,None,None,-91321000,None,None,None,0.403,103758000,292530000,-149872000,3303000,62584000,None,None,None,None,None,None,None,0.58,6.1,10.12,None,None,None,None,None,None,None,0.314,None,54533000,2025-11-10,quarterly,4.8,USD,post-market,248540000,-989584000,0.12,0.223,0.11,45.68,43990000,180097000,59596000,283112000,440.65,433.26,4.1215,548998000,385055000,100243000,309822000,163943000,209579000,160890000,239176000,32.58,None,519.68,362.5
2025-12-28,VRTX,14.21,11723300000.0,32.58,None,0.321,68.2,5494000,None,78045000,78045000,391979000,-151404000,None,None,-27795000,None,None,None,1081000,89241000,None,10098000,10098000,6210000,None,None,20595000,None,None,27289000,7498000,None,None,None,0.047,0.19,-141738000,-114449000,4.61,2008-03-31,24.27,None,6180100000.0,150792000,-173390000,61679000,None,None,None,0,None,None,None,None,180097000,None,None,-96154000,None,None,None,0.403,-105535000,292530000,-149872000,3303000,62584000,None,None,None,None,None,None,None,0.58,6.1,10.12,None,None,None,None,None,None,None,0.314,None,54533000,2025-11-10,quarterly,4.8,USD,post-market,248540000,-989584000,0.12,0.223,0.11,45.68,43990000,180097000,59596000,283112000,440.65,433.26,4.1215,548998000,385055000,100243000,309822000,163943000,209579000,160890000,239176000,32.58,None,519.68,362.5
2025-12-28,VRTX,14.21,11723300000.0,32.58,None,0.321,68.2,5199000,None,78045000,78045000,10727000,143735000,None,None,None,None,None,None,1081000,89241000,None,10098000,10098000,6210000,None,None,20595000,None,None,27289000,7451000,None,None,None,0.047,0.19,-141738000,-114449000,4.61,2007-12-31,24.27,None,6180100000.0,150792000,-173390000,61679000,None,None,None,0,None,None,None,None,180097000,None,None,-85751000,None,None,None,0.403,-52692000,292530000,-149872000,3303000,62584000,None,None,None,None,None,None,None,0.58,6.1,10.12,None,None,None,None,None,None,None,0.314,None,54533000,2025-11-10,quarterly,4.8,USD,post-market,248540000,-989584000,0.12,0.223,0.11,45.68,43990000,180097000,59596000,283112000,440.65,433.26,4.1215,548998000,385055000,100243000,309822000,163943000,209579000,160890000,239176000,32.58,None,519.68,362.5
2025-12-28,VRTX,14.21,11723300000.0,32.58,None,0.321,68.2,7929000,None,78045000,78045000,-32397000,181261000,None,None,None,None,None,None,1081000,89241000,None,10098000,10098000,6210000,None,None,20595000,None,None,27289000,6835000,None,None,None,0.047,0.19,-141738000,-114449000,4.61,2007-09-30,24.27,None,6180100000.0,150792000,-173390000,61679000,None,None,None,0,None,None,None,None,180097000,None,None,-107033000,None,None,None,0.403,-63641000,292530000,-149872000,3303000,62584000,None,None,None,None,None,None,None,0.58,6.1,10.12,None,None,None,None,None,None,None,0.314,None,54533000,2025-11-10,quarterly,4.8,USD,post-market,248540000,-989584000,0.12,0.223,0.11,45.68,43990000,180097000,59596000,283112000,440.65,433.26,4.1215,548998000,385055000,100243000,309822000,163943000,209579000,160890000,239176000,32.58,None,519.68,362.5
2025-12-28,VRTX,14.21,11723300000.0,32.58,None,0.321,68.2,13154000,None,78045000,78045000,8136000,-125495000,None,None,None,None,None,None,1081000,89241000,None,10098000,10098000,6210000,None,None,20595000,None,None,27289000,6852000,None,None,None,0.047,0.19,-141738000,-114449000,4.61,2007-06-30,24.27,None,6180100000.0,150792000,-173390000,61679000,None,None,None,0,None,None,None,None,180097000,None,None,-117767000,None,None,None,0.403,-68335000,292530000,-149872000,3303000,62584000,None,None,None,None,None,None,None,0.58,6.1,10.12,None,None,None,None,None,None,None,0.314,None,54533000,2025-11-10,quarterly,4.8,USD,post-market,248540000,-989584000,0.12,0.223,0.11,45.68,43990000,180097000,59596000,283112000,440.65,433.26,4.1215,548998000,385055000,100243000,309822000,163943000,209579000,160890000,239176000,32.58,None,519.68,362.5
2025-12-28,VRTX,14.21,11723300000.0,32.58,None,0.321,68.2,6133000,None,78045000,78045000,3344000,205665000,None,None,-14170000,None,None,None,1081000,89241000,None,10098000,10098000,6210000,None,None,20595000,None,None,27289000,6321000,None,None,None,0.047,0.19,-141738000,-114449000,4.61,2007-03-31,24.27,None,6180100000.0,150792000,-173390000,61679000,None,None,None,0,None,None,None,None,180097000,None,None,-80728000,None,None,None,0.403,-67808000,292530000,-149872000,3303000,62584000,None,None,None,None,None,None,None,0.58,6.1,10.12,None,None,None,None,None,None,None,0.314,None,54533000,2025-11-10,quarterly,4.8,USD,post-market,248540000,-989584000,0.12,0.223,0.11,45.68,43990000,180097000,59596000,283112000,440.65,433.26,4.1215,548998000,385055000,100243000,309822000,163943000,209579000,160890000,239176000,32.58,None,519.68,362.5
2025-12-28,VRTX,14.21,11723300000.0,32.58,None,0.321,68.2,7188000,None,78045000,78045000,14302000,-280301000,None,None,47093000,None,None,None,1081000,89241000,None,10098000,10098000,6210000,None,None,20595000,None,None,27289000,6875000,None,None,None,0.047,0.19,-141738000,-114449000,4.61,2006-12-31,24.27,None,6180100000.0,150792000,-173390000,61679000,None,None,None,0,None,None,None,None,180097000,None,None,-27344000,None,None,None,0.403,-4287000,292530000,-149872000,3303000,62584000,None,None,None,None,None,None,None,0.58,6.1,10.12,None,None,None,None,None,None,None,0.314,None,54533000,2025-11-10,quarterly,4.8,USD,post-market,248540000,-989584000,0.12,0.223,0.11,45.68,43990000,180097000,59596000,283112000,440.65,433.26,4.1215,548998000,385055000,100243000,309822000,163943000,209579000,160890000,239176000,32.58,None,519.68,362.5
2025-12-28,VRTX,14.21,11723300000.0,32.58,None,0.321,68.2,6997000,None,78045000,78045000,319854000,20712000,None,None,None,None,None,None,1081000,89241000,None,10098000,10098000,6210000,None,None,20595000,None,None,27289000,5934000,None,None,None,0.047,0.19,-141738000,-114449000,4.61,2006-09-30,24.27,None,6180100000.0,150792000,-173390000,61679000,None,None,None,0,None,None,None,None,180097000,None,None,-51802000,None,None,None,0.403,101502000,292530000,-149872000,3303000,62584000,None,None,None,None,None,None,None,0.58,6.1,10.12,None,None,None,None,None,None,None,0.314,None,54533000,2025-11-10,quarterly,4.8,USD,post-market,248540000,-989584000,0.12,0.223,0.11,45.68,43990000,180097000,59596000,283112000,440.65,433.26,4.1215,548998000,385055000,100243000,309822000,163943000,209579000,160890000,239176000,32.58,None,519.68,362.5
2025-12-28,VRTX,14.21,11723300000.0,32.58,None,0.321,68.2,10779000,None,78045000,78045000,9549000,8830000,None,None,None,None,None,None,1081000,89241000,None,10098000,10098000,6210000,None,None,20595000,None,None,27289000,6809000,None,None,None,0.047,0.19,-141738000,-114449000,4.61,2006-06-30,24.27,None,6180100000.0,150792000,-173390000,61679000,None,None,None,0,None,None,None,None,180097000,None,None,-77658000,None,None,None,0.403,-58982000,292530000,-149872000,3303000,62584000,None,None,None,None,None,None,None,0.58,6.1,10.12,None,None,None,None,None,None,None,0.314,None,54533000,2025-11-10,quarterly,4.8,USD,post-market,248540000,-989584000,0.12,0.223,0.11,45.68,43990000,180097000,59596000,283112000,440.65,433.26,4.1215,548998000,385055000,100243000,309822000,163943000,209579000,160890000,239176000,32.58,None,519.68,362.5
2025-12-28,VRTX,14.21,11723300000.0,32.58,None,0.321,68.2,7453000,None,78045000,78045000,22160000,42288000,None,None,-12370000,None,None,None,1081000,89241000,None,10098000,10098000,6210000,None,None,20595000,None,None,27289000,6250000,None,None,None,0.047,0.19,-141738000,-114449000,4.61,2006-03-31,24.27,None,6180100000.0,150792000,-173390000,61679000,None,None,None,0,None,None,None,None,180097000,None,None,-50087000,None,None,None,0.403,-60708000,292530000,-149872000,3303000,62584000,None,None,None,None,None,None,None,0.58,6.1,10.12,None,None,None,None,None,None,None,0.314,None,54533000,2025-11-10,quarterly,4.8,USD,post-market,248540000,-989584000,0.12,0.223,0.11,45.68,43990000,180097000,59596000,283112000,440.65,433.26,4.1215,548998000,385055000,100243000,309822000,163943000,209579000,160890000,239176000,32.58,None,519.68,362.5
2025-12-28,VRTX,14.21,11723300000.0,32.58,None,0.321,68.2,5142000,None,78045000,78045000,15641000,-32064000,None,None,None,None,None,None,1081000,89241000,None,10098000,10098000,6210000,None,None,20595000,None,None,27289000,6889000,None,None,None,0.047,0.19,-141738000,-114449000,4.61,2005-12-31,24.27,None,6180100000.0,150792000,-173390000,61679000,None,None,None,0,None,None,None,None,180097000,None,None,-38131000,None,None,None,0.403,-7003000,292530000,-149872000,3303000,62584000,None,None,None,None,None,None,None,0.58,6.1,10.12,None,None,None,None,None,None,None,0.314,None,54533000,2025-11-10,quarterly,4.8,USD,post-market,248540000,-989584000,0.12,0.223,0.11,45.68,43990000,180097000,59596000,283112000,440.65,433.26,4.1215,548998000,385055000,100243000,309822000,163943000,209579000,160890000,239176000,32.58,None,519.68,362.5
2025-12-28,VRTX,14.21,11723300000.0,32.58,None,0.321,68.2,4434000,None,78045000,78045000,11769000,-48385000,None,None,None,None,None,None,1081000,89241000,None,10098000,10098000,6210000,None,None,20595000,None,None,27289000,7029000,None,None,None,0.047,0.19,-141738000,-114449000,4.61,2005-09-30,24.27,None,6180100000.0,150792000,-173390000,61679000,None,None,None,0,None,None,None,None,180097000,None,None,-79578000,None,None,None,0.403,-56311000,292530000,-149872000,3303000,62584000,None,None,None,None,None,None,None,0.58,6.1,10.12,None,None,None,None,None,None,None,0.314,None,54533000,2025-11-10,quarterly,4.8,USD,post-market,248540000,-989584000,0.12,0.223,0.11,45.68,43990000,180097000,59596000,283112000,440.65,433.26,4.1215,548998000,385055000,100243000,309822000,163943000,209579000,160890000,239176000,32.58,None,519.68,362.5
2025-12-28,VRTX,14.21,11723300000.0,32.58,None,0.321,68.2,297700000,None,78045000,78045000,-1494900000,-3770000000,None,None,-517300000,None,None,None,1081000,89241000,None,10098000,10098000,6210000,None,None,20595000,None,None,27289000,207200000,None,None,None,0.047,0.19,-141738000,-114449000,4.61,2024-12-31,24.27,None,6180100000.0,150792000,-173390000,61679000,None,None,None,0,None,None,None,None,180097000,None,None,-535600000,None,None,None,0.403,-492600000,292530000,-149872000,3303000,62584000,None,None,None,None,None,None,None,0.58,6.1,10.12,None,None,None,None,None,-1582100000,None,0.314,None,54533000,2025-11-10,annual,4.8,USD,post-market,248540000,-989584000,0.12,0.223,0.11,45.68,43990000,180097000,59596000,283112000,440.65,433.26,4.1215,548998000,385055000,100243000,309822000,163943000,209579000,160890000,239176000,32.58,None,519.68,362.5
2025-12-28,VRTX,14.21,11723300000.0,32.58,None,0.321,68.2,258400000,None,78045000,78045000,-562200000,-3141700000,None,None,-322900000,None,None,None,1081000,89241000,None,10098000,10098000,6210000,None,None,20595000,None,None,27289000,181300000,None,None,None,0.047,0.19,-141738000,-114449000,4.61,2023-12-31,24.27,None,6180100000.0,150792000,-173390000,61679000,None,None,None,0,None,None,None,None,180097000,None,None,3619600000,None,None,None,0.403,3537300000,292530000,-149872000,3303000,62584000,None,None,None,None,None,None,None,0.58,6.1,10.12,None,None,None,None,None,-653700000,None,0.314,None,54533000,2025-11-10,annual,4.8,USD,post-market,248540000,-989584000,0.12,0.223,0.11,45.68,43990000,180097000,59596000,283112000,440.65,433.26,4.1215,548998000,385055000,100243000,309822000,163943000,209579000,160890000,239176000,32.58,None,519.68,362.5
2025-12-28,VRTX,14.21,11723300000.0,32.58,None,0.321,68.2,204700000,None,78045000,78045000,-67700000,-321100000,3741100000,None,-136400000,None,None,-358600000,1081000,89241000,None,10098000,10098000,6210000,None,None,20595000,None,None,27289000,148300000,None,None,None,0.047,0.19,-141738000,-114449000,4.61,2022-12-31,24.27,None,6180100000.0,150792000,-173390000,61679000,None,None,None,0,None,None,None,None,180097000,None,None,3322000000,None,None,None,0.403,4129900000,292530000,-149872000,3303000,62584000,None,None,None,None,None,None,None,0.58,6.1,10.12,None,None,None,None,None,-172000000,None,0.314,None,54533000,2025-11-10,annual,4.8,USD,post-market,248540000,-989584000,0.12,0.223,0.11,45.68,43990000,180097000,59596000,283112000,440.65,433.26,4.1215,548998000,385055000,100243000,309822000,163943000,209579000,160890000,239176000,32.58,None,519.68,362.5
2025-12-28,VRTX,14.21,11723300000.0,32.58,None,0.321,68.2,235000000,None,78045000,78045000,-1478000000,-340900000,824600000,None,-92800000,None,None,-274700000,1081000,89241000,None,10098000,10098000,6210000,None,None,20595000,None,None,27289000,125600000,102000000,102000000,None,0.047,0.19,-141738000,-114449000,4.61,2021-12-31,24.27,None,6180100000.0,150792000,-173390000,61679000,None,None,None,0,None,None,None,None,180097000,None,None,2342100000,None,None,None,0.403,2643500000,292530000,-149872000,3303000,62584000,None,None,None,None,None,None,None,0.58,6.1,10.12,None,None,None,None,None,-1561300000,None,0.314,None,54533000,2025-11-10,annual,4.8,USD,post-market,248540000,-989584000,0.12,0.223,0.11,45.68,43990000,180097000,59596000,283112000,440.65,433.26,4.1215,548998000,385055000,100243000,309822000,163943000,209579000,160890000,239176000,32.58,None,519.68,362.5
2025-12-28,VRTX,14.21,11723300000.0,32.58,None,0.321,68.2,259800000,None,78045000,78045000,-505281000,99388000,2847612000,None,-132014000,None,None,-223444000,1081000,89241000,None,10098000,10098000,6210000,None,None,20595000,None,None,27289000,109515000,264946000,264946000,None,0.047,0.19,-141738000,-114449000,4.61,2020-12-31,24.27,None,6180100000.0,150792000,-173390000,61679000,None,None,None,0,None,None,None,None,180097000,None,None,2711647000,None,None,None,0.403,3253505000,292530000,-149872000,3303000,62584000,None,None,None,None,None,None,None,0.58,6.1,10.12,None,None,None,None,None,-739407000,None,0.314,None,54533000,2025-11-10,annual,4.8,USD,post-market,248540000,-989584000,0.12,0.223,0.11,45.68,43990000,180097000,59596000,283112000,440.65,433.26,4.1215,548998000,385055000,100243000,309822000,163943000,209579000,160890000,239176000,32.58,None,519.68,362.5
2025-12-28,VRTX,14.21,11723300000.0,32.58,None,0.321,68.2,75451000,None,78045000,78045000,126773000,-1235318000,460785000,None,-64047000,None,None,-225587000,1081000,89241000,None,10098000,10098000,6210000,None,None,20595000,None,None,27289000,106941000,10046000,10046000,None,0.047,0.19,-141738000,-114449000,4.61,2019-12-31,24.27,None,6180100000.0,150792000,-173390000,61679000,None,None,None,0,None,None,None,None,180097000,None,None,1176810000,None,None,None,0.403,1569330000,292530000,-149872000,3303000,62584000,None,None,None,None,None,None,None,0.58,6.1,10.12,None,None,None,None,None,-192015000,None,0.314,None,54533000,2025-11-10,annual,4.8,USD,post-market,248540000,-989584000,0.12,0.223,0.11,45.68,43990000,180097000,59596000,283112000,440.65,433.26,4.1215,548998000,385055000,100243000,309822000,163943000,209579000,160890000,239176000,32.58,None,519.68,362.5
2025-12-28,VRTX,14.21,11723300000.0,32.58,None,0.321,68.2,95524000,None,78045000,78045000,-71219000,-202158000,990727000,-6182000,-31965000,None,None,-108152000,1081000,89241000,None,10098000,10098000,6210000,None,None,20595000,None,None,27289000,72420000,20840000,20840000,None,0.047,0.19,-141738000,-114449000,4.61,2018-12-31,24.27,None,6180100000.0,150792000,-173390000,61679000,None,None,None,0,None,None,None,None,180097000,None,None,2087103000,None,None,None,0.403,1270286000,292530000,-149872000,3303000,62584000,None,None,None,None,None,None,None,0.58,6.1,10.12,None,None,None,None,None,-350043000,None,0.314,None,54533000,2025-11-10,annual,4.8,USD,post-market,248540000,-989584000,0.12,0.223,0.11,45.68,43990000,180097000,59596000,283112000,440.65,433.26,4.1215,548998000,385055000,100243000,309822000,163943000,209579000,160890000,239176000,32.58,None,519.68,362.5
2025-12-28,VRTX,14.21,11723300000.0,32.58,None,0.321,68.2,259421000,None,78045000,78045000,68404000,-437681000,481467000,5802000,-44984000,None,None,-71759000,1081000,89241000,None,10098000,10098000,6210000,None,None,20595000,None,None,27289000,61397000,0,0,None,0.047,0.19,-141738000,-114449000,4.61,2017-12-31,24.27,None,6180100000.0,150792000,-173390000,61679000,None,None,None,0,None,None,None,None,180097000,None,None,91635000,None,None,None,0.403,844942000,292530000,-149872000,3303000,62584000,None,None,None,None,None,None,None,0.58,6.1,10.12,None,None,None,None,None,344840000,None,0.314,None,54533000,2025-11-10,annual,4.8,USD,post-market,248540000,-989584000,0.12,0.223,0.11,45.68,43990000,180097000,59596000,283112000,440.65,433.26,4.1215,548998000,385055000,100243000,309822000,163943000,209579000,160890000,239176000,32.58,None,519.68,362.5
2025-12-28,VRTX,14.21,11723300000.0,32.58,None,0.321,68.2,56563000,None,78045000,78045000,133271000,104469000,469177000,-4666000,-16450000,None,None,-33027000,1081000,89241000,None,10098000,10098000,6210000,None,None,20595000,None,None,27289000,61398000,0,0,None,0.047,0.19,-141738000,-114449000,4.61,2016-12-31,24.27,None,6180100000.0,150792000,-173390000,61679000,None,None,None,0,None,None,None,None,180097000,None,None,-84031000,None,None,None,0.403,236103000,292530000,-149872000,3303000,62584000,None,None,None,None,None,None,None,0.58,6.1,10.12,None,None,None,None,None,68230000,None,0.314,None,54533000,2025-11-10,annual,4.8,USD,post-market,248540000,-989584000,0.12,0.223,0.11,45.68,43990000,180097000,59596000,283112000,440.65,433.26,4.1215,548998000,385055000,100243000,309822000,163943000,209579000,160890000,239176000,32.58,None,519.68,362.5
2025-12-28,VRTX,14.21,11723300000.0,32.58,None,0.321,68.2,45302000,None,78045000,78045000,188919000,268856000,89509000,-2834000,-23146000,None,None,-104847000,1081000,89241000,None,10098000,10098000,6210000,None,None,20595000,None,None,27289000,62343000,0,0,None,0.047,0.19,-141738000,-114449000,4.61,2015-12-31,24.27,None,6180100000.0,150792000,-173390000,61679000,None,None,None,0,None,None,None,None,180097000,None,None,-588181000,None,None,None,0.403,-365432000,292530000,-149872000,3303000,62584000,None,None,None,None,None,None,None,0.58,6.1,10.12,None,None,None,None,None,185592000,None,0.314,None,54533000,2025-11-10,annual,4.8,USD,post-market,248540000,-989584000,0.12,0.223,0.11,45.68,43990000,180097000,59596000,283112000,440.65,433.26,4.1215,548998000,385055000,100243000,309822000,163943000,209579000,160890000,239176000,32.58,None,519.68,362.5
2025-12-28,VRTX,14.21,11723300000.0,32.58,None,0.321,68.2,51201000,None,78045000,78045000,497376000,73959000,55960000,-2176000,-16469000,None,None,7428000,1081000,89241000,None,10098000,10098000,6210000,None,None,20595000,None,None,27289000,63257000,0,0,None,0.047,0.19,-141738000,-114449000,4.61,2014-12-31,24.27,None,6180100000.0,150792000,-173390000,61679000,None,None,None,0,None,None,None,None,180097000,None,None,-742745000,None,None,None,0.403,-513199000,292530000,-149872000,3303000,62584000,None,None,None,None,None,None,None,0.58,6.1,10.12,None,None,None,None,None,274615000,None,0.314,None,54533000,2025-11-10,annual,4.8,USD,post-market,248540000,-989584000,0.12,0.223,0.11,45.68,43990000,180097000,59596000,283112000,440.65,433.26,4.1215,548998000,385055000,100243000,309822000,163943000,209579000,160890000,239176000,32.58,None,519.68,362.5
2025-12-28,VRTX,14.21,11723300000.0,32.58,None,0.321,68.2,51393000,None,78045000,78045000,180884000,-54130000,79892000,4708000,7142000,None,None,53363000,1081000,89241000,None,10098000,10098000,6210000,None,None,20595000,None,None,27289000,48365000,0,0,None,0.047,0.19,-141738000,-114449000,4.61,2013-12-31,24.27,None,6180100000.0,150792000,-173390000,61679000,None,None,None,0,None,None,None,None,180097000,None,None,-687550000,None,None,None,0.403,-51570000,292530000,-149872000,3303000,62584000,None,None,None,None,None,None,None,0.58,6.1,10.12,None,None,None,None,None,265878000,None,0.314,None,54533000,2025-11-10,annual,4.8,USD,post-market,248540000,-989584000,0.12,0.223,0.11,45.68,43990000,180097000,59596000,283112000,440.65,433.26,4.1215,548998000,385055000,100243000,309822000,163943000,209579000,160890000,239176000,32.58,None,519.68,362.5
2025-12-28,VRTX,14.21,11723300000.0,32.58,None,0.321,68.2,71140000,None,78045000,78045000,172204000,-425817000,14087000,-141000,-29925000,None,None,39912000,1081000,89241000,None,10098000,10098000,6210000,None,None,20595000,None,None,27289000,38191000,0,0,None,0.047,0.19,-141738000,-114449000,4.61,2012-12-31,24.27,None,6180100000.0,150792000,-173390000,61679000,None,None,None,0,None,None,None,None,180097000,None,None,-51135000,None,None,None,0.403,267841000,292530000,-149872000,3303000,62584000,None,None,None,None,None,None,None,0.58,6.1,10.12,None,None,None,None,None,191721000,None,0.314,None,54533000,2025-11-10,annual,4.8,USD,post-market,248540000,-989584000,0.12,0.223,0.11,45.68,43990000,180097000,59596000,283112000,440.65,433.26,4.1215,548998000,385055000,100243000,309822000,163943000,209579000,160890000,239176000,32.58,None,519.68,362.5
2025-12-28,VRTX,14.21,11723300000.0,32.58,None,0.321,68.2,94595000,None,78045000,78045000,-124238000,212412000,232123000,214000,-111388000,None,None,-170606000,1081000,89241000,None,10098000,10098000,6210000,None,None,20595000,None,None,27289000,35041000,0,0,None,0.047,0.19,-141738000,-114449000,4.61,2011-12-31,24.27,None,6180100000.0,150792000,-173390000,61679000,None,None,None,0,None,None,None,None,180097000,None,None,41179000,None,None,None,0.403,143735000,292530000,-149872000,3303000,62584000,None,None,None,None,None,None,None,0.58,6.1,10.12,None,None,None,None,None,124862000,None,0.314,None,54533000,2025-11-10,annual,4.8,USD,post-market,248540000,-989584000,0.12,0.223,0.11,45.68,43990000,180097000,59596000,283112000,440.65,433.26,4.1215,548998000,385055000,100243000,309822000,163943000,209579000,160890000,239176000,32.58,None,519.68,362.5
2025-12-28,VRTX,14.21,11723300000.0,32.58,None,0.321,68.2,38054000,None,78045000,78045000,425057000,7301000,-203461000,-377000,6191000,None,None,-2923000,1081000,89241000,None,10098000,10098000,6210000,None,None,20595000,None,None,27289000,30459000,0,0,None,0.047,0.19,-141738000,-114449000,4.61,2010-12-31,24.27,None,6180100000.0,150792000,-173390000,61679000,None,None,None,0,None,None,None,None,180097000,None,None,-754626000,None,None,None,0.403,-635442000,292530000,-149872000,3303000,62584000,None,None,None,None,None,None,None,0.58,6.1,10.12,None,None,None,None,None,33434000,None,0.314,None,54533000,2025-11-10,annual,4.8,USD,post-market,248540000,-989584000,0.12,0.223,0.11,45.68,43990000,180097000,59596000,283112000,440.65,433.26,4.1215,548998000,385055000,100243000,309822000,163943000,209579000,160890000,239176000,32.58,None,519.68,362.5
2025-12-28,VRTX,14.21,11723300000.0,32.58,None,0.321,68.2,23496000,None,78045000,78045000,999006000,-508732000,None,None,9524000,None,None,None,1081000,89241000,None,10098000,10098000,6210000,None,None,20595000,None,None,27289000,30107000,290557000,290557000,None,0.047,0.19,-141738000,-114449000,4.61,2009-12-31,24.27,None,6180100000.0,150792000,-173390000,61679000,None,None,None,0,None,None,None,None,180097000,None,None,-642178000,None,None,None,0.403,-427586000,292530000,-149872000,3303000,62584000,None,None,None,None,None,None,None,0.58,6.1,10.12,None,None,None,None,None,290557000,None,0.314,None,54533000,2025-11-10,annual,4.8,USD,post-market,248540000,-989584000,0.12,0.223,0.11,45.68,43990000,180097000,59596000,283112000,440.65,433.26,4.1215,548998000,385055000,100243000,309822000,163943000,209579000,160890000,239176000,32.58,None,519.68,362.5
2025-12-28,VRTX,14.21,11723300000.0,32.58,None,0.321,68.2,32180000,None,78045000,78045000,620738000,-360650000,None,None,-3152000,None,None,None,1081000,89241000,None,10098000,10098000,6210000,None,None,20595000,None,None,27289000,32196000,None,None,None,0.047,0.19,-141738000,-114449000,4.61,2008-12-31,24.27,None,6180100000.0,150792000,-173390000,61679000,None,None,None,0,None,None,None,None,180097000,None,None,-459851000,None,None,None,0.403,-226482000,292530000,-149872000,3303000,62584000,None,None,None,None,None,None,None,0.58,6.1,10.12,None,None,None,None,None,None,None,0.314,None,54533000,2025-11-10,annual,4.8,USD,post-market,248540000,-989584000,0.12,0.223,0.11,45.68,43990000,180097000,59596000,283112000,440.65,433.26,4.1215,548998000,385055000,100243000,309822000,163943000,209579000,160890000,239176000,32.58,None,519.68,362.5
2025-12-28,VRTX,14.21,11723300000.0,32.58,None,0.321,68.2,32415000,None,78045000,78045000,-10190000,405166000,None,None,19535000,None,None,None,1081000,89241000,None,10098000,10098000,6210000,None,None,20595000,None,None,27289000,27459000,None,None,None,0.047,0.19,-141738000,-114449000,4.61,2007-12-31,24.27,None,6180100000.0,150792000,-173390000,61679000,None,None,None,0,None,None,None,None,180097000,None,None,-391279000,None,None,None,0.403,-252476000,292530000,-149872000,3303000,62584000,None,None,None,None,None,None,None,0.58,6.1,10.12,None,None,None,None,None,None,None,0.314,None,54533000,2025-11-10,annual,4.8,USD,post-market,248540000,-989584000,0.12,0.223,0.11,45.68,43990000,180097000,59596000,283112000,440.65,433.26,4.1215,548998000,385055000,100243000,309822000,163943000,209579000,160890000,239176000,32.58,None,519.68,362.5
2025-12-28,VRTX,14.21,11723300000.0,32.58,None,0.321,68.2,32417000,None,78045000,78045000,365865000,-208471000,None,None,48249000,None,None,None,1081000,89241000,None,10098000,10098000,6210000,None,None,20595000,None,None,27289000,25868000,None,None,None,0.047,0.19,-141738000,-114449000,4.61,2006-12-31,24.27,None,6180100000.0,150792000,-173390000,61679000,None,None,None,0,None,None,None,None,180097000,None,None,-206891000,None,None,None,0.403,-22475000,292530000,-149872000,3303000,62584000,None,None,None,None,None,None,None,0.58,6.1,10.12,None,None,None,None,None,None,None,0.314,None,54533000,2025-11-10,annual,4.8,USD,post-market,248540000,-989584000,0.12,0.223,0.11,45.68,43990000,180097000,59596000,283112000,440.65,433.26,4.1215,548998000,385055000,100243000,309822000,163943000,209579000,160890000,239176000,32.58,None,519.68,362.5
2025-12-28,VRTX,14.21,11723300000.0,32.58,None,0.321,68.2,16959000,None,78045000,78045000,197456000,-1732000,None,None,None,None,None,None,1081000,89241000,None,10098000,10098000,6210000,None,None,20595000,None,None,27289000,27289000,None,None,None,0.047,0.19,-141738000,-114449000,4.61,2005-12-31,24.27,None,6180100000.0,150792000,-173390000,61679000,None,None,None,0,None,None,None,None,180097000,None,None,-203417000,None,None,None,0.403,-172054000,292530000,-149872000,3303000,62584000,None,None,None,None,None,None,None,0.58,6.1,10.12,None,None,None,None,None,None,None,0.314,None,54533000,2025-11-10,annual,4.8,USD,post-market,248540000,-989584000,0.12,0.223,0.11,45.68,43990000,180097000,59596000,283112000,440.65,433.26,4.1215,548998000,385055000,100243000,309822000,163943000,209579000,160890000,239176000,32.58,None,519.68,362.5
