date,symbol,eps,revenue_ttm,pe_ratio,accumulateddepreciationamortizationppe,beta,book_value,capitalexpenditures,capitalleaseobligations,cashandcashequivalentsatcarryingvalue,cashandshortterminvestments,cashflowfromfinancing,cashflowfrominvestment,changeincashandcashequivalents,changeinexchangerate,changeininventory,changeinoperatingassets,changeinoperatingliabilities,changeinreceivables,commonstock,commonstocksharesoutstanding,comprehensiveincomenetoftax,costofgoodsandservicessold,costofrevenue,currentaccountspayable,currentdebt,currentlongtermdebt,currentnetreceivables,deferredrevenue,depreciation,depreciationandamortization,depreciationdepletionandamortization,dividend_per_share,dividend_yield,dividendpayout,dividendpayoutcommonstock,dividendpayoutpreferredstock,earnings_growth_yoy,earnings_surprise,ebit,ebitda,estimated_eps,fiscaldateending,forward_pe,goodwill,gross_profit_ttm,grossprofit,incomebeforetax,incometaxexpense,intangibleassets,intangibleassetsexcludinggoodwill,interestanddebtexpense,interestexpense,interestincome,inventory,investmentincomenet,investments,longtermdebt,longtermdebtnoncurrent,longterminvestments,netincome,netincomefromcontinuingoperations,netinterestincome,noninterestincome,operating_margin_ttm,operatingcashflow,operatingexpenses,operatingincome,othercurrentassets,othercurrentliabilities,othernoncurrentassets,othernoncurrentliabilities,othernonoperatingincome,paymentsforoperatingactivities,paymentsforrepurchaseofcommonstock,paymentsforrepurchaseofequity,paymentsforrepurchaseofpreferredstock,peg_ratio,price_to_book,price_to_sales_ttm,proceedsfromissuanceofcommonstock,proceedsfromissuanceoflongtermdebtandcapitalsecuritiesnet,proceedsfromissuanceofpreferredstock,proceedsfromoperatingactivities,proceedsfromrepaymentsofshorttermdebt,proceedsfromrepurchaseofequity,proceedsfromsaleoftreasurystock,profit_margin,profitloss,propertyplantequipment,report_date,report_type,reported_eps,reportedcurrency,reporttime,researchanddevelopment,retainedearnings,return_on_assets_ttm,return_on_equity_ttm,revenue_growth_yoy,revenue_per_share_ttm,sellinggeneralandadministrative,shortlongtermdebttotal,shorttermdebt,shortterminvestments,sma_200,sma_50,surprise_pct,totalassets,totalcurrentassets,totalcurrentliabilities,totalliabilities,totalnoncurrentassets,totalnoncurrentliabilities,totalrevenue,totalshareholderequity,trailing_pe,treasurystock,week_52_high,week_52_low
1996-03-31,VTR,,,,,,,,,,,,,,,,,,,,,,,,,,,,,,,,,,,,,,0.0,,,,,,,,,,,,,,,,,,,,,,,,,,,,,,,,,,,,,,,,,,,,,,,,,,,,1996-03-31,,0.3864,,pre-market,,,,,,,,,,,,,,,,,,,,,,,,,
1996-06-30,VTR,,,,,,,,,,,,,,,,,,,,,,,,,,,,,,,,,,,,,,0.0,,,,,,,,,,,,,,,,,,,,,,,,,,,,,,,,,,,,,,,,,,,,,,,,,,,,1996-06-30,,0.4324,,pre-market,,,,,,,,,,,,,,,,,,,,,,,,,
1996-09-30,VTR,,,,,,,,,,,,,,,,,,,,,,,,,,,,,,,,,,,,,,0.0,,,,,,,,,,,,,,,,,,,,,,,,,,,,,,,,,,,,,,,,,,,,,,,,,,,,1996-09-30,,0.4792,,pre-market,,,,,,,,,,,,,,,,,,,,,,,,,
1996-12-31,VTR,,,,,,,,,,,,,,,,,,,,,,,,,,,,,,,,,,,,,,0.0,,,,,,,,,,,,,,,,,,,,,,,,,,,,,,,,,,,,,,,,,,,,,,,,,,,,1996-12-31,,-0.6227,,pre-market,,,,,,,,,,,,,,,,,,,,,,,,,
1997-03-31,VTR,,,,,,,,,,,,,,,,,,,,,,,,,,,,,,,,,,,,,,0.0,,,,,,,,,,,,,,,,,,,,,,,,,,,,,,,,,,,,,,,,,,,,,,,,,,,,1997-03-31,,0.4812,,pre-market,,,,,,,,,,,,,,,,,,,,,,,,,
1997-06-30,VTR,,,,,,,,,,,,,,,,,,,,,,,,,,,,,,,,,,,,,,0.0,,,,,,,,,,,,,,,,,,,,,,,,,,,,,,,,,,,,,,,,,,,,,,,,,,,,1997-06-30,,0.5202,,pre-market,,,,,,,,,,,,,,,,,,,,,,,,,
1997-09-30,VTR,,,,,,,,,,,,,,,,,,,,,,,,,,,,,,,,,,,,,,0.0,,,,,,,,,,,,,,,,,,,,,,,,,,,,,,,,,,,,,,,,,,,,,,,,,,,,1997-09-30,,0.5177,,pre-market,,,,,,,,,,,,,,,,,,,,,,,,,
1997-12-31,VTR,,,,,,,,,,,,,,,,,,,,,,,,,,,,,,,,,,,,,,0.0,,,,,,,,,,,,,,,,,,,,,,,,,,,,,,,,,,,,,,,,,,,,,,,,,,,,1997-12-31,,0.4,,pre-market,,,,,,,,,,,,,,,,,,,,,,,,,
1998-03-31,VTR,,,,,,,,,,,,,,,,,,,,,,,,,,,,,,,,,,,,,,0.0,,,,,,,,,,,,,,,,,,,,,,,,,,,,,,,,,,,,,,,,,,,,,,,,,,,,1998-03-31,,0.2782,,pre-market,,,,,,,,,,,,,,,,,,,,,,,,,
1998-06-30,VTR,,,,,,,,,,,,,,,,,,,,,,,,,,,,,,,,,,,,,,0.0,,,,,,,,,,,,,,,,,,,,,,,,,,,,,,,,,,,,,,,,,,,,,,,,,,,,1998-06-30,,0.0034,,pre-market,,,,,,,,,,,,,,,,,,,,,,,,,
1998-09-30,VTR,,,,,,,,,,,,,,,,,,,,,,,,,,,,,,,,,,,,,,0.0,,,,,,,,,,,,,,,,,,,,,,,,,,,,,,,,,,,,,,,,,,,,,,,,,,,,1998-09-30,,0.1898,,pre-market,,,,,,,,,,,,,,,,,,,,,,,,,
1998-12-31,VTR,,,,,,,,,,,,,,,,,,,,,,,,,,,,,,,,,,,,,,0.0,,,,,,,,,,,,,,,,,,,,,,,,,,,,,,,,,,,,,,,,,,,,,,,,,,,,1998-12-31,,0.2,,pre-market,,,,,,,,,,,,,,,,,,,,,,,,,
1999-03-31,VTR,,,,,,,,,,,,,,,,,,,,,,,,,,,,,,,,,,,,,,0.0,,,,,,,,,,,,,,,,,,,,,,,,,,,,,,,,,,,,,,,,,,,,,,,,,,,,1999-03-31,,0.2993,,pre-market,,,,,,,,,,,,,,,,,,,,,,,,,
1999-06-30,VTR,,,,,,,,,,,,,,,,,,,,,,,,,,,,,,,,,,,,,,0.0,,,,,,,,,,,,,,,,,,,,,,,,,,,,,,,,,,,,,,,,,,,,,,,,,,,,1999-06-30,,0.2965,,pre-market,,,,,,,,,,,,,,,,,,,,,,,,,
1999-09-30,VTR,,,,,,,,,,,,,,,,,,,,,,,,,,,,,,,,,,,,,,0.0,,,,,,,,,,,,,,,,,,,,,,,,,,,,,,,,,,,,,,,,,,,,,,,,,,,,1999-09-30,,0.1916,,pre-market,,,,,,,,,,,,,,,,,,,,,,,,,
1999-12-31,VTR,,,,,,,,,,,,,,,,,,,,,,,,,,,,,,,,,,,,,,0.0,,,,,,,,,,,,,,,,,,,,,,,,,,,,,,,,,,,,,,,,,,,,,,,,,,,,1999-12-31,,-0.16,,pre-market,,,,,,,,,,,,,,,,,,,,,,,,,
2000-03-31,VTR,,,,,,,,,,,,,,,,,,,,,,,,,,,,,,,,,,,,,,0.0,,,,,,,,,,,,,,,,,,,,,,,,,,,,,,,,,,,,,,,,,,,,,,,,,,,,2000-03-31,,0.0402,,pre-market,,,,,,,,,,,,,,,,,,,,,,,,,
2000-06-30,VTR,,,,,,,,,,,,,,,,,,,,,,,,,,,,,,,,,,,,,,0.0,,,,,,,,,,,,,,,,,,,,,,,,,,,,,,,,,,,,,,,,,,,,,,,,,,,,2000-06-30,,0.1103,,pre-market,,,,,,,,,,,,,,,,,,,,,,,,,
2000-09-30,VTR,,,,,,,,,,,,,,,,,,,,,,,,,,,,,,,,,,,,,,0.0,,,,,,,,,,,,,,,,,,,,,,,,,,,,,,,,,,,,,,,,,,,,,,,,,,,,2000-09-30,,0.1258,,pre-market,,,,,,,,,,,,,,,,,,,,,,,,,
2000-12-31,VTR,,,,,,,,,,,,,,,,,,,,,,,,,,,,,,,,,,,,,,0.0,,,,,,,,,,,,,,,,,,,,,,,,,,,,,,,,,,,,,,,,,,,,,,,,,,,,2000-12-31,,-1.24,,pre-market,,,,,,,,,,,,,,,,,,,,,,,,,
2001-03-31,VTR,,,,,,,,,,,,,,,,,,,,,,,,,,,,,,,,,,,,,,0.0,,,,,,,,,,,,,,,,,,,,,,,,,,,,,,,,,,,,,,,,,,,,,,,,,,,,2001-03-31,,0.1536,,pre-market,,,,,,,,,,,,,,,,,,,,,,,,,
2001-06-30,VTR,,,,,,,,,,,,,,,,,,,,,,,,,,,,,,,,,,,,,,0.0,,,,,,,,,,,,,,,,,,,,,,,,,,,,,,,,,,,,,,,,,,,,,,,,,,,,2001-06-30,,0.1169,,pre-market,,,,,,,,,,,,,,,,,,,,,,,,,
2001-09-30,VTR,,,,,,,,,,,,,,,,,,,,,,,,,,,,,,,,,,,,,,0.0,,,,,,,,,,,,,,,,,,,,,,,,,,,,,,,,,,,,,,,,,,,,,,,,,,,,2001-09-30,,0.1316,,pre-market,,,,,,,,,,,,,,,,,,,,,,,,,
2001-12-31,VTR,,,,,,,,,,,,,,,,,,,,,,,,,,,,,,,,,,,,,,0.0,,,,,,,,,,,,,,,,,,,,,,,,,,,,,,,,,,,,,,,,,,,,,,,,,,,,2001-12-31,,0.3308,,pre-market,,,,,,,,,,,,,,,,,,,,,,,,,
2002-03-31,VTR,,,,,,,,,,,,,,,,,,,,,,,,,,,,,,,,,,,,,,0.0,,,,,,,,,,,,,,,,,,,,,,,,,,,,,,,,,,,,,,,,,,,,,,,,,,,,2002-03-31,,0.1818,,pre-market,,,,,,,,,,,,,,,,,,,,,,,,,
2002-06-30,VTR,,,,,,,,,,,,,,,,,,,,,,,,,,,,,,,,,,,,,,0.0,,,,,,,,,,,,,,,,,,,,,,,,,,,,,,,,,,,,,,,,,,,,,,,,,,,,2002-06-30,,0.3779,,pre-market,,,,,,,,,,,,,,,,,,,,,,,,,
2002-09-30,VTR,,,,,,,,,,,,,,,,,,,,,,,,,,,,,,,,,,,,,,0.0,,,,,,,,,,,,,,,,,,,,,,,,,,,,,,,,,,,,,,,,,,,,,,,,,,,,2002-10-29,,0.244,,pre-market,,,,,,,,,,,,,,,,,,,,,,,,,
2002-12-31,VTR,,,,,,,,,,,,,,,,,,,,,,,,,,,,,,,,,,,,,,0.0,,,,,,,,,,,,,,,,,,,,,,,,,,,,,,,,,,,,,,,,,,,,,,,,,,,,2003-02-26,,0.1319,,pre-market,,,,,,,,,,,,,,,,,,,,,,,,,
2003-03-31,VTR,,,,,,,,,,,,,,,,,,,,,,,,,,,,,,,,,,,,,,0.12,,,0.35,,,,,,,,,,,,,,,,,,,,,,,,,,,,,,,,,,,,,,,,,,,,,,,,,2003-04-29,,0.47,,pre-market,,,,,,,,,,,,,34.2857,,,,,,,,,,,,
2003-06-30,VTR,,,,,,,,,,,,,,,,,,,,,,,,,,,,,,,,,,,,,,-0.04,,,0.24,,,,,,,,,,,,,,,,,,,,,,,,,,,,,,,,,,,,,,,,,,,,,,,,,2003-07-23,,0.2,,pre-market,,,,,,,,,,,,,-16.6667,,,,,,,,,,,,
2003-09-30,VTR,,,,,,,,,,,,,,,,,,,,,,,,,,,,,,,,,,,,,,0.13,,,0.25,,,,,,,,,,,,,,,,,,,,,,,,,,,,,,,,,,,,,,,,,,,,,,,,,2003-10-27,,0.38,,pre-market,,,,,,,,,,,,,52.0,,,,,,,,,,,,
2003-12-31,VTR,,,,,,,,,,,,,,,,,,,,,,,,,,,,,,,,,,,,,,0.0,,,0.25,,,,,,,,,,,,,,,,,,,,,,,,,,,,,,,,,,,,,,,,,,,,,,,,,2004-02-26,,0.9494,,pre-market,,,,,,,,,,,,,52.0,,,,,,,,,,,,
2004-03-31,VTR,,,,,,,,,,,,,,,,,,,,,,,,,,,,,,,,,,,,,,-0.04,,,0.32,,,,,,,,,,,,,,,,,,,,,,,,,,,,,,,,,,,,,,,,,,,,,,,,,2004-04-28,,0.28,,pre-market,,,,,,,,,,,,,-12.5,,,,,,,,,,,,
2004-06-30,VTR,,,,,,,,,,,,,,,,,,,,,,,,,,,,,,,,,,,,,,0.0,,,0.3,,,,,,,,,,,,,,,,,,,,,,,,,,,,,,,,,,,,,,,,,,,,,,,,,2004-07-27,,0.3,,pre-market,,,,,,,,,,,,,0.0,,,,,,,,,,,,
2004-09-30,VTR,,,,,,,,,,,,,,,,,,,,,,,,,,,,,,,,,,,,,,-0.02,,,0.32,,,,,,,,,,,,,,,,,,,,,,,,,,,,,,,,,,,,,,,,,,,,,,,,,2004-11-02,,0.3,,pre-market,,,,,,,,,,,,,-6.25,,,,,,,,,,,,
2004-12-31,VTR,,,,,,,,,,,,,,,,,,,,,,,,,,,,,,,,,,,,,,0.0,,,0.31,,,,,,,,,,,,,,,,,,,,,,,,,,,,,,,,,,,,,,,,,,,,,,,,,2005-02-28,,0.31,,pre-market,,,,,,,,,,,,,0.0,,,,,,,,,,,,
2005-03-31,VTR,,,,,,,,,,,,,,,,,,,,,,,,,,,,,,,,,,,,,,0.0,,,0.31,,,,,,,,,,,,,,,,,,,,,,,,,,,,,,,,,,,,,,,,,,,,,,,,,2005-04-29,,0.3229,,pre-market,,,,,,,,,,,,,0.0,,,,,,,,,,,,
2005-06-30,VTR,,,,,,,,,,,,,,,,,,,,,,,,,,,,,,,,,,,,,,-0.03,,,0.33,,,,,,,,,,,,,,,,,,,,,,,,,,,,,,,,,,,,,,,,,,,,,,,,,2005-07-27,,0.3,,pre-market,,,,,,,,,,,,,-9.0909,,,,,,,,,,,,
2005-09-30,VTR,,,,,,,,,,,,,,,,,,,,,,,,,,,,,,,,,,,,,,-0.03,,,0.31,,,,,,,,,,,,,,,,,,,,,,,,,,,,,,,,,,,,,,,,,,,,,,,,,2005-10-27,,0.28,,pre-market,,,,,,,,,,,,,-9.6774,,,,,,,,,,,,
2005-12-31,VTR,,,,,,,,,,,,,,,,,,,,,,,,,,,,,,,,,,,,,,0.05,,,0.35,,,,,,,,,,,,,,,,,,,,,,,,,,,,,,,,,,,,,,,,,,,,,,,,,2006-02-27,,0.4,,pre-market,,,,,,,,,,,,,14.2857,,,,,,,,,,,,
2006-03-31,VTR,,,,,,,,,,,,,,,,,,,,,,,,,,,,,,,,,,,,,,0.01,,,0.27,,,,,,,,,,,,,,,,,,,,,,,,,,,,,,,,,,,,,,,,,,,,,,,,,2006-05-01,,0.28,,pre-market,,,,,,,,,,,,,3.7037,,,,,,,,,,,,
2006-06-30,VTR,,,,,,,,,,,,,,,,,,,,,,,,,,,,,,,,,,,,,,0.0,,,0.28,,,,,,,,,,,,,,,,,,,,,,,,,,,,,,,,,,,,,,,,,,,,,,,,,2006-07-27,,0.28,,pre-market,,,,,,,,,,,,,0.0,,,,,,,,,,,,
2006-09-30,VTR,,,,,,,,,,,,,,,,,,,,,,,,,,,,,,,,,,,,,,0.01,,,0.28,,,,,,,,,,,,,,,,,,,,,,,,,,,,,,,,,,,,,,,,,,,,,,,,,2006-10-27,,0.29,,pre-market,,,,,,,,,,,,,3.5714,,,,,,,,,,,,
2006-12-31,VTR,,,,,,,,,,,,,,,,,,,,,,,,,,,,,,,,,,,,,,0.02,,,0.37,,,,,,,,,,,,,,,,,,,,,,,,,,,,,,,,,,,,,,,,,,,,,,,,,2007-02-20,,0.39,,pre-market,,,,,,,,,,,,,5.4054,,,,,,,,,,,,
2007-03-31,VTR,,,,,,,,,,,,,,,,,,,,,,,,,,,,,,,,,,,,,,0.05,,,0.37,,,,,,,,,,,,,,,,,,,,,,,,,,,,,,,,,,,,,,,,,,,,,,,,,2007-05-08,,0.42,,pre-market,,,,,,,,,,,,,13.5135,,,,,,,,,,,,
2007-06-30,VTR,,,,,,,,,,,,,,,,,,,,,,,,,,,,,,,,,,,,,,-0.06,,,0.4,,,,,,,,,,,,,,,,,,,,,,,,,,,,,,,,,,,,,,,,,,,,,,,,,2007-08-08,,0.34,,pre-market,,,,,,,,,,,,,-15.0,,,,,,,,,,,,
2007-09-30,VTR,,,,,,,,,,,,,,,,,,,,,,,,,,,,,,,,,,,,,,-0.06,,,0.27,,,,,,,,,,,,,,,,,,,,,,,,,,,,,,,,,,,,,,,,,,,,,,,,,2007-11-08,,0.21,,pre-market,,,,,,,,,,,,,-22.2222,,,,,,,,,,,,
2007-12-31,VTR,,,,,,,,,,,,,,,,,,,,,,,,,,,,,,,,,,,,,,0.03,,,0.19,,,,,,,,,,,,,,,,,,,,,,,,,,,,,,,,,,,,,,,,,,,,,,,,,2008-02-13,,0.22,,pre-market,,,,,,,,,,,,,15.7895,,,,,,,,,,,,
2008-03-31,VTR,,,,,,,,,,,,,,,,,,,,,,,,,,,,,,,,,,,,,,-0.03,,,0.26,,,,,,,,,,,,,,,,,,,,,,,,,,,,,,,,,,,,,,,,,,,,,,,,,2008-05-06,,0.23,,pre-market,,,,,,,,,,,,,-11.5385,,,,,,,,,,,,
2008-06-30,VTR,,,,,,,,,,,,,,,,,,,,,,,,,,,,,,,,,,,,,,0.24,,,0.27,,,,,,,,,,,,,,,,,,,,,,,,,,,,,,,,,,,,,,,,,,,,,,,,,2008-08-05,,0.51,,pre-market,,,,,,,,,,,,,88.8889,,,,,,,,,,,,
2008-09-30,VTR,,,,,,,,,,,,,,,,,,,,,,,,,,,,,,,,,,,,,,0.17,,,0.29,,,,,,,,,,,,,,,,,,,,,,,,,,,,,,,,,,,,,,,,,,,,,,,,,2008-11-05,,0.46,,pre-market,,,,,,,,,,,,,58.6207,,,,,,,,,,,,
2008-12-31,VTR,,,,,,,,,,,,,,,,,,,,,,,,,,,,,,,,,,,,,,0.09,,,0.32,,,,,,,,,,,,,,,,,,,,,,,,,,,,,,,,,,,,,,,,,,,,,,,,,2009-02-12,,0.41,,pre-market,,,,,,,,,,,,,28.125,,,,,,,,,,,,
2009-03-31,VTR,,,,,,,,,,,,,,,,,,,,,,,,,,,,,,,,,,,,,,0.16,,,0.36,,,,,,,,,,,,,,,,,,,,,,,,,,,,,,,,,,,,,,,,,,,,,,,,,2009-05-05,,0.52,,pre-market,,,,,,,,,,,,,44.4444,,,,,,,,,,,,
2009-06-30,VTR,,,,,,,,,,,,,,,,,,,,,,,,,,,,,,,,,,,,,,0.18,,,0.39,,,,,,,,,,,,,,,,,,,,,,,,,,,,,,,,,,,,,,,,,,,,,,,,,2009-07-30,,0.57,,pre-market,,,,,,,,,,,,,46.1538,,,,,,,,,,,,
2009-09-30,VTR,,,,,,,,,,,,,,,,,,,,,,,,,,,,,,,,,,,,,,-0.05,,,0.37,,,,,,,,,,,,,,,,,,,,,,,,,,,,,,,,,,,,,,,,,,,,,,,,,2009-10-29,,0.32,,pre-market,,,,,,,,,,,,,-13.5135,,,,,,,,,,,,
2009-12-31,VTR,,,,,,,,,,,,,,,,,,,,,,,,,,,,,,,,,,,,,,0.02,,,0.33,,,,,,,,,,,,,,,,,,,,,,,,,,,,,,,,,,,,,,,,,,,,,,,,,2010-02-18,,0.35,,pre-market,,,,,,,,,,,,,6.0606,,,,,,,,,,,,
2010-03-31,VTR,,,,,,,,,,,,,,,,,,,,,,,,,,,,,,,,,,,,,,-0.01,,,0.35,,,,,,,,,,,,,,,,,,,,,,,,,,,,,,,,,,,,,,,,,,,,,,,,,2010-04-28,,0.34,,pre-market,,,,,,,,,,,,,-2.8571,,,,,,,,,,,,
2010-06-30,VTR,,,,,,,,,,,,,,,,,,,,,,,,,,,,,,,,,,,,,,0.01,,,0.36,,,,,,,,,,,,,,,,,,,,,,,,,,,,,,,,,,,,,,,,,,,,,,,,,2010-07-29,,0.37,,pre-market,,,,,,,,,,,,,2.7778,,,,,,,,,,,,
2010-09-30,VTR,,,,,,,,,,,,,,,,,,,,,,,,,,,,,,,,,,,,,,-0.02,,,0.39,,,,,,,,,,,,,,,,,,,,,,,,,,,,,,,,,,,,,,,,,,,,,,,,,2010-11-05,,0.37,,pre-market,,,,,,,,,,,,,-5.1282,,,,,,,,,,,,
2010-12-31,VTR,,,,,,,,,,,,,,,,,,,,,,,,,,,,,,,,,,,,,,0.09,,,0.4,,,,,,,,,,,,,,,,,,,,,,,,,,,,,,,,,,,,,,,,,,,,,,,,,2011-02-17,,0.49,,pre-market,,,,,,,,,,,,,22.5,,,,,,,,,,,,
2011-03-31,VTR,,,,,,,,,,,,,,,,,,,,,,,,,,,,,,,,,,,,,,-0.14,,,0.44,,,,,,,,,,,,,,,,,,,,,,,,,,,,,,,,,,,,,,,,,,,,,,,,,2011-05-05,,0.3,,pre-market,,,,,,,,,,,,,-31.8182,,,,,,,,,,,,
2011-06-30,VTR,,,,,,,,,,,,,,,,,,,,,,,,,,,,,,,,,,,,,,-0.23,,,0.34,,,,,,,,,,,,,,,,,,,,,,,,,,,,,,,,,,,,,,,,,,,,,,,,,2011-08-04,,0.11,,pre-market,,,,,,,,,,,,,-67.6471,,,,,,,,,,,,
2011-09-30,VTR,,,,,,,,,,,,,,,,,,,,,,,,,,,,,,,,,,,,,,0.02,,,0.33,,,,,,,,,,,,,,,,,,,,,,,,,,,,,,,,,,,,,,,,,,,,,,,,,2011-11-04,,0.35,,pre-market,,,,,,,,,,,,,6.0606,,,,,,,,,,,,
2011-12-31,VTR,,,,,,,,,,,,,,,,,,,,,,,,,,,,,,,,,,,,,,0.32,,,0.34,,,,,,,,,,,,,,,,,,,,,,,,,,,,,,,,,,,,,,,,,,,,,,,,,2012-02-17,,0.66,,pre-market,,,,,,,,,,,,,94.1176,,,,,,,,,,,,
2012-03-31,VTR,,,,,,,,,,,,,,,,,,,,,,,,,,,,,,,,,,,,,,0.02,,,0.29,,,,,,,,,,,,,,,,,,,,,,,,,,,,,,,,,,,,,,,,,,,,,,,,,2012-04-27,,0.31,,pre-market,,,,,,,,,,,,,6.8966,,,,,,,,,,,,
2012-06-30,VTR,,,,,,,,,,,,,,,,,,,,,,,,,,,,,,,,,,,,,,-0.08,,,0.33,,,,,,,,,,,,,,,,,,,,,,,,,,,,,,,,,,,,,,,,,,,,,,,,,2012-07-26,,0.25,,pre-market,,,,,,,,,,,,,-24.2424,,,,,,,,,,,,
2012-09-30,VTR,,,,,,,,,,,,,,,,,,,,,,,,,,,,,,,,,,,,,,0.08,,,0.3,,,,,,,,,,,,,,,,,,,,,,,,,,,,,,,,,,,,,,,,,,,,,,,,,2012-10-26,,0.38,,pre-market,,,,,,,,,,,,,26.6667,,,,,,,,,,,,
2012-12-31,VTR,,,,,,,,,,,,,,,,,,,,,,,,,,,,,,,,,,,,,,-0.05,,,0.34,,,,,,,,,,,,,,,,,,,,,,,,,,,,,,,,,,,,,,,,,,,,,,,,,2013-02-15,,0.29,,pre-market,,,,,,,,,,,,,-14.7059,,,,,,,,,,,,
2013-03-31,VTR,,,,,,,,,,,,,,,,,,,,,,,,,,,,,,,,,,,,,,0.04,,,0.34,,,,,,,,,,,,,,,,,,,,,,,,,,,,,,,,,,,,,,,,,,,,,,,,,2013-04-26,,0.38,,pre-market,,,,,,,,,,,,,11.7647,,,,,,,,,,,,
2013-06-30,VTR,,,,,,,,,,,,,,,,,,,,,,,,,,,,,,,,,,,,,,0.03,,,0.36,,,,,,,,,,,,,,,,,,,,,,,,,,,,,,,,,,,,,,,,,,,,,,,,,2013-07-26,,0.39,,pre-market,,,,,,,,,,,,,8.3333,,,,,,,,,,,,
2013-09-30,VTR,,,,,,,,,,,,,,,,,,,,,,,,,,,,,,,,,,,,,,-0.01,,,0.41,,,,,,,,,,,,,,,,,,,,,,,,,,,,,,,,,,,,,,,,,,,,,,,,,2013-10-25,,0.4,,pre-market,,,,,,,,,,,,,-2.439,,,,,,,,,,,,
2013-12-31,VTR,,,,,,,,,,,,,,,,,,,,,,,,,,,,,,,,,,,,,,-0.05,,,0.42,,,,,,,,,,,,,,,,,,,,,,,,,,,,,,,,,,,,,,,,,,,,,,,,,2014-02-14,,0.37,,pre-market,,,,,,,,,,,,,-11.9048,,,,,,,,,,,,
2014-03-31,VTR,,,,,,,,,,,,,,,,,,,,,,,,,,,,,,,,,,,,,,0.01,,,0.4,,,,,,,,,,,,,,,,,,,,,,,,,,,,,,,,,,,,,,,,,,,,,,,,,2014-04-25,,0.41,,pre-market,,,,,,,,,,,,,2.5,,,,,,,,,,,,
2014-06-30,VTR,,,,,,,,,,,,,,,,,,,,,,,,,,,,,,,,,,,,,,0.03,,,0.44,,,,,,,,,,,,,,,,,,,,,,,,,,,,,,,,,,,,,,,,,,,,,,,,,2014-08-11,,0.47,,pre-market,,,,,,,,,,,,,6.8182,,,,,,,,,,,,
2014-09-30,VTR,,,,,,,,,,,,,,,,,,,,,,,,,,,,,,,,,,,,,,-0.07,,,0.44,,,,,,,,,,,,,,,,,,,,,,,,,,,,,,,,,,,,,,,,,,,,,,,,,2014-10-24,,0.37,,pre-market,,,,,,,,,,,,,-15.9091,,,,,,,,,,,,
2014-12-31,VTR,,,,,,,,,,,,,,,,,,,,,,,,,,,,,,,,,,,,,,-0.06,,,0.42,,,,,,,,,,,,,,,,,,,,,,,,,,,,,,,,,,,,,,,,,,,,,,,,,2015-02-13,,0.36,,pre-market,,,,,,,,,,,,,-14.2857,,,,,,,,,,,,
2015-03-31,VTR,,,,,,,,,,,,,,,,,,,,,,,,,,,,,,,,,,,,,,0.03,,,0.34,,,,,,,,,,,,,,,,,,,,,,,,,,,,,,,,,,,,,,,,,,,,,,,,,2015-04-24,,0.37,,pre-market,,,,,,,,,,,,,8.8235,,,,,,,,,,,,
2015-06-30,VTR,,,,,,,,,,,,,,,,,,,,,,,,,,,,,,,,,,,,,,0.04,,,0.41,,,,,,,,,,,,,,,,,,,,,,,,,,,,,,,,,,,,,,,,,,,,,,,,,2015-07-24,,0.45,,pre-market,,,,,,,,,,,,,9.7561,,,,,,,,,,,,
2015-09-30,VTR,,,,,,,,,,,,,,,,,,,,,,,,,,,,,,,,,,,,,,-0.21,,,0.28,,,,,,,,,,,,,,,,,,,,,,,,,,,,,,,,,,,,,,,,,,,,,,,,,2015-10-23,,0.07,,pre-market,,,,,,,,,,,,,-75.0,,,,,,,,,,,,
2015-12-31,VTR,,,,,,,,,,,,,,,,,,,,,,,,,,,,,,,,,,,,,,-0.04,,,0.41,,,,,,,,,,,,,,,,,,,,,,,,,,,,,,,,,,,,,,,,,,,,,,,,,2016-02-12,,0.37,,pre-market,,,,,,,,,,,,,-9.7561,,,,,,,,,,,,
2016-03-31,VTR,,,,,,,,,,,,,,,,,,,,,,,,,,,,,,,,,,,,,,0.1,,,0.34,,,,,,,,,,,,,,,,,,,,,,,,,,,,,,,,,,,,,,,,,,,,,,,,,2016-04-29,,0.44,,pre-market,,,,,,,,,,,,,29.4118,,,,,,,,,,,,
2016-06-30,VTR,,,,,,,,,,,,,,,,,,,,,,,,,,,,,,,,,,,,,,0.04,,,0.38,,,,,,,,,,,,,,,,,,,,,,,,,,,,,,,,,,,,,,,,,,,,,,,,,2016-07-29,,0.42,,pre-market,,,,,,,,,,,,,10.5263,,,,,,,,,,,,
2016-09-30,VTR,,,,,,,,,,,,,,,,,,,,,,,,,,,,,,,,,,,,,,0.01,,,0.41,,,,,,,,,,,,,,,,,,,,,,,,,,,,,,,,,,,,,,,,,,,,,,,,,2016-10-28,,0.42,,pre-market,,,,,,,,,,,,,2.439,,,,,,,,,,,,
2016-12-31,VTR,,,,,,,,,,,,,,,,,,,,,,,,,,,,,,,,,,,,,,0.15,,,0.43,,,,,,,,,,,,,,,,,,,,,,,,,,,,,,,,,,,,,,,,,,,,,,,,,2017-02-10,,0.58,,pre-market,,,,,,,,,,,,,34.8837,,,,,,,,,,,,
2017-03-31,VTR,,,,,,,,,,,,,,,,,,,,,,,,,,,,,,,,,,,,,,0.15,,,0.4,,,,,,,,,,,,,,,,,,,,,,,,,,,,,,,,,,,,,,,,,,,,,,,,,2017-04-28,,0.55,,pre-market,,,,,,,,,,,,,37.5,,,,,,,,,,,,
2017-06-30,VTR,,,,,,,,,,,,,,,,,,,,,,,,,,,,,,,,,,,,,,-0.03,,,0.45,,,,,,,,,,,,,,,,,,,,,,,,,,,,,,,,,,,,,,,,,,,,,,,,,2017-07-28,,0.42,,pre-market,,,,,,,,,,,,,-6.6667,,,,,,,,,,,,
2017-09-30,VTR,,,,,,,,,,,,,,,,,,,,,,,,,,,,,,,,,,,,,,-0.01,,,0.45,,,,,,,,,,,,,,,,,,,,,,,,,,,,,,,,,,,,,,,,,,,,,,,,,2017-10-27,,0.44,,pre-market,,,,,,,,,,,,,-2.2222,,,,,,,,,,,,
2017-12-31,VTR,,,,,,,,,,,,,,,,,,,,,,,,,,,,,,,,,,,,,,0.46,,,0.63,,,,,,,,,,,,,,,,,,,,,,,,,,,,,,,,,,,,,,,,,,,,,,,,,2018-02-09,,1.09,,pre-market,,,,,,,,,,,,,73.0159,,,,,,,,,,,,
2018-03-31,VTR,,,,,,,,,,,,,,,,,,,,,,,,,,,,,,,,,,,,,,-0.21,,,0.43,,,,,,,,,,,,,,,,,,,,,,,,,,,,,,,,,,,,,,,,,,,,,,,,,2018-04-27,,0.22,,pre-market,,,,,,,,,,,,,-48.8372,,,,,,,,,,,,
2018-06-30,VTR,,,,,,,,,,,,,,,,,,,,,,,,,,,,,,,,,,,,,,0.09,,,0.37,,,,,,,,,,,,,,,,,,,,,,,,,,,,,,,,,,,,,,,,,,,,,,,,,2018-07-27,,0.46,,pre-market,,,,,,,,,,,,,24.3243,,,,,,,,,,,,
2018-09-30,VTR,,,,,,,,,,,,,,,,,,,,,,,,,,,,,,,,,,,,,,-0.08,,,0.36,,,,,,,,,,,,,,,,,,,,,,,,,,,,,,,,,,,,,,,,,,,,,,,,,2018-10-26,,0.28,,pre-market,,,,,,,,,,,,,-22.2222,,,,,,,,,,,,
2018-12-31,VTR,,,,,,,,,,,,,,,,,,,,,,,,,,,,,,,,,,,,,,-0.18,,,0.35,,,,,,,,,,,,,,,,,,,,,,,,,,,,,,,,,,,,,,,,,,,,,,,,,2019-02-08,,0.17,,pre-market,,,,,,,,,,,,,-51.4286,,,,,,,,,,,,
2019-03-31,VTR,,,,,,,,,,,,,,,,,,,,,,,,,,,,,,,,,,,,,,0.05,,,0.31,,,,,,,,,,,,,,,,,,,,,,,,,,,,,,,,,,,,,,,,,,,,,,,,,2019-04-26,,0.36,,pre-market,,,,,,,,,,,,,16.129,,,,,,,,,,,,
2019-06-30,VTR,,,,,,,,,,,,,,,,,,,,,,,,,,,,,,,,,,,,,,0.26,,,0.32,,,,,,,,,,,,,,,,,,,,,,,,,,,,,,,,,,,,,,,,,,,,,,,,,2019-07-26,,0.58,,pre-market,,,,,,,,,,,,,81.25,,,,,,,,,,,,
2019-09-30,VTR,,,,,,,,,,,,,,,,,,,,,,,,,,,,,,,,,,,,,,-0.09,,,0.32,,,,,,,,,,,,,,,,,,,,,,,,,,,,,,,,,,,,,,,,,,,,,,,,,2019-10-25,,0.23,,pre-market,,,,,,,,,,,,,-28.125,,,,,,,,,,,,
2019-12-31,VTR,,,,,,,,,,,,,,,,,,,,,,,,,,,,,,,,,,,,,,-0.24,,,0.27,,,,,,,,,,,,,,,,,,,,,,,,,,,,,,,,,,,,,,,,,,,,,,,,,2020-02-20,,0.03,,pre-market,,,,,,,,,,,,,-88.8889,,,,,,,,,,,,
2020-03-31,VTR,,,,,,,,,,,,,,,,,,,,,,,,,,,,,,,,,,,,,,0.98,,,0.28,,,,,,,,,,,,,,,,,,,,,,,,,,,,,,,,,,,,,,,,,,,,,,,,,2020-05-08,,1.26,,pre-market,,,,,,,,,,,,,350.0,,,,,,,,,,,,
2020-06-30,VTR,,,,,,,,,,,,,,,,,,,,,,,,,,,,,,,,,,,,,,-0.61,,,0.27,,,,,,,,,,,,,,,,,,,,,,,,,,,,,,,,,,,,,,,,,,,,,,,,,2020-08-07,,-0.34,,pre-market,,,,,,,,,,,,,-225.9259,,,,,,,,,,,,
2020-09-30,VTR,,,,,,,,,,,,,,,,,,,,,,,,,,,,,,,,,,,,,,-0.03,,,0.06,,,,,,,,,,,,,,,,,,,,,,,,,,,,,,,,,,,,,,,,,,,,,,,,,2020-11-06,,0.03,,pre-market,,,,,,,,,,,,,-50.0,,,,,,,,,,,,
2020-12-31,VTR,,,,,,,,,,,,,,,,,,,,,,,,,,,,,,,,,,,,,,0.21,,,0.08,,,,,,,,,,,,,,,,,,,,,,,,,,,,,,,,,,,,,,,,,,,,,,,,,2021-02-18,,0.29,,pre-market,,,,,,,,,,,,,262.5,,,,,,,,,,,,
2021-03-31,VTR,,,,,,,,,,,,,,,,,,,,,,,,,,,,,,,,,,,,,,-0.19,,,0.04,,,,,,,,,,,,,,,,,,,,,,,,,,,,,,,,,,,,,,,,,,,,,,,,,2021-05-07,,-0.15,,pre-market,,,,,,,,,,,,,-475.0,,,,,,,,,,,,
2021-06-30,VTR,,,,,,,,,,,,,,,,,,,,,,,,,,,,,,,,,,,,,,0.29,,,-0.06,,,,,,,,,,,,,,,,,,,,,,,,,,,,,,,,,,,,,,,,,,,,,,,,,2021-08-06,,0.23,,pre-market,,,,,,,,,,,,,483.3333,,,,,,,,,,,,
2021-09-30,VTR,,,,,,,,,,,,,,,,,,,,,,,,,,,,,,,,,,,,,,0.11,,,0.05,,,,,,,,,,,,,,,,,,,,,,,,,,,,,,,,,,,,,,,,,,,,,,,,,2021-11-05,,0.16,,pre-market,,,,,,,,,,,,,220.0,,,,,,,,,,,,
2021-12-31,VTR,,,,,,,,,,,,,,,,,,,,,,,,,,,,,,,,,,,,,,-0.07,,,-0.03,,,,,,,,,,,,,,,,,,,,,,,,,,,,,,,,,,,,,,,,,,,,,,,,,2022-02-17,,-0.1,,post-market,,,,,,,,,,,,,-233.3333,,,,,,,,,,,,
2022-03-31,VTR,,,,,,,,,,,,,,,,,,,,,,,,,,,,,,,,,,,,,,0.11,,,-0.01,,,,,,,,,,,,,,,,,,,,,,,,,,,,,,,,,,,,,,,,,,,,,,,,,2022-05-05,,0.1,,post-market,,,,,,,,,,,,,1100.0,,,,,,,,,,,,
2022-06-30,VTR,,,,,,,,,,,,,,,,,,,,,,,,,,,,,,,,,,,,,,-0.12,,,0.01,,,,,,,,,,,,,,,,,,,,,,,,,,,,,,,,,,,,,,,,,,,,,,,,,2022-08-04,,-0.11,,post-market,,,,,,,,,,,,,-1200.0,,,,,,,,,,,,
2022-09-30,VTR,,,,,,,,,,,,,,,,,,,,,,,,,,,,,,,,,,,,,,-0.0169,,,0.02,,,,,,,,,,,,,,,,,,,,,,,,,,,,,,,,,,,,,,,,,,,,,,,,,2022-11-03,,0.0031,,post-market,,,,,,,,,,,,,-84.5,,,,,,,,,,,,
2022-12-31,VTR,,,,,,,,,,,,,,,,,,,,,,,,,,,,,,,,,,,,,,-0.1,,,-0.01,,,,,,,,,,,,,,,,,,,,,,,,,,,,,,,,,,,,,,,,,,,,,,,,,2023-02-09,,-0.11,,post-market,,,,,,,,,,,,,-1000.0,,,,,,,,,,,,
2023-03-31,VTR,,,,,,,,,,,,,,,,,,,,,,,,,,,,,,,,,,,,,,0.14,,,-0.1,,,,,,,,,,,,,,,,,,,,,,,,,,,,,,,,,,,,,,,,,,,,,,,,,2023-05-08,,0.04,,post-market,,,,,,,,,,,,,140.0,,,,,,,,,,,,
2023-06-30,VTR,,,,,,,,,,,,,,,,,,,,,,,,,,,,,,,,,,,,,,0.16,,,0.02,,,,,,,,,,,,,,,,,,,,,,,,,,,,,,,,,,,,,,,,,,,,,,,,,2023-08-03,,0.18,,post-market,,,,,,,,,,,,,800.0,,,,,,,,,,,,
2023-09-30,VTR,,,,,,,,,,,,,,,,,,,,,,,,,,,,,,,,,,,,,,-0.17,,,-0.01,,,,,,,,,,,,,,,,,,,,,,,,,,,,,,,,,,,,,,,,,,,,,,,,,2023-11-02,,-0.18,,post-market,,,,,,,,,,,,,-1700.0,,,,,,,,,,,,
2023-12-31,VTR,,,,,,,,,,,,,,,,,,,,,,,,,,,,,,,,,,,,,,-0.09,,,-0.14,,,,,,,,,,,,,,,,,,,,,,,,,,,,,,,,,,,,,,,,,,,,,,,,,2024-02-14,,-0.23,,post-market,,,,,,,,,,,,,-64.2857,,,,,,,,,,,,
2024-03-31,VTR,,,,,,,,,,,,,,,,,,,,,,,,,,,,,,,,,,,,,,0.3,,,-0.33,,,,,,,,,,,,,,,,,,,,,,,,,,,,,,,,,,,,,,,,,,,,,,,,,2024-05-01,,-0.03,,post-market,,,,,,,,,,,,,90.9091,,,,,,,,,,,,
2024-06-30,VTR,,,,,,,,,,,,,,,,,,,,,,,,,,,,,,,,,,,,,,0.03,,,0.02,,,,,,,,,,,,,,,,,,,,,,,,,,,,,,,,,,,,,,,,,,,,,,,,,2024-08-01,,0.05,,post-market,,,,,,,,,,,,,150.0,,,,,,,,,,,,
2024-09-30,VTR,,,,,,,,,,,,,,,,,,,,,,,,,,,,,,,,,,,,,,0.07,,,-0.02,,,,,,,,,,,,,,,,,,,,,,,,,,,,,,,,,,,,,,,,,,,,,,,,,2024-10-30,,0.05,,post-market,,,,,,,,,,,,,350.0,,,,,,,,,,,,
2024-12-31,VTR,,,,,,,,,,,,,,,,,,,,,,,,,,,,,,,,,,,,,,0.08,,,0.05,,,,,,,,,,,,,,,,,,,,,,,,,,,,,,,,,,,,,,,,,,,,,,,,,2025-02-12,,0.13,,post-market,,,,,,,,,,,,,160.0,,,,,,,,,,,,
2025-03-31,VTR,,,,,,,,,,,,,,,,,,,,,,,,,,,,,,,,,,,,,,0.03,,,0.07,,,,,,,,,,,,,,,,,,,,,,,,,,,,,,,,,,,,,,,,,,,,,,,,,2025-04-30,,0.1,,post-market,,,,,,,,,,,,,42.8571,,,,,,,,,,,,
2025-06-30,VTR,,,,,,,,,,,,,,,,,,,,,,,,,,,,,,,,,,,,,,0.01,,,0.14,,,,,,,,,,,,,,,,,,,,,,,,,,,,,,,,,,,,,,,,,,,,,,,,,2025-07-30,,0.15,,post-market,,,,,,,,,,,,,7.1429,,,,,,,,,,,,
2025-09-30,VTR,,,,,,,,,,,,,,,,,,,,,,,,,,,,,,,,,,,,,,0.021,,,0.1,,,,,,,,,,,,,,,,,,,,,,,,,,,,,,,,,,,,,,,,,,,,,,,,,2025-10-29,,0.121,,post-market,,,,,,,,,,,,,21.0,,,,,,,,,,,,
2025-12-28,VTR,0.53,5544046000.0,150.23,,0.794,26.33,,,,,,,,,,,,,,,,,,,,,,,,,,1.89,0.0237,,,,2.016,0.021,,,0.1,,135.14,,2320469000.0,,,,,,,,,,,,,,,,,,,0.156,,,,,,,,,,,,,1.737,3.025,6.75,,,,,,,,0.0429,,,2025-10-29,,0.121,,post-market,,,0.0214,0.0216,0.218,12.53,,,,,69.04,76.51,21.0,,,,,,,,,150.23,,81.89,55.47
2025-12-28,VTR,0.53,5544046000.0,150.23,,0.794,26.33,,,,,,,,,,,,,,,None,869915000,869915000,,,,,,None,365598000,,1.89,0.0237,,,,2.016,0.021,220487000,586085000,0.1,2025-09-30,135.14,,2320469000.0,619081000,62363000,-6345000,,,None,299654000,149958000,,None,,,,,66047000,68708000,-158124000,None,0.156,,397560000,221521000,,,,,None,,,,,1.737,3.025,6.75,,,,,,,,0.0429,,,2025-10-29,quarterly,0.121,USD,post-market,None,,0.0214,0.0216,0.218,12.53,40387000,,,,69.04,76.51,21.0,,,,,,,1488996000,,150.23,,81.89,55.47
2025-12-28,VTR,0.53,5544046000.0,150.23,,0.794,26.33,,,,,,,,,,,,,,,None,826896000,826896000,,,,,,None,354415000,,1.89,0.0237,,,,2.016,0.021,225634000,580049000,0.1,2025-06-30,135.14,,2320469000.0,593997000,75336000,3874000,,,None,150298000,151436000,,None,,,,,68264000,71462000,-150298000,None,0.156,,390575000,203422000,,,,,None,,,,,1.737,3.025,6.75,,,,,,,,0.0429,,,2025-10-29,quarterly,0.121,USD,post-market,None,,0.0214,0.0216,0.218,12.53,42856000,,,,69.04,76.51,21.0,,,,,,,1420893000,,150.23,,81.89,55.47
2025-12-28,VTR,0.53,5544046000.0,150.23,,0.794,26.33,,,,,,,,,,,,,,,None,785709000,785709000,,,,,,None,328888000,,1.89,0.0237,,,,2.016,0.021,187155000,516043000,0.1,2025-03-31,135.14,,2320469000.0,572365000,37799000,-10557000,,,None,149356000,144283000,,None,,,,,46868000,48356000,-149356000,None,0.156,,374674000,197691000,,,,,None,,,,,1.737,3.025,6.75,,,,,,,,0.0429,,,2025-10-29,quarterly,0.121,USD,post-market,None,,0.0214,0.0216,0.218,12.53,53149000,,,,69.04,76.51,21.0,,,,,,,1358074000,,150.23,,81.89,55.47
2025-12-28,VTR,0.53,5544046000.0,150.23,,0.794,26.33,,,,,,,,,,,,,,,None,741057000,741057000,,,,,,None,290372000,,1.89,0.0237,,,,2.016,0.021,175339000,465711000,0.1,2024-12-31,135.14,,2320469000.0,546000000,13188000,-45539000,,,None,153206000,164642000,,None,,,,,56835000,58727000,-153206000,None,0.156,,350206000,195794000,,,,,None,,,,,1.737,3.025,6.75,,,,,,,,0.0429,,,2025-10-29,quarterly,0.121,USD,post-market,None,,0.0214,0.0216,0.218,12.53,41434000,,,,69.04,76.51,21.0,,,,,,,1287057000,,150.23,,81.89,55.47
2025-12-28,VTR,0.53,5544046000.0,150.23,,0.794,26.33,,,,,,,,,,,,,,,None,714961000,714961000,,,,,,None,311763000,,1.89,0.0237,,,,2.016,0.021,174435000,486198000,0.1,2024-09-30,135.14,,2320469000.0,521354000,23998000,3002000,,,None,150437000,147297000,,None,,,,,19243000,20996000,-150437000,None,0.156,,339304000,182050000,,,,,None,,,,,1.737,3.025,6.75,,,,,,,,0.0429,,,2025-10-29,quarterly,0.121,USD,post-market,None,,0.0214,0.0216,0.218,12.53,35092000,,,,69.04,76.51,21.0,,,,,,,1236315000,,150.23,,81.89,55.47
2025-12-28,VTR,0.53,5544046000.0,150.23,,0.794,26.33,,,,,,,,,,,,,,,None,681801000,681801000,,,,,,None,347402000,,1.89,0.0237,,,,2.016,0.021,178193000,525595000,0.1,2024-06-30,135.14,,2320469000.0,519179000,28934000,7766000,,,None,149259000,None,,None,,,,,19387000,21168000,-149259000,None,0.156,,377533000,141646000,,,,,None,,,,,1.737,3.025,6.75,,,,,,,,0.0429,,,2025-10-29,quarterly,0.121,USD,post-market,None,,0.0214,0.0216,0.218,12.53,37727000,,,,69.04,76.51,21.0,,,,,,,1200980000,,150.23,,81.89,55.47
2025-12-28,VTR,0.53,5544046000.0,150.23,,0.794,26.33,,,,,,,,,,,,,,,None,689250000,689250000,,,,,,None,307553000,,1.89,0.0237,,,,2.016,0.021,134389000,441942000,0.1,2024-03-31,135.14,,2320469000.0,510664000,-15544000,-3004000,,,None,149933000,None,,None,,,,,-14312000,-12540000,-149933000,None,0.156,,348924000,161740000,,,,,None,,,,,1.737,3.025,6.75,,,,,,,,0.0429,,,2025-10-29,quarterly,0.121,USD,post-market,None,,0.0214,0.0216,0.218,12.53,48737000,,,,69.04,76.51,21.0,,,,,,,1199914000,,150.23,,81.89,55.47
2025-12-28,VTR,0.53,5544046000.0,150.23,,0.794,26.33,,,,,,,,,,,,,,,None,669406000,669406000,,,,,,None,442193000,,1.89,0.0237,,,,2.016,0.021,74835000,517028000,0.1,2023-12-31,135.14,,2320469000.0,494986000,-80018000,4698000,,,None,154853000,None,,None,,,,,-90819000,-84716000,-154853000,None,0.156,,471583000,23403000,,,,,None,,,,,1.737,3.025,6.75,,,,,,,,0.0429,,,2025-10-29,quarterly,0.121,USD,post-market,None,,0.0214,0.0216,0.218,12.53,36382000,,,,69.04,76.51,21.0,,,,,,,1164392000,,150.23,,81.89,55.47
2025-12-28,VTR,0.53,5544046000.0,150.23,,0.794,26.33,,,,,,,,,,,,,,,None,657949000,657949000,,,,,,None,376907000,,1.89,0.0237,,,,2.016,0.021,76698000,453605000,0.1,2023-09-30,135.14,,2320469000.0,491883000,-71221000,-1662000,,,None,147919000,153038000,,None,,,,,-71124000,-69559000,-147919000,None,0.156,,403608000,88275000,,,,,None,,,,,1.737,3.025,6.75,,,,,,,,0.0429,,,2025-10-29,quarterly,0.121,USD,post-market,None,,0.0214,0.0216,0.218,12.53,33297000,,,,69.04,76.51,21.0,,,,,,,1149832000,,150.23,,81.89,55.47
2025-12-28,VTR,0.53,5544046000.0,150.23,,0.794,26.33,,,,,,,,,,,,,,,None,624254000,624254000,,,,,,None,309504000,,1.89,0.0237,,,,2.016,0.021,238558000,548062000,0.1,2023-06-30,135.14,,2320469000.0,482104000,95293000,-9773000,,,None,143265000,112011000,,None,,,,,103453000,105066000,-143265000,None,0.156,,327023000,155081000,,,,,-23355000,,,,,1.737,3.025,6.75,,,,,,,,0.0429,,,2025-10-29,quarterly,0.121,USD,post-market,None,,0.0214,0.0216,0.218,12.53,34399000,,,,69.04,76.51,21.0,,,,,,,1106358000,,150.23,,81.89,55.47
2025-12-28,VTR,0.53,5544046000.0,150.23,,0.794,26.33,,,,,,,,,,,,,,,None,609637000,609637000,,,,,,None,286273000,,1.89,0.0237,,,,2.016,0.021,144185000,430458000,0.1,2023-03-31,135.14,,2320469000.0,467608000,16110000,-2802000,,,None,128075000,133698000,,None,,,,,17517000,18912000,-128075000,None,0.156,,318853000,148755000,,,,,17963000,,,,,1.737,3.025,6.75,,,,,,,,0.0429,,,2025-10-29,quarterly,0.121,USD,post-market,None,,0.0214,0.0216,0.218,12.53,44798000,,,,69.04,76.51,21.0,,,,,,,1077245000,,150.23,,81.89,55.47
2025-12-28,VTR,0.53,5544046000.0,150.23,,0.794,26.33,,,,,,,,,,,,,,,None,591539000,591539000,,,,,,None,327652000,,1.89,0.0237,,,,2.016,0.021,77396000,405048000,0.1,2022-12-31,135.14,,2320469000.0,459886000,-46003000,-2619000,,,None,123399000,91553000,,None,,,,,-45019000,-43384000,-123399000,None,0.156,,377654000,82232000,,,,,-21519000,,,,,1.737,3.025,6.75,,,,,,,,0.0429,,,2025-10-29,quarterly,0.121,USD,post-market,None,,0.0214,0.0216,0.218,12.53,76538000,,,,69.04,76.51,21.0,,,,,,,1051425000,,150.23,,81.89,55.47
2025-12-28,VTR,0.53,5544046000.0,150.23,,0.794,26.33,,,,,,,,,,,,,,,None,571576000,571576000,,,,,,None,304552000,,1.89,0.0237,,,,2.016,0.021,116449000,421001000,0.1,2022-09-30,135.14,,2320469000.0,465700000,-2964000,-6027000,,,None,119413000,117443000,,None,,,,,1256000,3063000,-119413000,None,0.156,,336839000,128861000,,,,,11842000,,,,,1.737,3.025,6.75,,,,,,,,0.0429,,,2025-10-29,quarterly,0.121,USD,post-market,None,,0.0214,0.0216,0.218,12.53,35421000,,,,69.04,76.51,21.0,,,,,,,1037276000,,150.23,,81.89,55.47
2025-12-28,VTR,0.53,5544046000.0,150.23,,0.794,26.33,,,,,,,,,,,,,,,None,575769000,575769000,,,,,,None,286378000,,1.89,0.0237,,,,2.016,0.021,68959000,355337000,0.1,2022-06-30,135.14,,2320469000.0,447169000,-44992000,-3790000,,,None,113951000,114998000,,None,,,,,-42416000,-41202000,-113951000,None,0.156,,315928000,131241000,,,,,47042000,,,,,1.737,3.025,6.75,,,,,,,,0.0429,,,2025-10-29,quarterly,0.121,USD,post-market,None,,0.0214,0.0216,0.218,12.53,32915000,,,,69.04,76.51,21.0,,,,,,,1022938000,,150.23,,81.89,55.47
2025-12-28,VTR,0.53,5544046000.0,150.23,,0.794,26.33,,,,,,,,,,,,,,,None,544034000,544034000,,,,,,None,292173000,,1.89,0.0237,,,,2.016,0.021,146896000,439069000,0.1,2022-03-31,135.14,,2320469000.0,473520000,36102000,-4490000,,,None,110794000,115063000,,None,,,,,38732000,40592000,-110794000,None,0.156,,332008000,141512000,,,,,-29004000,,,,,1.737,3.025,6.75,,,,,,,,0.0429,,,2025-10-29,quarterly,0.121,USD,post-market,None,,0.0214,0.0216,0.218,12.53,42998000,,,,69.04,76.51,21.0,,,,,,,1017554000,,150.23,,81.89,55.47
2025-12-28,VTR,0.53,5544046000.0,150.23,,0.794,26.33,,,,,,,,,,,,,,,None,582576000,582576000,,,,,,None,321982000,,1.89,0.0237,,,,2.016,0.021,66603000,388585000,0.1,2021-12-31,135.14,,2320469000.0,439868000,-43852000,-4747000,,,None,110455000,112761000,,None,,,,,-40854000,-39105000,-110455000,None,0.156,,347500000,92368000,,,,,9152000,,,,,1.737,3.025,6.75,,,,,,,,0.0429,,,2025-10-29,quarterly,0.121,USD,post-market,None,,0.0214,0.0216,0.218,12.53,89449000,,,,69.04,76.51,21.0,,,,,,,1022444000,,150.23,,81.89,55.47
2025-12-28,VTR,0.53,5544046000.0,150.23,,0.794,26.33,,,,,,,,,,,,,,,None,523850000,523850000,,,,,,None,318163000,,1.89,0.0237,,,,2.016,0.021,175370000,493533000,0.1,2021-09-30,135.14,,2320469000.0,452228000,66554000,3780000,,,None,108816000,106044000,,None,,,,,60680000,62774000,-108816000,None,0.156,,343795000,108433000,,,,,216529000,,,,,1.737,3.025,6.75,,,,,,,,0.0429,,,2025-10-29,quarterly,0.121,USD,post-market,None,,0.0214,0.0216,0.218,12.53,30259000,,,,69.04,76.51,21.0,,,,,,,976078000,,150.23,,81.89,55.47
2025-12-28,VTR,0.53,5544046000.0,150.23,,0.794,26.33,,,,,,,,,,,,,,,None,494853000,494853000,,,,,,None,255547000,,1.89,0.0237,,,,2.016,0.021,201980000,457527000,0.1,2021-06-30,135.14,,2320469000.0,424341000,91929000,3641000,,,None,110051000,105284000,,None,,,,,86391000,88288000,-110051000,None,0.156,,281229000,143112000,,,,,32461000,,,,,1.737,3.025,6.75,,,,,,,,0.0429,,,2025-10-29,quarterly,0.121,USD,post-market,None,,0.0214,0.0216,0.218,12.53,30588000,,,,69.04,76.51,21.0,,,,,,,919194000,,150.23,,81.89,55.47
2025-12-28,VTR,0.53,5544046000.0,150.23,,0.794,26.33,,,,,,,,,,,,,,,None,487218000,487218000,,,,,,None,319420000,,1.89,0.0237,,,,2.016,0.021,57522000,376942000,0.1,2021-03-31,135.14,,2320469000.0,423073000,-53245000,2153000,,,None,110767000,111017000,,None,,,,,-57209000,-55398000,-110767000,None,0.156,,345555000,77518000,,,,,19945000,,,,,1.737,3.025,6.75,,,,,,,,0.0429,,,2025-10-29,quarterly,0.121,USD,post-market,None,,0.0214,0.0216,0.218,12.53,40309000,,,,69.04,76.51,21.0,,,,,,,910291000,,150.23,,81.89,55.47
2025-12-28,VTR,0.53,5544046000.0,150.23,,0.794,26.33,,,,,,,,,,,,,,,None,463373000,463373000,,,,,,None,267474000,,1.89,0.0237,,,,2.016,0.021,225482000,492956000,0.1,2020-12-31,135.14,,2320469000.0,457792000,111274000,-679000,,,None,114208000,644000,,None,,,,,110451000,111953000,-113564000,None,0.156,,274961000,182831000,,,,,30759000,,,,,1.737,3.025,6.75,,,,,,,,0.0429,,,2025-10-29,quarterly,0.121,USD,post-market,None,,0.0214,0.0216,0.218,12.53,29537000,,,,69.04,76.51,21.0,,,,,,,921165000,,150.23,,81.89,55.47
2025-12-28,VTR,0.53,5544046000.0,150.23,,0.794,26.33,,,,,,,,,,,,,,,None,495542000,495542000,,,,,,None,254924000,,1.89,0.0237,,,,2.016,0.021,126047000,380971000,0.1,2020-09-30,135.14,,2320469000.0,423398000,10542000,-3195000,,,None,115505000,114640000,,None,,,,,12751000,13737000,-114933000,None,0.156,,286446000,136952000,,,,,24407000,,,,,1.737,3.025,6.75,,,,,,,,0.0429,,,2025-10-29,quarterly,0.121,USD,post-market,None,,0.0214,0.0216,0.218,12.53,34228000,,,,69.04,76.51,21.0,,,,,,,918940000,,150.23,,81.89,55.47
2025-12-28,VTR,0.53,5544046000.0,150.23,,0.794,26.33,,,,,,,,,,,,,,,None,499148000,499148000,,,,,,None,355396000,,1.89,0.0237,,,,2.016,0.021,20253000,375649000,0.1,2020-06-30,135.14,,2320469000.0,444050000,-102879000,56356000,,,None,123132000,1540000,,None,,,,,-157170000,-159235000,-121592000,None,0.156,,407329000,36721000,,,,,-1214000,,,,,1.737,3.025,6.75,,,,,,,,0.0429,,,2025-10-29,quarterly,0.121,USD,post-market,None,,0.0214,0.0216,0.218,12.53,29984000,,,,69.04,76.51,21.0,,,,,,,943198000,,150.23,,81.89,55.47
2025-12-28,VTR,0.53,5544046000.0,150.23,,0.794,26.33,,,,,,,,,,,,,,,None,481695000,481695000,,,,,,None,252688000,,1.89,0.0237,,,,2.016,0.021,442410000,695098000,0.1,2020-03-31,135.14,,2320469000.0,530359000,325714000,-149016000,,,None,116696000,4853000,,None,,,,,473117000,474730000,-111843000,None,0.156,,289297000,241062000,,,,,219057000,,,,,1.737,3.025,6.75,,,,,,,,0.0429,,,2025-10-29,quarterly,0.121,USD,post-market,None,,0.0214,0.0216,0.218,12.53,42535000,,,,69.04,76.51,21.0,,,,,,,1012054000,,150.23,,81.89,55.47
2025-12-28,VTR,0.53,5544046000.0,150.23,,0.794,26.33,,,,,,,,,,,,,,,None,480854000,480854000,,,,,,None,354985000,,1.89,0.0237,,,,2.016,0.021,130294000,485279000,0.1,2019-12-31,135.14,,2320469000.0,515150000,13587000,694000,,,None,116707000,875000,,None,,,,,11443000,12893000,-115832000,None,0.156,,390537000,124613000,,,,,-19199000,,,,,1.737,3.025,6.75,,,,,,,,0.0429,,,2025-10-29,quarterly,0.121,USD,post-market,None,,0.0214,0.0216,0.218,12.53,41627000,,,,69.04,76.51,21.0,,,,,,,996004000,,150.23,,81.89,55.47
2025-12-28,VTR,0.53,5544046000.0,150.23,,0.794,26.33,,,,,,,,,,,,,,,None,462120000,462120000,,,,,,None,239926000,,1.89,0.0237,,,,2.016,0.021,202890000,442816000,0.1,2019-09-30,135.14,,2320469000.0,521035000,88923000,2005000,,,None,113967000,620000,,None,,,,,85259000,86918000,-113347000,None,0.156,,275133000,86918000,,,,,40488000,,,,,1.737,3.025,6.75,,,,,,,,0.0429,,,2025-10-29,quarterly,0.121,USD,post-market,None,,0.0214,0.0216,0.218,12.53,40530000,,,,69.04,76.51,21.0,,,,,,,983155000,,150.23,,81.89,55.47
2025-12-28,VTR,0.53,5544046000.0,150.23,,0.794,26.33,,,,,,,,,,,,,,,None,436416000,436416000,,,,,,None,231643000,,1.89,0.0237,,,,2.016,0.021,264515000,496158000,0.1,2019-06-30,135.14,,2320469000.0,514301000,154146000,-57752000,,,None,110369000,9202000,,None,,,,,210529000,211898000,-101167000,None,0.156,,269266000,211898000,,,,,23172000,,,,,1.737,3.025,6.75,,,,,,,,0.0429,,,2025-10-29,quarterly,0.121,USD,post-market,None,,0.0214,0.0216,0.218,12.53,43079000,,,,69.04,76.51,21.0,,,,,,,950717000,,150.23,,81.89,55.47
2025-12-28,VTR,0.53,5544046000.0,150.23,,0.794,26.33,,,,,,,,,,,,,,,None,431137000,431137000,,,,,,None,242051000,,1.89,0.0237,,,,2.016,0.021,236950000,479001000,0.1,2019-03-31,135.14,,2320469000.0,511737000,126331000,-1257000,,,None,110619000,111565000,,None,,,,,125785000,127588000,-110332000,None,0.156,,276680000,124725000,,,,,5852000,,,,,1.737,3.025,6.75,,,,,,,,0.0429,,,2025-10-29,quarterly,0.121,USD,post-market,None,,0.0214,0.0216,0.218,12.53,40760000,,,,69.04,76.51,21.0,,,,,,,942874000,,150.23,,81.89,55.47
2025-12-28,VTR,0.53,5544046000.0,150.23,,0.794,26.33,,,,,,,,,,,,,,,None,427503000,427503000,,,,,,None,244276000,,1.89,0.0237,,,,2.016,0.021,186428000,430704000,0.1,2018-12-31,135.14,,2320469000.0,495760000,34652000,-28650000,,,None,110524000,None,,None,,,,,62273000,99195000,None,None,0.156,,282751000,415991000,,,,,75858000,,,,,1.737,3.025,6.75,,,,,,,,0.0429,,,2025-10-29,quarterly,0.121,USD,post-market,0,,0.0214,0.0216,0.218,12.53,38475000,,,,69.04,76.51,21.0,,,,,,,923263000,,150.23,,81.89,55.47
2025-12-28,VTR,0.53,5544046000.0,150.23,,0.794,26.33,,,,,,,,,,,,,,,None,428820000,428820000,,,,,,None,223456000,,1.89,0.0237,,,,2.016,0.021,203535000,426991000,0.1,2018-09-30,135.14,,2320469000.0,507718000,95936000,-7327000,,,None,107581000,None,,None,,,,,101972000,103263000,None,None,0.156,,258256000,103263000,,,,,39527000,,,,,1.737,3.025,6.75,,,,,,,,0.0429,,,2025-10-29,quarterly,0.121,USD,post-market,0,,0.0214,0.0216,0.218,12.53,39677000,,,,69.04,76.51,21.0,,,,,,,936538000,,150.23,,81.89,55.47
2025-12-28,VTR,0.53,5544046000.0,150.23,,0.794,26.33,,,,,,,,,,,,,,,None,421947000,421947000,,,,,,None,228507000,,1.89,0.0237,,,,2.016,0.021,250169000,478676000,0.1,2018-06-30,135.14,,2320469000.0,520357000,132739000,-734000,,,None,113029000,None,,None,,,,,166519000,133473000,None,None,0.156,,260290000,149385000,,,,,93000,,,,,1.737,3.025,6.75,,,,,,,,0.0429,,,2025-10-29,quarterly,0.121,USD,post-market,0,,0.0214,0.0216,0.218,12.53,36656000,,,,69.04,76.51,21.0,,,,,,,942304000,,150.23,,81.89,55.47
2025-12-28,VTR,0.53,5544046000.0,150.23,,0.794,26.33,,,,,,,,,,,,,,,None,413028000,413028000,,,,,,None,236927000,,1.89,0.0237,,,,2.016,0.021,188229000,425156000,0.1,2018-03-31,135.14,,2320469000.0,530677000,76818000,-3242000,,,None,111363000,None,,None,,,,,78703000,80060000,None,None,0.156,,270324000,80060000,,,,,-10977000,,,,,1.737,3.025,6.75,,,,,,,,0.0429,,,2025-10-29,quarterly,0.121,USD,post-market,0,,0.0214,0.0216,0.218,12.53,37174000,,,,69.04,76.51,21.0,,,,,,,943705000,,150.23,,81.89,55.47
2025-12-28,VTR,0.53,5544046000.0,150.23,,0.794,26.33,,,,,,,,,,,,,,,None,373731000,373731000,,,,,,None,237522000,,1.89,0.0237,,,,2.016,0.021,244106000,481628000,0.1,2017-12-31,135.14,,2320469000.0,521557000,132155000,-46680000,,,None,111951000,None,,None,,,,,392554000,178835000,None,None,0.156,,267580000,643949000,,,,,1610000,,,,,1.737,3.025,6.75,,,,,,,,0.0429,,,2025-10-29,quarterly,0.121,USD,post-market,0,,0.0214,0.0216,0.218,12.53,34930000,,,,69.04,76.51,21.0,,,,,,,895288000,,150.23,,81.89,55.47
2025-12-28,VTR,0.53,5544046000.0,150.23,,0.794,26.33,,,,,,,,,,,,,,,None,376625000,376625000,,,,,,None,218009000,,1.89,0.0237,,,,2.016,0.021,262984000,480993000,0.1,2017-09-30,135.14,,2320469000.0,523303000,149115000,-7815000,,,None,113869000,None,,None,,,,,613958000,156930000,None,None,0.156,,246724000,162881000,,,,,-511000,,,,,1.737,3.025,6.75,,,,,,,,0.0429,,,2025-10-29,quarterly,0.121,USD,post-market,0,,0.0214,0.0216,0.218,12.53,33317000,,,,69.04,76.51,21.0,,,,,,,899928000,,150.23,,81.89,55.47
2025-12-28,VTR,0.53,5544046000.0,150.23,,0.794,26.33,,,,,,,,,,,,,,,None,366382000,366382000,,,,,,None,228232000,,1.89,0.0237,,,,2.016,0.021,263685000,491917000,0.1,2017-06-30,135.14,,2320469000.0,529108000,150113000,-2159000,,,None,113572000,None,,None,,,,,151831000,152272000,None,None,0.156,,257390000,158348000,,,,,-36000,,,,,1.737,3.025,6.75,,,,,,,,0.0429,,,2025-10-29,quarterly,0.121,USD,post-market,0,,0.0214,0.0216,0.218,12.53,33282000,,,,69.04,76.51,21.0,,,,,,,895490000,,150.23,,81.89,55.47
2025-12-28,VTR,0.53,5544046000.0,150.23,,0.794,26.33,,,,,,,,,,,,,,,None,369725000,369725000,,,,,,None,220243000,,1.89,0.0237,,,,2.016,0.021,261571000,481814000,0.1,2017-03-31,135.14,,2320469000.0,513718000,152767000,-3145000,,,None,108804000,None,,None,,,,,198127000,155912000,None,None,0.156,,251744000,153651000,,,,,-309000,,,,,1.737,3.025,6.75,,,,,,,,0.0429,,,2025-10-29,quarterly,0.121,USD,post-market,0,,0.0214,0.0216,0.218,12.53,33961000,,,,69.04,76.51,21.0,,,,,,,883443000,,150.23,,81.89,55.47
2025-12-28,VTR,0.53,5544046000.0,150.23,,0.794,26.33,,,,,,,,,,,,,,,None,366502000,366502000,,,,,,None,232189000,,1.89,0.0237,,,,2.016,0.021,250661000,482850000,0.1,2016-12-31,135.14,,2320469000.0,509211000,139739000,-2836000,,,None,107739000,None,,None,,,,,207637000,142575000,None,None,0.156,,263677000,554209000,,,,,386000,,,,,1.737,3.025,6.75,,,,,,,,0.0429,,,2025-10-29,quarterly,0.121,USD,post-market,0,,0.0214,0.0216,0.218,12.53,31488000,,,,69.04,76.51,21.0,,,,,,,875713000,,150.23,,81.89,55.47
2025-12-28,VTR,0.53,5544046000.0,150.23,,0.794,26.33,,,,,,,,,,,,,,,None,362091000,362091000,,,,,,None,210874000,,1.89,0.0237,,,,2.016,0.021,246972000,457846000,0.1,2016-09-30,135.14,,2320469000.0,505025000,141909000,-8537000,,,None,105063000,None,,None,,,,,149452000,150446000,None,None,0.156,,239954000,160570000,,,,,-383000,,,,,1.737,3.025,6.75,,,,,,,,0.0429,,,2025-10-29,quarterly,0.121,USD,post-market,0,,0.0214,0.0216,0.218,12.53,31567000,,,,69.04,76.51,21.0,,,,,,,867116000,,150.23,,81.89,55.47
2025-12-28,VTR,0.53,5544046000.0,150.23,,0.794,26.33,,,,,,,,,,,,,,,None,353807000,353807000,,,,,,None,224202000,,1.89,0.0237,,,,2.016,0.021,229965000,454167000,0.1,2016-06-30,135.14,,2320469000.0,494597000,126300000,-11549000,,,None,103665000,None,,None,,,,,143162000,137849000,None,None,0.156,,254055000,136988000,,,,,-2468000,,,,,1.737,3.025,6.75,,,,,,,,0.0429,,,2025-10-29,quarterly,0.121,USD,post-market,0,,0.0214,0.0216,0.218,12.53,32094000,,,,69.04,76.51,21.0,,,,,,,848404000,,150.23,,81.89,55.47
2025-12-28,VTR,0.53,5544046000.0,150.23,,0.794,26.33,,,,,,,,,,,,,,,None,359673000,359673000,,,,,,None,238833000,,1.89,0.0237,,,,2.016,0.021,218191000,457024000,0.1,2016-03-31,135.14,,2320469000.0,492616000,114918000,-8421000,,,None,103273000,None,,None,,,,,148980000,123339000,None,None,0.156,,268113000,121349000,,,,,-314000,,,,,1.737,3.025,6.75,,,,,,,,0.0429,,,2025-10-29,quarterly,0.121,USD,post-market,0,,0.0214,0.0216,0.218,12.53,31726000,,,,69.04,76.51,21.0,,,,,,,852289000,,150.23,,81.89,55.47
2025-12-28,VTR,0.53,5544046000.0,150.23,,0.794,26.33,,,,,,,,,,,,,,,None,359801000,359801000,,,,,,None,239190000,,1.89,0.0237,,,,2.016,0.021,215375000,454565000,0.1,2015-12-31,135.14,,2320469000.0,481473000,111683000,-11548000,,,None,103692000,None,,None,,,,,124728000,86946000,None,None,0.156,,264431000,212810000,,,,,486000,,,,,1.737,3.025,6.75,,,,,,,,0.0429,,,2025-10-29,quarterly,0.121,USD,post-market,0,,0.0214,0.0216,0.218,12.53,27636000,,,,69.04,76.51,21.0,,,,,,,841274000,,150.23,,81.89,55.47
2025-12-28,VTR,0.53,5544046000.0,150.23,,0.794,26.33,,,,,,,,,,,,,,,None,354261000,354261000,,,,,,None,242352000,,1.89,0.0237,,,,2.016,0.021,131673000,374025000,0.1,2015-09-30,135.14,,2320469000.0,473345000,34538000,-10697000,,,None,97135000,None,,None,,,,,22852000,45235000,None,None,0.156,,258446000,45235000,,,,,-15331000,,,,,1.737,3.025,6.75,,,,,,,,0.0429,,,2025-10-29,quarterly,0.121,USD,post-market,0,,0.0214,0.0216,0.218,12.53,32114000,,,,69.04,76.51,21.0,,,,,,,827606000,,150.23,,81.89,55.47
2025-12-28,VTR,0.53,5544046000.0,150.23,,0.794,26.33,,,,,,,,,,,,,,,None,348337000,348337000,,,,,,None,249195000,,1.89,0.0237,,,,2.016,0.021,200184000,449379000,0.1,2015-06-30,135.14,,2320469000.0,542985000,133025000,-9789000,,,None,107591000,None,,None,,,,,149821000,142814000,None,None,0.156,,283157000,152473000,,,,,455000,,,,,1.737,3.025,6.75,,,,,,,,0.0429,,,2025-10-29,quarterly,0.121,USD,post-market,0,,0.0214,0.0216,0.218,12.53,33962000,,,,69.04,76.51,21.0,,,,,,,891322000,,150.23,,81.89,55.47
2025-12-28,VTR,0.53,5544046000.0,150.23,,0.794,26.33,,,,,,,,,,,,,,,None,347629000,347629000,,,,,,None,246934000,,1.89,0.0237,,,,2.016,0.021,171577000,418511000,0.1,2015-03-31,135.14,,2320469000.0,536395000,107294000,-7250000,,,None,106590000,None,,None,,,,,120442000,114544000,None,None,0.156,,281771000,114544000,,,,,-21000,,,,,1.737,3.025,6.75,,,,,,,,0.0429,,,2025-10-29,quarterly,0.121,USD,post-market,0,,0.0214,0.0216,0.218,12.53,34330000,,,,69.04,76.51,21.0,,,,,,,884024000,,150.23,,81.89,55.47
2025-12-28,VTR,0.53,5544046000.0,150.23,,0.794,26.33,,,,,,,,,,,,,,,None,319805000,319805000,,,,,,None,241595000,,1.89,0.0237,,,,2.016,0.021,192079000,433674000,0.1,2014-12-31,135.14,,2320469000.0,484182000,93048000,-13552000,,,None,99031000,None,,None,,,,,107190000,377266000,None,None,0.156,,269383000,200507000,,,,,None,,,,,1.737,3.025,6.75,,,,,,,,0.0429,,,2025-10-29,quarterly,0.121,USD,post-market,0,,0.0214,0.0216,0.218,12.53,28108000,,,,69.04,76.51,21.0,,,,,,,803987000,,150.23,,81.89,55.47
2025-12-28,VTR,0.53,5544046000.0,150.23,,0.794,26.33,,,,,,,,,,,,,,,None,310989000,310989000,,,,,,None,203548000,,1.89,0.0237,,,,2.016,0.021,163296000,366844000,0.1,2014-09-30,135.14,,2320469000.0,468046000,104448000,-1887000,,,None,98469000,None,,None,,,,,109132000,106335000,None,None,0.156,,230690000,106335000,,,,,-2414000,,,,,1.737,3.025,6.75,,,,,,,,0.0429,,,2025-10-29,quarterly,0.121,USD,post-market,0,,0.0214,0.0216,0.218,12.53,29466000,,,,69.04,76.51,21.0,,,,,,,779035000,,150.23,,81.89,55.47
2025-12-28,VTR,0.53,5544046000.0,150.23,,0.794,26.33,,,,,,,,,,,,,,,None,290385000,290385000,,,,,,None,191101000,,1.89,0.0237,,,,2.016,0.021,221707000,412808000,0.1,2014-06-30,135.14,,2320469000.0,460869000,130206000,3274000,,,None,91501000,None,,None,,,,,138398000,126932000,None,None,0.156,,222124000,147417000,,,,,-2924000,,,,,1.737,3.025,6.75,,,,,,,,0.0429,,,2025-10-29,quarterly,0.121,USD,post-market,0,,0.0214,0.0216,0.218,12.53,31306000,,,,69.04,76.51,21.0,,,,,,,751254000,,150.23,,81.89,55.47
2025-12-28,VTR,0.53,5544046000.0,150.23,,0.794,26.33,,,,,,,,,,,,,,,None,291011000,291011000,,,,,,None,191911000,,1.89,0.0237,,,,2.016,0.021,220701000,412612000,0.1,2014-03-31,135.14,,2320469000.0,450459000,120676000,3433000,,,None,87841000,None,,None,,,,,121047000,0,None,None,0.156,,226460000,136431000,,,,,None,,,,,1.737,3.025,6.75,,,,,,,,0.0429,,,2025-10-29,quarterly,0.121,USD,post-market,0,,0.0214,0.0216,0.218,12.53,32866000,,,,69.04,76.51,21.0,,,,,,,741470000,,150.23,,81.89,55.47
2025-12-28,VTR,0.53,5544046000.0,150.23,,0.794,26.33,,,,,,,,,,,,,,,None,291419000,291419000,,,,,,None,198036000,,1.89,0.0237,,,,2.016,0.021,206604000,404640000,0.1,2013-12-31,135.14,,2320469000.0,441437000,109829000,1272000,,,None,90168000,None,,None,,,,,108440000,111314000,None,None,0.156,,228385000,206604000,,,,,-62365000,,,,,1.737,3.025,6.75,,,,,,,,0.0429,,,2025-10-29,quarterly,0.121,USD,post-market,0,,0.0214,0.0216,0.218,12.53,30349000,,,,69.04,76.51,21.0,,,,,,,732856000,,150.23,,81.89,55.47
2025-12-28,VTR,0.53,5544046000.0,150.23,,0.794,26.33,,,,,,,,,,,,,,,None,286763000,286763000,,,,,,None,184418000,,1.89,0.0237,,,,2.016,0.021,208757000,393175000,0.1,2013-09-30,135.14,,2320469000.0,425623000,124903000,-2780000,,,None,84089000,None,,None,,,,,118296000,127683000,None,None,0.156,,206369000,135231000,,,,,189000,,,,,1.737,3.025,6.75,,,,,,,,0.0429,,,2025-10-29,quarterly,0.121,USD,post-market,0,,0.0214,0.0216,0.218,12.53,28659000,,,,69.04,76.51,21.0,,,,,,,712386000,,150.23,,81.89,55.47
2025-12-28,VTR,0.53,5544046000.0,150.23,,0.794,26.33,,,,,,,,,,,,,,,None,271405000,271405000,,,,,,None,189917000,,1.89,0.0237,,,,2.016,0.021,203265000,393182000,0.1,2013-06-30,135.14,,2320469000.0,414441000,120524000,-12064000,,,None,83046000,None,,None,,,,,114580000,132588000,None,None,0.156,,200033000,132159000,,,,,720000,,,,,1.737,3.025,6.75,,,,,,,,0.0429,,,2025-10-29,quarterly,0.121,USD,post-market,0,,0.0214,0.0216,0.218,12.53,27327000,,,,69.04,76.51,21.0,,,,,,,685846000,,150.23,,81.89,55.47
2025-12-28,VTR,0.53,5544046000.0,150.23,,0.794,26.33,,,,,,,,,,,,,,,None,269088000,269088000,,,,,,None,181614000,,1.89,0.0237,,,,2.016,0.021,201907000,383521000,0.1,2013-03-31,135.14,,2320469000.0,415780000,120469000,1744000,,,None,79600000,None,,None,,,,,112193000,118725000,None,None,0.156,,207791000,129427000,,,,,None,,,,,1.737,3.025,6.75,,,,,,,,0.0429,,,2025-10-29,quarterly,0.121,USD,post-market,0,,0.0214,0.0216,0.218,12.53,28774000,,,,69.04,76.51,21.0,,,,,,,684868000,,150.23,,81.89,55.47
2025-12-28,VTR,0.53,5544046000.0,150.23,,0.794,26.33,,,,,,,,,,,,,,,None,264368000,264368000,,,,,,None,187754000,,1.89,0.0237,,,,2.016,0.021,194133000,381887000,0.1,2012-12-31,135.14,,2320469000.0,396343000,94296000,-3555000,,,None,76700000,None,,None,,,,,86267000,0,None,None,0.156,,210776000,183914000,,,,,None,,,,,1.737,3.025,6.75,,,,,,,,0.0429,,,2025-10-29,quarterly,0.121,USD,post-market,0,,0.0214,0.0216,0.218,12.53,23022000,,,,69.04,76.51,21.0,,,,,,,660711000,,150.23,,81.89,55.47
2025-12-28,VTR,0.53,5544046000.0,150.23,,0.794,26.33,,,,,,,,,,,,,,,None,254492000,254492000,,,,,,None,165296000,,1.89,0.0237,,,,2.016,0.021,192782000,358078000,0.1,2012-09-30,135.14,,2320469000.0,387458000,89308000,-8886000,,,None,75139000,None,,None,,,,,111882000,0,None,None,0.156,,219288000,115268000,,,,,None,,,,,1.737,3.025,6.75,,,,,,,,0.0429,,,2025-10-29,quarterly,0.121,USD,post-market,0,,0.0214,0.0216,0.218,12.53,26872000,,,,69.04,76.51,21.0,,,,,,,641950000,,150.23,,81.89,55.47
2025-12-28,VTR,0.53,5544046000.0,150.23,,0.794,26.33,,,,,,,,,,,,,,,None,241233000,241233000,,,,,,None,211877000,,1.89,0.0237,,,,2.016,0.021,88845000,300722000,0.1,2012-06-30,135.14,,2320469000.0,375215000,36561000,-5179000,,,None,74428000,None,,None,,,,,74025000,0,None,None,0.156,,216059000,42254000,,,,,None,,,,,1.737,3.025,6.75,,,,,,,,0.0429,,,2025-10-29,quarterly,0.121,USD,post-market,0,,0.0214,0.0216,0.218,12.53,26710000,,,,69.04,76.51,21.0,,,,,,,616448000,,150.23,,81.89,55.47
2025-12-28,VTR,0.53,5544046000.0,150.23,,0.794,26.33,,,,,,,,,,,,,,,None,219744000,219744000,,,,,,None,154528000,,1.89,0.0237,,,,2.016,0.021,132089000,286617000,0.1,2012-03-31,135.14,,2320469000.0,353950000,58784000,11338000,,,None,70668000,None,,None,,,,,90626000,0,None,None,0.156,,185397000,47763000,,,,,None,,,,,1.737,3.025,6.75,,,,,,,,0.0429,,,2025-10-29,quarterly,0.121,USD,post-market,0,,0.0214,0.0216,0.218,12.53,22200000,,,,69.04,76.51,21.0,,,,,,,573694000,,150.23,,81.89,55.47
2025-12-28,VTR,0.53,5544046000.0,150.23,,0.794,26.33,,,,,,,,,,,,,,,None,217841000,217841000,,,,,,None,166163000,,1.89,0.0237,,,,2.016,0.021,249677000,415840000,0.1,2011-12-31,135.14,,2320469000.0,346072000,182916000,-7827000,,,None,66761000,None,,None,,,,,192948000,0,None,None,0.156,,20574000,51169000,,,,,None,,,,,1.737,3.025,6.75,,,,,,,,0.0429,,,2025-10-29,quarterly,0.121,USD,post-market,0,,0.0214,0.0216,0.218,12.53,14832000,,,,69.04,76.51,21.0,,,,,,,563913000,,150.23,,81.89,55.47
2025-12-28,VTR,0.53,5544046000.0,150.23,,0.794,26.33,,,,,,,,,,,,,,,None,26652000,26652000,,,,,,None,161027000,,1.89,0.0237,,,,2.016,0.021,153363000,314390000,0.1,2011-09-30,135.14,,2320469000.0,539305000,88080000,-13904000,,,None,73756000,None,,None,,,,,102885000,101984000,None,None,0.156,,299616000,101984000,,,,,-8503000,,,,,1.737,3.025,6.75,,,,,,,,0.0429,,,2025-10-29,quarterly,0.121,USD,post-market,0,,0.0214,0.0216,0.218,12.53,20624000,,,,69.04,76.51,21.0,,,,,,,565957000,,150.23,,81.89,55.47
2025-12-28,VTR,0.53,5544046000.0,150.23,,0.794,26.33,,,,,,,,,,,,,,,None,10383000,10383000,,,,,,None,26126000,,1.89,0.0237,,,,2.016,0.021,101100000,127226000,0.1,2011-06-30,135.14,,2320469000.0,117999000,13608000,-6209000,,,None,27792000,None,,None,,,,,29616000,19734000,None,None,0.156,,48373000,19734000,,,,,-89000,,,,,1.737,3.025,6.75,,,,,,,,0.0429,,,2025-10-29,quarterly,0.121,USD,post-market,0,,0.0214,0.0216,0.218,12.53,15554000,,,,69.04,76.51,21.0,,,,,,,128382000,,150.23,,81.89,55.47
2025-12-28,VTR,0.53,5544046000.0,150.23,,0.794,26.33,,,,,,,,,,,,,,,None,92323000,92323000,,,,,,None,54195000,,1.89,0.0237,,,,2.016,0.021,87070000,141265000,0.1,2011-03-31,135.14,,2320469000.0,178138000,45849000,-3197000,,,None,42558000,None,,None,,,,,48984000,49046000,None,None,0.156,,83111000,52469000,,,,,-16691000,,,,,1.737,3.025,6.75,,,,,,,,0.0429,,,2025-10-29,quarterly,0.121,USD,post-market,0,,0.0214,0.0216,0.218,12.53,14832000,,,,69.04,76.51,21.0,,,,,,,270461000,,150.23,,81.89,55.47
2025-12-28,VTR,0.53,5544046000.0,150.23,,0.794,26.33,,,,,,,,,,,,,,,None,84769000,84769000,,,,,,None,64365000,,1.89,0.0237,,,,2.016,0.021,105915000,170280000,0.1,2010-12-31,135.14,,2320469000.0,183225000,60501000,2849000,,,None,45414000,None,,None,,,,,77583000,0,None,None,0.156,,74944000,62867000,,,,,None,,,,,1.737,3.025,6.75,,,,,,,,0.0429,,,2025-10-29,quarterly,0.121,USD,post-market,0,,0.0214,0.0216,0.218,12.53,14011000,,,,69.04,76.51,21.0,,,,,,,267994000,,150.23,,81.89,55.47
2025-12-28,VTR,0.53,5544046000.0,150.23,,0.794,26.33,,,,,,,,,,,,,,,None,86640000,86640000,,,,,,None,50563000,,1.89,0.0237,,,,2.016,0.021,107557000,158120000,0.1,2010-09-30,135.14,,2320469000.0,178025000,60401000,1657000,,,None,45519000,None,,None,,,,,57898000,0,None,None,0.156,,67382000,65124000,,,,,None,,,,,1.737,3.025,6.75,,,,,,,,0.0429,,,2025-10-29,quarterly,0.121,USD,post-market,0,,0.0214,0.0216,0.218,12.53,15278000,,,,69.04,76.51,21.0,,,,,,,264665000,,150.23,,81.89,55.47
2025-12-28,VTR,0.53,5544046000.0,150.23,,0.794,26.33,,,,,,,,,,,,,,,None,75183000,75183000,,,,,,None,52398000,,1.89,0.0237,,,,2.016,0.021,95149000,147547000,0.1,2010-06-30,135.14,,2320469000.0,168795000,53830000,409000,,,None,44045000,None,,None,,,,,58067000,0,None,None,0.156,,66713000,58159000,,,,,None,,,,,1.737,3.025,6.75,,,,,,,,0.0429,,,2025-10-29,quarterly,0.121,USD,post-market,0,,0.0214,0.0216,0.218,12.53,9858000,,,,69.04,76.51,21.0,,,,,,,243978000,,150.23,,81.89,55.47
2025-12-28,VTR,0.53,5544046000.0,150.23,,0.794,26.33,,,,,,,,,,,,,,,None,78879000,78879000,,,,,,None,54691000,,1.89,0.0237,,,,2.016,0.021,94645000,149336000,0.1,2010-03-31,135.14,,2320469000.0,162666000,52994000,286000,,,None,44300000,None,,None,,,,,52619000,0,None,None,0.156,,141932000,52708000,,,,,None,,,,,1.737,3.025,6.75,,,,,,,,0.0429,,,2025-10-29,quarterly,0.121,USD,post-market,0,,0.0214,0.0216,0.218,12.53,10683000,,,,69.04,76.51,21.0,,,,,,,241545000,,150.23,,81.89,55.47
2025-12-28,VTR,0.53,5544046000.0,150.23,,0.794,26.33,,,,,,,,,,,,,,,None,78443000,78443000,,,,,,None,59301000,,1.89,0.0237,,,,2.016,0.021,98575000,157876000,0.1,2009-12-31,135.14,,2320469000.0,160393000,54014000,-367000,,,None,44561000,None,,None,,,,,54081000,0,None,None,0.156,,66314000,197611000,,,,,None,,,,,1.737,3.025,6.75,,,,,,,,0.0429,,,2025-10-29,quarterly,0.121,USD,post-market,0,,0.0214,0.0216,0.218,12.53,38830000,,,,69.04,76.51,21.0,,,,,,,238836000,,150.23,,81.89,55.47
2025-12-28,VTR,0.53,5544046000.0,150.23,,0.794,26.33,,,,,,,,,,,,,,,None,76338000,76338000,,,,,,None,52268000,,1.89,0.0237,,,,2.016,0.021,90448000,142716000,0.1,2009-09-30,135.14,,2320469000.0,159492000,49900000,-410000,,,None,43660000,None,,None,,,,,49805000,0,None,None,0.156,,60038000,55794000,,,,,None,,,,,1.737,3.025,6.75,,,,,,,,0.0429,,,2025-10-29,quarterly,0.121,USD,post-market,0,,0.0214,0.0216,0.218,12.53,9657000,,,,69.04,76.51,21.0,,,,,,,235830000,,150.23,,81.89,55.47
2025-12-28,VTR,0.53,5544046000.0,150.23,,0.794,26.33,,,,,,,,,,,,,,,None,72564000,72564000,,,,,,None,48847000,,1.89,0.0237,,,,2.016,0.021,46964000,95811000,0.1,2009-06-30,135.14,,2320469000.0,159424000,46569000,-395000,,,None,44171000,None,,None,,,,,88381000,0,None,None,0.156,,65182000,50179000,,,,,None,,,,,1.737,3.025,6.75,,,,,,,,0.0429,,,2025-10-29,quarterly,0.121,USD,post-market,0,,0.0214,0.0216,0.218,12.53,10355000,,,,69.04,76.51,21.0,,,,,,,231988000,,150.23,,81.89,55.47
2025-12-28,VTR,0.53,5544046000.0,150.23,,0.794,26.33,,,,,,,,,,,,,,,None,75468000,75468000,,,,,,None,50516000,,1.89,0.0237,,,,2.016,0.021,91187000,141703000,0.1,2009-03-31,135.14,,2320469000.0,155383000,46134000,547000,,,None,46613000,None,,None,,,,,74228000,0,None,None,0.156,,60582000,48474000,,,,,None,,,,,1.737,3.025,6.75,,,,,,,,0.0429,,,2025-10-29,quarterly,0.121,USD,post-market,0,,0.0214,0.0216,0.218,12.53,10598000,,,,69.04,76.51,21.0,,,,,,,230851000,,150.23,,81.89,55.47
2025-12-28,VTR,0.53,5544046000.0,150.23,,0.794,26.33,,,,,,,,,,,,,,,None,76447000,76447000,,,,,,None,61607000,,1.89,0.0237,,,,2.016,0.021,89978000,151585000,0.1,2008-12-31,135.14,,2320469000.0,151509000,42636000,-1720000,,,None,47342000,None,,None,,,,,58475000,0,None,None,0.156,,60210000,142709000,,,,,None,,,,,1.737,3.025,6.75,,,,,,,,0.0429,,,2025-10-29,quarterly,0.121,USD,post-market,0,,0.0214,0.0216,0.218,12.53,28168000,,,,69.04,76.51,21.0,,,,,,,227956000,,150.23,,81.89,55.47
2025-12-28,VTR,0.53,5544046000.0,150.23,,0.794,26.33,,,,,,,,,,,,,,,None,81698000,81698000,,,,,,None,44645000,,1.89,0.0237,,,,2.016,0.021,100241000,144886000,0.1,2008-09-30,135.14,,2320469000.0,156856000,64698000,-415000,,,None,51344000,None,,None,,,,,63766000,0,None,None,0.156,,62939000,64073000,,,,,None,,,,,1.737,3.025,6.75,,,,,,,,0.0429,,,2025-10-29,quarterly,0.121,USD,post-market,0,,0.0214,0.0216,0.218,12.53,11626000,,,,69.04,76.51,21.0,,,,,,,238554000,,150.23,,81.89,55.47
2025-12-28,VTR,0.53,5544046000.0,150.23,,0.794,26.33,,,,,,,,,,,,,,,None,71842000,71842000,,,,,,None,61086000,,1.89,0.0237,,,,2.016,0.021,87828000,148914000,0.1,2008-06-30,135.14,,2320469000.0,161671000,40240000,-3712000,,,None,52444000,None,,None,,,,,70153000,0,None,None,0.156,,68987000,40240000,,,,,None,,,,,1.737,3.025,6.75,,,,,,,,0.0429,,,2025-10-29,quarterly,0.121,USD,post-market,0,,0.0214,0.0216,0.218,12.53,9610000,,,,69.04,76.51,21.0,,,,,,,233513000,,150.23,,81.89,55.47
2025-12-28,VTR,0.53,5544046000.0,150.23,,0.794,26.33,,,,,,,,,,,,,,,None,76957000,76957000,,,,,,None,68725000,,1.89,0.0237,,,,2.016,0.021,77103000,145828000,0.1,2008-03-31,135.14,,2320469000.0,154807000,21538000,-10038000,,,None,52351000,None,,None,,,,,31154000,0,None,None,0.156,,156795000,31098000,,,,,None,,,,,1.737,3.025,6.75,,,,,,,,0.0429,,,2025-10-29,quarterly,0.121,USD,post-market,0,,0.0214,0.0216,0.218,12.53,8257000,,,,69.04,76.51,21.0,,,,,,,231764000,,150.23,,81.89,55.47
2025-12-28,VTR,0.53,5544046000.0,150.23,,0.794,26.33,,,,,,,,,,,,,,,None,157796000,157796000,,,,,,None,75000000,,1.89,0.0237,,,,2.016,0.021,70251000,145251000,0.1,2007-12-31,135.14,,2320469000.0,232553000,17043000,-12968000,,,None,53313000,None,,None,,,,,29401000,0,None,None,0.156,,-38802000,146695000,,,,,None,,,,,1.737,3.025,6.75,,,,,,,,0.0429,,,2025-10-29,quarterly,0.121,USD,post-market,0,,0.0214,0.0216,0.218,12.53,11506000,,,,69.04,76.51,21.0,,,,,,,232553000,,150.23,,81.89,55.47
2025-12-28,VTR,0.53,5544046000.0,150.23,,0.794,26.33,,,,,,,,,,,,,,,None,71382000,71382000,,,,,,None,70716000,,1.89,0.0237,,,,2.016,0.021,70516000,141232000,0.1,2007-09-30,135.14,,2320469000.0,154912000,19226000,-9463000,,,None,52961000,None,,None,,,,,28014000,0,None,None,0.156,,151529000,28014000,,,,,None,,,,,1.737,3.025,6.75,,,,,,,,0.0429,,,2025-10-29,quarterly,0.121,USD,post-market,0,,0.0214,0.0216,0.218,12.53,9315000,,,,69.04,76.51,21.0,,,,,,,226294000,,150.23,,81.89,55.47
2025-12-28,VTR,0.53,5544046000.0,150.23,,0.794,26.33,,,,,,,,,,,,,,,None,50407000,50407000,,,,,,None,58352000,,1.89,0.0237,,,,2.016,0.021,94407000,152759000,0.1,2007-06-30,135.14,,2320469000.0,143315000,39933000,-5611000,,,None,54414000,None,,None,,,,,174598000,0,None,None,0.156,,97849000,45136000,,,,,None,,,,,1.737,3.025,6.75,,,,,,,,0.0429,,,2025-10-29,quarterly,0.121,USD,post-market,0,,0.0214,0.0216,0.218,12.53,8023000,,,,69.04,76.51,21.0,,,,,,,193722000,,150.23,,81.89,55.47
2025-12-28,VTR,0.53,5544046000.0,150.23,,0.794,26.33,,,,,,,,,,,,,,,None,40801000,40801000,,,,,,None,33433000,,1.89,0.0237,,,,2.016,0.021,85675000,119108000,0.1,2007-03-31,135.14,,2320469000.0,121848000,45106000,0,,,None,38809000,None,,None,,,,,45106000,0,None,None,0.156,,36173000,85675000,,,,,None,,,,,1.737,3.025,6.75,,,,,,,,0.0429,,,2025-10-29,quarterly,0.121,USD,post-market,0,,0.0214,0.0216,0.218,12.53,7583000,,,,69.04,76.51,21.0,,,,,,,121848000,,150.23,,81.89,55.47
2025-12-28,VTR,0.53,5544046000.0,150.23,,0.794,26.33,,,,,,,,,,,,,,,None,39639000,39639000,,,,,,None,32421000,,1.89,0.0237,,,,2.016,0.021,72163000,104584000,0.1,2006-12-31,135.14,,2320469000.0,110662000,130583000,90633000,,,None,38582000,None,,None,,,,,40797000,0,None,None,0.156,,38499000,125422000,,,,,None,,,,,1.737,3.025,6.75,,,,,,,,0.0429,,,2025-10-29,quarterly,0.121,USD,post-market,0,,0.0214,0.0216,0.218,12.53,6679000,,,,69.04,76.51,21.0,,,,,,,110662000,,150.23,,81.89,55.47
2025-12-28,VTR,0.53,5544046000.0,150.23,,0.794,26.33,,,,,,,,,,,,,,,None,7361000,7361000,,,,,,None,30849000,,1.89,0.0237,,,,2.016,0.021,94569000,125418000,0.1,2006-09-30,135.14,,2320469000.0,102306000,32241000,33148000,,,None,34020000,None,,None,,,,,32241000,0,None,None,0.156,,44278000,95767000,,,,,None,,,,,1.737,3.025,6.75,,,,,,,,0.0429,,,2025-10-29,quarterly,0.121,USD,post-market,0,,0.0214,0.0216,0.218,12.53,6539000,,,,69.04,76.51,21.0,,,,,,,109667000,,150.23,,81.89,55.47
2025-12-28,VTR,0.53,5544046000.0,150.23,,0.794,26.33,,,,,,,,,,,,,,,None,35439000,35439000,,,,,,None,28516000,,1.89,0.0237,,,,2.016,0.021,66122000,94638000,0.1,2006-06-30,135.14,,2320469000.0,100306000,29258000,35591000,,,None,32417000,None,,None,,,,,29258000,0,None,None,0.156,,36052000,66122000,,,,,None,,,,,1.737,3.025,6.75,,,,,,,,0.0429,,,2025-10-29,quarterly,0.121,USD,post-market,0,,0.0214,0.0216,0.218,12.53,6287000,,,,69.04,76.51,21.0,,,,,,,100306000,,150.23,,81.89,55.47
2025-12-28,VTR,0.53,5544046000.0,150.23,,0.794,26.33,,,,,,,,,,,,,,,None,35111000,35111000,,,,,,None,27867000,,1.89,0.0237,,,,2.016,0.021,-3220000,24647000,0.1,2006-03-31,135.14,,2320469000.0,97814000,29134000,0,,,None,31525000,None,,None,,,,,29134000,0,None,None,0.156,,101637000,-3220000,,,,,None,,,,,1.737,3.025,6.75,,,,,,,,0.0429,,,2025-10-29,quarterly,0.121,USD,post-market,0,,0.0214,0.0216,0.218,12.53,6631000,,,,69.04,76.51,21.0,,,,,,,97814000,,150.23,,81.89,55.47
2025-12-28,VTR,0.53,5544046000.0,150.23,,0.794,26.33,,,,,,,,,,,,,,,None,36397000,36397000,,,,,,None,31174000,,1.89,0.0237,,,,2.016,0.021,68058000,99232000,0.1,2005-12-31,135.14,,2320469000.0,89427000,120900000,83362000,,,None,33612000,None,,None,,,,,47221000,0,None,None,0.156,,21369000,100220000,,,,,None,,,,,1.737,3.025,6.75,,,,,,,,0.0429,,,2025-10-29,quarterly,0.121,USD,post-market,0,,0.0214,0.0216,0.218,12.53,6422000,,,,69.04,76.51,21.0,,,,,,,89427000,,150.23,,81.89,55.47
2025-12-28,VTR,0.53,5544046000.0,150.23,,0.794,26.33,,,,,,,,,,,,,,,None,34951000,34951000,,,,,,None,26597000,,1.89,0.0237,,,,2.016,0.021,62281000,88878000,0.1,2005-09-30,135.14,,2320469000.0,96135000,28721000,0,,,None,32263000,None,,None,,,,,28721000,0,None,None,0.156,,34997000,62281000,,,,,None,,,,,1.737,3.025,6.75,,,,,,,,0.0429,,,2025-10-29,quarterly,0.121,USD,post-market,0,,0.0214,0.0216,0.218,12.53,6109000,,,,69.04,76.51,21.0,,,,,,,96135000,,150.23,,81.89,55.47
2025-12-28,VTR,0.53,5544046000.0,150.23,,0.794,26.33,,,,,,,,,,,,,,,None,2827069000,2827069000,,,,,,None,1283286000,,1.89,0.0237,,,,2.016,0.021,653411000,1936697000,0.1,2024-12-31,135.14,,2320469000.0,2097197000,50576000,-37775000,,,None,602835000,613214000,,None,,,,,81153000,88351000,-602835000,None,0.156,,1415967000,681230000,,,,,None,,,,,1.737,3.025,6.75,,,,,,,,0.0429,,,2025-10-29,annual,0.121,USD,post-market,None,,0.0214,0.0216,0.218,12.53,162990000,,,,69.04,76.51,21.0,,,,,,,4924266000,,150.23,,81.89,55.47
2025-12-28,VTR,0.53,5544046000.0,150.23,,0.794,26.33,,,,,,,,,,,,,,,None,2561246000,2561246000,,,,,,None,1414877000,,1.89,0.0237,,,,2.016,0.021,534276000,1949153000,0.1,2023-12-31,135.14,,2320469000.0,1936581000,-39836000,-9539000,,,None,574112000,560486000,,None,,,,,-40973000,-30297000,-574112000,None,0.156,,1521067000,415514000,,,,,None,,,,,1.737,3.025,6.75,,,,,,,,0.0429,,,2025-10-29,annual,0.121,USD,post-market,0.02,,0.0214,0.0216,0.218,12.53,148876000,,,,69.04,76.51,21.0,,,,,,,4497827000,,150.23,,81.89,55.47
2025-12-28,VTR,0.53,5544046000.0,150.23,,0.794,26.33,,,,,,,,,,,,,,,None,2282918000,2282918000,,,,,,None,1210755000,,1.89,0.0237,,,,2.016,0.021,409700000,1620455000,0.1,2022-12-31,135.14,,2320469000.0,1846275000,-57857000,-16926000,,,None,467557000,439057000,,None,,,,,-47447000,-40931000,-467557000,None,0.156,,1362429000,483846000,,,,,8361000,,,,,1.737,3.025,6.75,,,,,,,,0.0429,,,2025-10-29,annual,0.121,USD,post-market,0.01,,0.0214,0.0216,0.218,12.53,144874000,,,,69.04,76.51,21.0,,,,,,,4129193000,,150.23,,81.89,55.47
2025-12-28,VTR,0.53,5544046000.0,150.23,,0.794,26.33,,,,,,,,,,,,,,,None,2088497000,2088497000,,,,,,None,1215112000,,1.89,0.0237,,,,2.016,0.021,501475000,1716587000,0.1,2021-12-31,135.14,,2320469000.0,1739510000,61386000,4827000,,,None,440089000,435106000,,None,,,,,49008000,56559000,-440089000,None,0.156,,1318079000,421431000,,,,,278087000,,,,,1.737,3.025,6.75,,,,,,,,0.0429,,,2025-10-29,annual,0.121,USD,post-market,0.02,,0.0214,0.0216,0.218,12.53,129758000,,,,69.04,76.51,21.0,,,,,,,3828007000,,150.23,,81.89,55.47
2025-12-28,VTR,0.53,5544046000.0,150.23,,0.794,26.33,,,,,,,,,,,,,,,None,1939758000,1939758000,,,,,,None,1130482000,,1.89,0.0237,,,,2.016,0.021,814192000,1944674000,0.1,2020-12-31,135.14,,2320469000.0,1855599000,344651000,-96534000,,,None,469541000,7609000,,None,,,,,439149000,441185000,-461932000,None,0.156,,1264159000,591440000,,,,,273009000,,,,,1.737,3.025,6.75,,,,,,,,0.0429,,,2025-10-29,annual,0.121,USD,post-market,0.09,,0.0214,0.0216,0.218,12.53,130158000,,,,69.04,76.51,21.0,,,,,,,3795357000,,150.23,,81.89,55.47
2025-12-28,VTR,0.53,5544046000.0,150.23,,0.794,26.33,,,,,,,,,,,,,,,None,1810527000,1810527000,,,,,,None,1068605000,,1.89,0.0237,,,,2.016,0.021,834649000,1903254000,0.1,2019-12-31,135.14,,2320469000.0,2062223000,382987000,-56310000,,,None,451662000,10984000,,None,,,,,433016000,439297000,-440678000,None,0.156,,1204346000,857877000,,,,,50313000,,,,,1.737,3.025,6.75,,,,,,,,0.0429,,,2025-10-29,annual,0.121,USD,post-market,0.10,,0.0214,0.0216,0.218,12.53,165996000,,,,69.04,76.51,21.0,,,,,,,3872750000,,150.23,,81.89,55.47
2025-12-28,VTR,0.53,5544046000.0,150.23,,0.794,26.33,,,,,,,,,,,,,,,None,1691298000,1691298000,,,,,,None,2800187000,,1.89,0.0237,,,,2.016,0.021,-1000573000,1799614000,0.1,2018-12-31,135.14,,2320469000.0,2054512000,376038000,-39953000,,,None,442497000,24892000,,None,,,,,409467000,415991000,-417605000,None,0.156,,1071621000,861089000,,,,,104501000,,,,,1.737,3.025,6.75,,,,,,,,0.0429,,,2025-10-29,annual,0.121,USD,post-market,0.10,,0.0214,0.0216,0.218,12.53,151982000,,,,69.04,76.51,21.0,,,,,,,3745810000,,150.23,,81.89,55.47
2025-12-28,VTR,0.53,5544046000.0,150.23,,0.794,26.33,,,,,,,,,,,,,,,None,1486463000,1486463000,,,,,,None,2497053000,,1.89,0.0237,,,,2.016,0.021,-549412000,1947641000,0.1,2017-12-31,135.14,,2320469000.0,2087686000,584150000,-59799000,,,None,448196000,6034000,,None,,,,,1356470000,643949000,-442162000,None,0.156,,1023438000,622086000,,,,,754000,,,,,1.737,3.025,6.75,,,,,,,,0.0429,,,2025-10-29,annual,0.121,USD,post-market,0.36,,0.0214,0.0216,0.218,12.53,135490000,,,,69.04,76.51,21.0,,,,,,,3574149000,,150.23,,81.89,55.47
2025-12-28,VTR,0.53,5544046000.0,150.23,,0.794,26.33,,,,,,,,,,,,,,,None,1442073000,1442073000,,,,,,None,2442660000,,1.89,0.0237,,,,2.016,0.021,-492570000,1950090000,0.1,2016-12-31,135.14,,2320469000.0,2001449000,522866000,-31343000,,,None,419740000,876000,,None,,,,,649231000,554209000,-418864000,None,0.156,,1025799000,556786000,,,,,-2779000,,,,,1.737,3.025,6.75,,,,,,,,0.0429,,,2025-10-29,annual,0.121,USD,post-market,0.15,,0.0214,0.0216,0.218,12.53,126875000,,,,69.04,76.51,21.0,,,,,,,3443522000,,150.23,,81.89,55.47
2025-12-28,VTR,0.53,5544046000.0,150.23,,0.794,26.33,,,,,,,,,,,,,,,None,1410205000,1410205000,,,,,,None,979111000,,1.89,0.0237,,,,2.016,0.021,834724000,1813835000,0.1,2015-12-31,135.14,,2320469000.0,1876193000,350255000,-39284000,,,None,367114000,368534000,,None,,,,,417843000,389539000,None,None,0.156,,1022092000,834724000,,,,,-14411000,,,,,1.737,3.025,6.75,,,,,,,,0.0429,,,2025-10-29,annual,0.121,USD,post-market,0,,0.0214,0.0216,0.218,12.53,128035000,,,,69.04,76.51,21.0,,,,,,,3286398000,,150.23,,81.89,55.47
2025-12-28,VTR,0.53,5544046000.0,150.23,,0.794,26.33,,,,,,,,,,,,,,,None,1212190000,1212190000,,,,,,None,828155000,,1.89,0.0237,,,,2.016,0.021,875835000,1703990000,0.1,2014-12-31,135.14,,2320469000.0,1863556000,448378000,-8732000,,,None,376842000,None,,None,,,,,475767000,457110000,None,None,0.156,,948657000,875835000,,,,,-65000000,,,,,1.737,3.025,6.75,,,,,,,,0.0429,,,2025-10-29,annual,0.121,USD,post-market,0,,0.0214,0.0216,0.218,12.53,121746000,,,,69.04,76.51,21.0,,,,,,,3075746000,,150.23,,81.89,55.47
2025-12-28,VTR,0.53,5544046000.0,150.23,,0.794,26.33,,,,,,,,,,,,,,,None,1117947000,1117947000,,,,,,None,753136000,,1.89,0.0237,,,,2.016,0.021,835801000,1588937000,0.1,2013-12-31,135.14,,2320469000.0,1692106000,478482000,-11828000,,,None,334484000,None,,None,,,,,453509000,490310000,None,None,0.156,,837065000,835801000,,,,,-1201000,,,,,1.737,3.025,6.75,,,,,,,,0.0429,,,2025-10-29,annual,0.121,USD,post-market,0,,0.0214,0.0216,0.218,12.53,115106000,,,,69.04,76.51,21.0,,,,,,,2810053000,,150.23,,81.89,55.47
2025-12-28,VTR,0.53,5544046000.0,150.23,,0.794,26.33,,,,,,,,,,,,,,,None,979225000,979225000,,,,,,None,724832000,,1.89,0.0237,,,,2.016,0.021,693639000,1418471000,0.1,2012-12-31,135.14,,2320469000.0,1506074000,298266000,-6282000,,,None,293401000,None,,None,,,,,362800000,304548000,None,None,0.156,,824782000,693639000,,,,,-19486000,,,,,1.737,3.025,6.75,,,,,,,,0.0429,,,2025-10-29,annual,0.121,USD,post-market,0,,0.0214,0.0216,0.218,12.53,98801000,,,,69.04,76.51,21.0,,,,,,,2485299000,,150.23,,81.89,55.47
2025-12-28,VTR,0.53,5544046000.0,150.23,,0.794,26.33,,,,,,,,,,,,,,,None,678643000,678643000,,,,,,None,459704000,,1.89,0.0237,,,,2.016,0.021,541057000,1000761000,0.1,2011-12-31,135.14,,2320469000.0,1086348000,330441000,-31137000,,,None,236807000,None,,None,,,,,364493000,None,None,None,0.156,,365125000,51169000,,,,,None,,,,,1.737,3.025,6.75,,,,,,,,0.0429,,,2025-10-29,annual,0.121,USD,post-market,0,,0.0214,0.0216,0.218,12.53,74537000,,,,69.04,76.51,21.0,,,,,,,1764991000,,150.23,,81.89,55.47
2025-12-28,VTR,0.53,5544046000.0,150.23,,0.794,26.33,,,,,,,,,,,,,,,None,325471000,325471000,,,,,,None,214707000,,1.89,0.0237,,,,2.016,0.021,394788000,609495000,0.1,2010-12-31,135.14,,2320469000.0,691396000,227133000,5201000,,,None,178863000,None,,None,,,,,246167000,221932000,None,None,0.156,,265221000,52215000,,,,,-10727000,,,,,1.737,3.025,6.75,,,,,,,,0.0429,,,2025-10-29,annual,0.121,USD,post-market,None,,0.0214,0.0216,0.218,12.53,49830000,,,,69.04,76.51,21.0,,,,,,,1016867000,,150.23,,81.89,55.47
2025-12-28,VTR,0.53,5544046000.0,150.23,,0.794,26.33,,,,,,,,,,,,,,,None,302813000,302813000,,,,,,None,207611000,,1.89,0.0237,,,,2.016,0.021,371256000,578867000,0.1,2009-12-31,135.14,,2320469000.0,628762000,194266000,-1719000,,,None,176990000,None,,None,,,,,266495000,None,None,None,0.156,,244491000,208123000,,,,,None,,,,,1.737,3.025,6.75,,,,,,,,0.0429,,,2025-10-29,annual,0.121,USD,post-market,0,,0.0214,0.0216,0.218,12.53,38830000,,,,69.04,76.51,21.0,,,,,,,931575000,,150.23,,81.89,55.47
2025-12-28,VTR,0.53,5544046000.0,150.23,,0.794,26.33,,,,,,,,,,,,,,,None,306944000,306944000,,,,,,None,235719000,,1.89,0.0237,,,,2.016,0.021,348469000,584188000,0.1,2008-12-31,135.14,,2320469000.0,622822000,145285000,-15885000,,,None,203184000,None,,None,,,,,226288000,None,None,None,0.156,,274353000,145285000,,,,,None,,,,,1.737,3.025,6.75,,,,,,,,0.0429,,,2025-10-29,annual,0.121,USD,post-market,None,,0.0214,0.0216,0.218,12.53,36425000,,,,69.04,76.51,21.0,,,,,,,929766000,,150.23,,81.89,55.47
2025-12-28,VTR,0.53,5544046000.0,150.23,,0.794,26.33,,,,,,,,,,,,,,,None,198125000,198125000,,,,,,None,237501000,,1.89,0.0237,,,,2.016,0.021,312096000,549597000,0.1,2007-12-31,135.14,,2320469000.0,573666000,120351000,-28042000,,,None,204218000,None,,None,,,,,282318000,None,None,None,0.156,,246118000,126324000,,,,,None,,,,,1.737,3.025,6.75,,,,,,,,0.0429,,,2025-10-29,annual,0.121,USD,post-market,None,,0.0214,0.0216,0.218,12.53,36425000,,,,69.04,76.51,21.0,,,,,,,771791000,,150.23,,81.89,55.47
2025-12-28,VTR,0.53,5544046000.0,150.23,,0.794,26.33,,,,,,,,,,,,,,,None,148960000,148960000,,,,,,None,119653000,,1.89,0.0237,,,,2.016,0.021,279389000,399042000,0.1,2006-12-31,135.14,,2320469000.0,418449000,130583000,132467000,,,None,136544000,None,,None,,,,,131430000,None,None,None,0.156,,154552000,125422000,,,,,None,,,,,1.737,3.025,6.75,,,,,,,,0.0429,,,2025-10-29,annual,0.121,USD,post-market,None,,0.0214,0.0216,0.218,12.53,26136000,,,,69.04,76.51,21.0,,,,,,,418449000,,150.23,,81.89,55.47
2025-12-28,VTR,0.53,5544046000.0,150.23,,0.794,26.33,,,,,,,,,,,,,,,None,115499000,115499000,,,,,,None,88002000,,1.89,0.0237,,,,2.016,0.021,224110000,312112000,0.1,2005-12-31,135.14,,2320469000.0,324719000,120900000,93527000,,,None,0,None,,None,,,,,130583000,None,None,None,0.156,,100609000,100220000,,,,,None,,,,,1.737,3.025,6.75,,,,,,,,0.0429,,,2025-10-29,annual,0.121,USD,post-market,None,,0.0214,0.0216,0.218,12.53,23104000,,,,69.04,76.51,21.0,,,,,,,324719000,,150.23,,81.89,55.47
2025-12-28,VTR,0.53,5544046000.0,150.23,None,0.794,26.33,,216108000,188617000,188617000,,,,,,,,,116939000,463415000,None,115499000,115499000,1226390000,None,None,446137000,None,None,88002000,,1.89,0.0237,,,,2.016,0.021,224110000,312112000,0.1,2025-09-30,135.14,1046039000,2320469000.0,324719000,120900000,93527000,10903000,10903000,None,0,None,None,None,None,12571614000,None,751232000,130583000,None,None,None,0.156,,100609000,100220000,214525000,116960000,None,None,None,,,,,1.737,3.025,6.75,,,,,,,,0.0429,,23924360000,2025-10-29,quarterly,0.121,USD,post-market,None,-7369240000,0.0214,0.0216,0.218,12.53,23104000,12787722000,107341000,None,69.04,76.51,21.0,26925704000,849279000,1343350000,14501946000,26076425000,13158596000,324719000,12361924000,150.23,None,81.89,55.47
2025-12-28,VTR,0.53,5544046000.0,150.23,None,0.794,26.33,,217433000,614200000,614200000,,,,,,,,,113216000,459088000,None,115499000,115499000,1132187000,None,1374000,423898000,None,None,88002000,,1.89,0.0237,,,,2.016,0.021,224110000,312112000,0.1,2025-06-30,135.14,1046384000,2320469000.0,324719000,120900000,93527000,11156000,11156000,None,0,None,None,None,None,13056312000,None,726398000,130583000,None,None,None,0.156,,100609000,100220000,170952000,133849000,None,None,None,,,,,1.737,3.025,6.75,,,,,,,,0.0429,,23155404000,2025-10-29,quarterly,0.121,USD,post-market,None,-7208703000,0.0214,0.0216,0.218,12.53,23104000,13273745000,1374000,None,69.04,76.51,21.0,26474929000,1209050000,1267410000,14553769000,25265879000,13286359000,324719000,11529388000,150.23,None,81.89,55.47
2025-12-28,VTR,0.53,5544046000.0,150.23,None,0.794,26.33,,219817000,182335000,182335000,,,,,,,,,112497000,446424000,None,115499000,115499000,1126242000,None,243000000,382012000,None,None,88002000,,1.89,0.0237,,,,2.016,0.021,224110000,312112000,0.1,2025-03-31,135.14,1045399000,2320469000.0,324719000,120900000,93527000,11280000,11280000,None,0,None,None,None,None,12458675000,None,728064000,130583000,None,None,None,0.156,,100609000,100220000,218540000,109178000,None,None,None,,,,,1.737,3.025,6.75,,,,,,,,0.0429,,23047013000,2025-10-29,quarterly,0.121,USD,post-market,None,-7057776000,0.0214,0.0216,0.218,12.53,23104000,12921492000,243000000,None,69.04,76.51,21.0,26032295000,782887000,1478420000,14506179000,25249408000,13027759000,324719000,11469557000,150.23,None,81.89,55.47
2025-12-28,VTR,0.53,5544046000.0,150.23,None,0.794,26.33,,218003000,897850000,897850000,,,,,,,,,109119000,427612000,None,115499000,115499000,1152306000,None,6397000,375676000,None,None,88002000,,1.89,0.0237,,,,2.016,0.021,224110000,312112000,0.1,2024-12-31,135.14,1044915000,2320469000.0,324719000,120900000,93527000,11513000,11513000,None,0,None,None,None,None,13516154000,None,721745000,130583000,None,None,None,0.156,,100609000,100220000,78008000,146071000,None,None,None,,,,,1.737,3.025,6.75,,,,,,,,0.0429,,22600545000,2025-10-29,quarterly,0.121,USD,post-market,None,-6886653000,0.0214,0.0216,0.218,12.53,23104000,13740554000,6397000,None,69.04,76.51,21.0,26186906000,1351534000,1304774000,15357310000,24835372000,14052536000,324719000,10771267000,150.23,None,81.89,55.47
2025-12-28,VTR,0.53,5544046000.0,150.23,None,0.794,26.33,,215440000,1104733000,1104733000,,,,,,,,,104723000,419474000,None,115499000,115499000,1148752000,None,7922000,371788000,None,None,88002000,,1.89,0.0237,,,,2.016,0.021,224110000,312112000,0.1,2024-09-30,135.14,1045955000,2320469000.0,324719000,120900000,93527000,4953000,4953000,None,0,None,962460000,None,None,13660949000,None,711340000,130583000,None,None,None,0.156,,100609000,100220000,111601000,119005000,None,None,None,,,,,1.737,3.025,6.75,,,,,,,,0.0429,,21510258000,2025-10-29,quarterly,0.121,USD,post-market,None,-6748224000,0.0214,0.0216,0.218,12.53,23104000,13884311000,7922000,None,69.04,76.51,21.0,25347189000,1588122000,1275679000,15188823000,23759067000,13913144000,324719000,9759094000,150.23,None,81.89,55.47
2025-12-28,VTR,0.53,5544046000.0,150.23,None,0.794,26.33,,213110000,557082000,557082000,,,,,,,,,103242000,411823000,None,115499000,115499000,1003078000,None,3161000,264210000,None,None,88002000,,1.89,0.0237,,,,2.016,0.021,224110000,312112000,0.1,2024-06-30,135.14,1045071000,2320469000.0,324719000,120900000,93527000,5153000,5153000,None,0,None,None,None,None,13171916000,None,686724000,130583000,None,None,None,0.156,,100609000,100220000,101463000,127120000,None,None,None,,,,,1.737,3.025,6.75,,,,,,,,0.0429,,None,2025-10-29,quarterly,0.121,USD,post-market,None,-6577395000,0.0214,0.0216,0.218,12.53,23104000,13388187000,3161000,-1432971000,69.04,76.51,21.0,24530229000,922755000,1133359000,14551045000,23607474000,13417686000,324719000,9619350000,150.23,None,81.89,55.47
2025-12-28,VTR,0.53,5544046000.0,150.23,None,0.794,26.33,,202197000,632443000,632443000,,,,,,,,,101094000,407227000,None,115499000,115499000,1020307000,None,8207000,255438000,None,None,88002000,,1.89,0.0237,,,,2.016,0.021,224110000,312112000,0.1,2024-03-31,135.14,1045048000,2320469000.0,324719000,120900000,93527000,5365000,5365000,None,0,None,729726000,None,None,13546987000,None,676032000,130583000,None,None,None,0.156,,100609000,100220000,97283000,130762000,None,None,None,,,,,1.737,3.025,6.75,,,,,,,,0.0429,,None,2025-10-29,quarterly,0.121,USD,post-market,None,-6410144000,0.0214,0.0216,0.218,12.53,23104000,13757391000,8207000,None,69.04,76.51,21.0,24672586000,985164000,1159276000,14928709000,23687422000,13769433000,324719000,9402840000,150.23,None,81.89,55.47
2025-12-28,VTR,0.53,5544046000.0,150.23,None,0.794,26.33,,194734000,508794000,508794000,,,,,,,,,100648000,406977000,None,115499000,115499000,1041616000,None,14006000,248246000,None,None,88002000,,1.89,0.0237,,,,2.016,0.021,224110000,312112000,0.1,2023-12-31,135.14,1045176000,2320469000.0,324719000,120900000,93527000,5584000,5584000,None,0,None,None,None,None,13476890000,None,678518000,130583000,None,None,None,0.156,,100609000,100220000,111157000,126646000,None,None,None,,,,,1.737,3.025,6.75,,,,,,,,0.0429,,None,2025-10-29,quarterly,0.121,USD,post-market,None,-6213803000,0.0214,0.0216,0.218,12.53,23104000,13685630000,14006000,None,69.04,76.51,21.0,24725433000,868197000,1182268000,15181028000,23857236000,13998760000,324719000,9488058000,150.23,None,81.89,55.47
2025-12-28,VTR,0.53,5544046000.0,150.23,None,0.794,26.33,,197666000,433937000,433937000,,,,,,,,,100647000,402859000,None,115499000,115499000,1090028000,None,31677000,244547000,None,None,88002000,,1.89,0.0237,,,,2.016,0.021,224110000,312112000,0.1,2023-09-30,135.14,1044536000,2320469000.0,324719000,120900000,93527000,5774000,5774000,None,0,None,784883000,None,None,13388498000,None,579172000,130583000,None,None,None,0.156,,100609000,100220000,101000000,124783000,None,None,None,,,,,1.737,3.025,6.75,,,,,,,,0.0429,,22088781000,2025-10-29,quarterly,0.121,USD,post-market,None,-5941303000,0.0214,0.0216,0.218,12.53,23104000,13586164000,31677000,None,69.04,76.51,21.0,24966609000,779484000,1246488000,14827116000,24187125000,13580628000,324719000,9817559000,150.23,None,81.89,55.47
2025-12-28,VTR,0.53,5544046000.0,150.23,None,0.794,26.33,,200968000,138648000,138648000,,,,,,,,,100206000,404122000,None,115499000,115499000,1069590000,None,170019000,245832000,None,None,88002000,,1.89,0.0237,,,,2.016,0.021,224110000,312112000,0.1,2023-06-30,135.14,1045147000,2320469000.0,324719000,120900000,93527000,5997000,5997000,None,0,None,1,None,None,13354740000,None,629184000,130583000,None,None,None,0.156,,100609000,100220000,92726000,115747000,None,203927000,None,,,,,1.737,3.025,6.75,,,,,,,,0.0429,,20663126000,2025-10-29,quarterly,0.121,USD,post-market,None,-5688499000,0.0214,0.0216,0.218,12.53,23104000,13555708000,170019000,None,69.04,76.51,21.0,25070862000,477206000,1355356000,14770747000,24593656000,13415391000,324719000,9968382000,150.23,None,81.89,55.47
2025-12-28,VTR,0.53,5544046000.0,150.23,None,0.794,26.33,,189911000,145357000,145357000,,,,,,,,,100065000,403792000,None,115499000,115499000,1007437000,None,465210000,501004000,None,None,88002000,,1.89,0.0237,,,,2.016,0.021,224110000,312112000,0.1,2023-03-31,135.14,1044699000,2320469000.0,324719000,120900000,93527000,926219710,926219710,None,0,None,456073000,None,None,12342506000,None,606006000,130583000,None,None,None,0.156,,100609000,100220000,-385916000,-367255000,None,194323000,None,,,,,1.737,3.025,6.75,,,,,,,,0.0429,,19344781000,2025-10-29,quarterly,0.121,USD,post-market,None,-5611067000,0.0214,0.0216,0.218,12.53,23104000,12807716000,465210000,None,69.04,76.51,21.0,23994168000,716518000,1105392000,13669680000,23277650000,12564288000,324719000,9996991000,150.23,None,81.89,55.47
2025-12-28,VTR,0.53,5544046000.0,150.23,None,0.794,26.33,,190440000,122564000,122564000,,,,,,,,,99912000,399655000,None,115499000,115499000,1031689000,None,428230000,748949000,None,None,88002000,,1.89,0.0237,,,,2.016,0.021,224110000,312112000,0.1,2022-12-31,135.14,1044415000,2320469000.0,324719000,120900000,93527000,6393000,6393000,None,0,None,451355000,None,None,12296780000,None,22277474000,130583000,None,None,None,0.156,,100609000,100220000,93074000,117034000,None,12493712000,None,,,,,1.737,3.025,6.75,,,,,,,,0.0429,,21160450000,2025-10-29,quarterly,0.121,USD,post-market,None,-5449385000,0.0214,0.0216,0.218,12.53,23104000,12487220000,428230000,537075000,69.04,76.51,21.0,24157840000,964587000,1576953000,13936163000,23193253000,12359210000,324719000,10152968000,150.23,-536000,81.89,55.47
2025-12-28,VTR,0.53,5544046000.0,150.23,None,0.794,26.33,,191880000,145146000,145146000,,,,,,,,,99914000,403543000,None,115499000,115499000,1063969000,None,408457000,735825000,None,None,88002000,,1.89,0.0237,,,,2.016,0.021,224110000,312112000,0.1,2022-09-30,135.14,1043289000,2320469000.0,324719000,120900000,93527000,1348068000,1348068000,None,0,None,None,None,None,12210984000,None,547766000,130583000,None,None,None,0.156,,100609000,100220000,149942000,88540000,None,201371000,None,,,,,1.737,3.025,6.75,,,,,,,,0.0429,,21277933000,2025-10-29,quarterly,0.121,USD,post-market,None,-5223902000,0.0214,0.0216,0.218,12.53,23104000,12619441000,408457000,529317000,69.04,76.51,21.0,24300411000,1030913000,1574580000,13609704000,23269498000,12035124000,324719000,10361359000,150.23,None,81.89,55.47
2025-12-28,VTR,0.53,5544046000.0,150.23,None,0.794,26.33,,194241000,127073000,127073000,,,,,,,,,99913000,403526000,None,115499000,115499000,1062935000,None,380894000,735482000,None,None,88002000,,1.89,0.0237,,,,2.016,0.021,224110000,312112000,0.1,2022-06-30,135.14,1044509000,2320469000.0,324719000,120900000,93527000,1368513000,1368513000,None,0,None,-24191000,None,None,12328140000,None,533705000,130583000,None,None,None,0.156,,100609000,100220000,104917000,110290000,None,200112000,None,,,,,1.737,3.025,6.75,,,,,,,,0.0429,,20048216000,2025-10-29,quarterly,0.121,USD,post-market,None,-5044569000,0.0214,0.0216,0.218,12.53,23104000,12709034000,380894000,80623000,69.04,76.51,21.0,24628155000,943281000,1554119000,13742219000,23684874000,12188100000,324719000,10512596000,150.23,None,81.89,55.47
2025-12-28,VTR,0.53,5544046000.0,150.23,None,0.794,26.33,,195668000,149599000,149599000,,,,,,,,,99888000,403260000,None,115499000,115499000,1079596000,None,682985000,734501000,None,None,88002000,,1.89,0.0237,,,,2.016,0.021,224110000,312112000,0.1,2022-03-31,135.14,1045663000,2320469000.0,324719000,120900000,93527000,7072000,7072000,None,0,None,None,None,None,12413743000,None,541914000,130583000,None,None,None,0.156,,100609000,100220000,76079000,101975000,None,204079000,None,,,,,1.737,3.025,6.75,,,,,,,,0.0429,,20290178000,2025-10-29,quarterly,0.121,USD,post-market,None,-4821653000,0.0214,0.0216,0.218,12.53,23104000,12609411000,682985000,530388000,69.04,76.51,21.0,24950107000,960179000,1864556000,14157417000,23989928000,12292861000,324719000,10697406000,150.23,None,81.89,55.47
2025-12-28,VTR,0.53,5544046000.0,150.23,None,0.794,26.33,,197234000,149725000,149725000,,,,,,,,,99838000,403108000,None,115499000,115499000,1090254000,None,336448000,530126000,None,None,88002000,,1.89,0.0237,,,,2.016,0.021,224110000,312112000,0.1,2021-12-31,135.14,1046140000,2320469000.0,324719000,120900000,93527000,1369747000,1369747000,None,0,None,530126000,None,None,12027544000,None,22870429000,130583000,None,None,None,0.156,,100609000,100220000,-454855000,10850000,None,12235628000,None,,,,,1.737,3.025,6.75,,,,,,,,0.0429,,20447091000,2025-10-29,quarterly,0.121,USD,post-market,None,-4679889000,0.0214,0.0216,0.218,12.53,23104000,12363992000,336448000,530126000,69.04,76.51,21.0,24717786000,755122000,1207706000,13772026000,23962664000,12564320000,324719000,10854385000,150.23,None,81.89,55.47
2025-12-28,VTR,0.53,5544046000.0,150.23,None,0.794,26.33,,199551000,143770000,143770000,,,,,,,,,99777000,385523000,None,115499000,115499000,1142822000,None,419141000,530439000,None,None,88002000,,1.89,0.0237,,,,2.016,0.021,224110000,312112000,0.1,2021-09-30,135.14,1046070000,2320469000.0,324719000,120900000,93527000,1372462000,1372462000,None,0,None,None,None,None,12078835000,None,507880000,130583000,None,None,None,0.156,,100609000,100220000,369521000,20518000,None,220069000,None,,,,,1.737,3.025,6.75,,,,,,,,0.0429,,20095583000,2025-10-29,quarterly,0.121,USD,post-market,None,-4459630000,0.0214,0.0216,0.218,12.53,23104000,12497976000,419141000,41440000,69.04,76.51,21.0,25044424000,1043730000,1253353000,13877279000,24000694000,12623926000,324719000,11076716000,150.23,-40000,81.89,55.47
2025-12-28,VTR,0.53,5544046000.0,150.23,None,0.794,26.33,,205484000,233837000,233837000,,,,,,,,,93784000,378408000,None,115499000,115499000,1122171000,None,260232000,785538000,None,None,88002000,,1.89,0.0237,,,,2.016,0.021,224110000,312112000,0.1,2021-06-30,135.14,1051832000,2320469000.0,324719000,120900000,93527000,1205004000,1205004000,None,0,None,None,None,None,11501313000,None,567304000,130583000,None,None,None,0.156,,100609000,100220000,130933000,4568000,None,210052000,None,,,,,1.737,3.025,6.75,,,,,,,,0.0429,,19843687000,2025-10-29,quarterly,0.121,USD,post-market,None,-4340052000,0.0214,0.0216,0.218,12.53,23104000,12021777000,260232000,255962000,69.04,76.51,21.0,23504314000,1406270000,1492854000,13520410000,22098044000,12027556000,324719000,9882699000,150.23,-320000,81.89,55.47
2025-12-28,VTR,0.53,5544046000.0,150.23,None,0.794,26.33,,206426000,169661000,169661000,,,,,,,,,93750000,377922000,None,115499000,115499000,1109279000,None,414080000,785839000,None,None,88002000,,1.89,0.0237,,,,2.016,0.021,224110000,312112000,0.1,2021-03-31,135.14,1051780000,2320469000.0,324719000,120900000,93527000,1216808000,1216808000,None,0,None,1,None,None,11759299000,None,471243000,130583000,None,None,None,0.156,,100609000,100220000,100411000,3853000,None,210279000,None,,,,,1.737,3.025,6.75,,,,,,,,0.0429,,18766426000,2025-10-29,quarterly,0.121,USD,post-market,None,-4257001000,0.0214,0.0216,0.218,12.53,23104000,12173379000,414080000,276951000,69.04,76.51,21.0,23552263000,1332862000,1618602000,13480643000,22219401000,11862041000,324719000,9970155000,150.23,-789000,81.89,55.47
2025-12-28,VTR,0.53,5544046000.0,150.23,None,0.794,26.33,,209917000,413327000,413327000,,,,,,,,,93635000,377696000,None,115499000,115499000,1133066000,None,193493000,832355000,None,None,88002000,,1.89,0.0237,,,,2.016,0.021,224110000,312112000,0.1,2020-12-31,135.14,1051650000,2320469000.0,324719000,120900000,93527000,4659000,4659000,None,0,None,1,None,None,11895412000,None,21599290000,130583000,None,None,None,0.156,,100609000,100220000,47921000,114690000,None,12108575000,None,,,,,1.737,3.025,6.75,,,,,,,,0.0429,,20550035000,2025-10-29,quarterly,0.121,USD,post-market,None,-4030376000,0.0214,0.0216,0.218,12.53,23104000,12105329000,193493000,237553000,69.04,76.51,21.0,23929404000,1531156000,1441249000,13651213000,22398248000,12209964000,324719000,10180167000,150.23,None,81.89,55.47
2025-12-28,VTR,0.53,5544046000.0,150.23,None,0.794,26.33,,247255000,588343000,588343000,,,,,,,,,93467000,376295000,None,115499000,115499000,1234933000,None,206069000,776488000,None,None,88002000,,1.89,0.0237,,,,2.016,0.021,224110000,312112000,0.1,2020-09-30,135.14,1050742000,2320469000.0,324719000,120900000,93527000,4748000,4748000,None,0,None,None,None,None,12047919000,None,254945000,130583000,None,None,None,0.156,,100609000,100220000,55895000,99815000,None,249242000,None,,,,,1.737,3.025,6.75,,,,,,,,0.0429,,20644861000,2025-10-29,quarterly,0.121,USD,post-market,None,-3972647000,0.0214,0.0216,0.218,12.53,23104000,12295174000,206069000,280137000,69.04,76.51,21.0,24220483000,1700863000,1540817000,13932776000,22519620000,12391959000,324719000,10196852000,150.23,-1275000,81.89,55.47
2025-12-28,VTR,0.53,5544046000.0,150.23,None,0.794,26.33,,248912000,992824000,992824000,,,,,,,,,93261000,376024000,None,115499000,115499000,998186000,None,744362000,681831000,None,None,88002000,,1.89,0.0237,,,,2.016,0.021,224110000,312112000,0.1,2020-06-30,135.14,1050115000,2320469000.0,324719000,120900000,93527000,1240488000,1240488000,None,0,None,None,None,None,12530036000,None,166039000,130583000,None,None,None,0.156,,100609000,100220000,118129000,5773000,None,254685000,None,,,,,1.737,3.025,6.75,,,,,,,,0.0429,,26711939000,2025-10-29,quarterly,0.121,USD,post-market,None,-3816460000,0.0214,0.0216,0.218,12.53,23104000,13274398000,744362000,220630000,69.04,76.51,21.0,24589388000,1792784000,1121646000,14189478000,22796604000,13067832000,324719000,10311212000,150.23,-947000,81.89,55.47
2025-12-28,VTR,0.53,5544046000.0,150.23,None,0.794,26.33,,250357000,2848115000,2848115000,,,,,,,,,93256000,375997000,None,115499000,115499000,1141309000,None,3040586000,888626000,None,None,88002000,,1.89,0.0237,,,,2.016,0.021,224110000,312112000,0.1,2020-03-31,135.14,1050137000,2320469000.0,324719000,120900000,93527000,1246602000,1246602000,None,0,None,None,None,None,14172279000,None,165745000,130583000,None,None,None,0.156,,100609000,100220000,113183000,5007000,None,255364000,None,,,,,1.737,3.025,6.75,,,,,,,,0.0429,,26571067000,2025-10-29,quarterly,0.121,USD,post-market,None,-3491696000,0.0214,0.0216,0.218,12.53,23104000,17212865000,3040586000,245494000,69.04,76.51,21.0,26617828000,4095418000,4274147000,15901431000,22522410000,11627284000,324719000,10632942000,150.23,-867000,81.89,55.47
2025-12-28,VTR,0.53,5544046000.0,150.23,None,0.794,26.33,,251196000,106363000,106363000,,,,,,,,,93185000,376453000,None,115499000,115499000,1145700000,None,848729000,704612000,None,None,88002000,,1.89,0.0237,,,,2.016,0.021,224110000,312112000,0.1,2019-12-31,135.14,1051161000,2320469000.0,324719000,120900000,93527000,1306152000,1306152000,None,0,None,None,None,None,12158773000,None,45022000,130583000,None,None,None,0.156,,100609000,100220000,131172000,5463000,None,256659000,None,,,,,1.737,3.025,6.75,,,,,,,,0.0429,,27125723000,2025-10-29,quarterly,0.121,USD,post-market,None,-3669050000,0.0214,0.0216,0.218,12.53,23104000,13007502000,848729000,237360000,69.04,76.51,21.0,24692208000,942147000,1262278000,14146756000,23750061000,12884478000,324719000,10445892000,150.23,-132000,81.89,55.47
2025-12-28,VTR,0.53,5544046000.0,150.23,None,0.794,26.33,,249237000,148063000,148063000,,,,,,,,,93164000,376625000,None,115499000,115499000,1194162000,None,1431896000,989109000,None,None,88002000,,1.89,0.0237,,,,2.016,0.021,224110000,312112000,0.1,2019-09-30,135.14,1049985000,2320469000.0,324719000,120900000,93527000,1340177000,1340177000,None,0,None,None,None,None,12053184000,None,45905000,130583000,None,None,None,0.156,,100609000,100220000,65053000,1531000,None,250768000,None,,,,,1.737,3.025,6.75,,,,,,,,0.0429,,27172704000,2025-10-29,quarterly,0.121,USD,post-market,None,-3384421000,0.0214,0.0216,0.218,12.53,23104000,13485080000,1431896000,283970000,69.04,76.51,21.0,24803553000,1486195000,2712803000,13967644000,23317358000,11254841000,324719000,10665706000,150.23,-210000,81.89,55.47
2025-12-28,VTR,0.53,5544046000.0,150.23,None,0.794,26.33,,233757000,81987000,81987000,,,,,,,,,92852000,365553000,None,115499000,115499000,1137980000,None,None,963407000,None,None,88002000,,1.89,0.0237,,,,2.016,0.021,224110000,312112000,0.1,2019-06-30,135.14,1050470000,2320469000.0,324719000,120900000,93527000,1272723000,1272723000,None,0,None,1,None,None,10256092000,None,47112000,130583000,None,None,None,0.156,,100609000,100220000,58063000,1216000,None,10491065000,None,,,,,1.737,3.025,6.75,,,,,,,,0.0429,,25352210000,2025-10-29,quarterly,0.121,USD,post-market,None,-3173287000,0.0214,0.0216,0.218,12.53,23104000,10876638000,620546000,286409000,69.04,76.51,21.0,22988911000,1389866000,1871130000,12112549000,21599045000,10241419000,324719000,10820011000,150.23,None,81.89,55.47
2025-12-28,VTR,0.53,5544046000.0,150.23,None,0.794,26.33,,214046000,82514000,82514000,,,,,,,,,89579000,360619000,None,115499000,115499000,1063707000,None,None,496344000,None,None,88002000,,1.89,0.0237,,,,2.016,0.021,224110000,312112000,0.1,2019-03-31,135.14,1050876000,2320469000.0,324719000,120900000,93527000,1279490000,1279490000,None,0,None,1,None,None,10690176000,None,48162000,130583000,None,None,None,0.156,,100609000,100220000,63695000,947000,None,10905169000,None,,,,,1.737,3.025,6.75,,,,,,,,0.0429,,25061639000,2025-10-29,quarterly,0.121,USD,post-market,None,-3088401000,0.0214,0.0216,0.218,12.53,23104000,11041940000,351764000,56882000,69.04,76.51,21.0,22668097000,642553000,1146420000,12462084000,22025544000,11315664000,324719000,10149663000,150.23,None,81.89,55.47
2025-12-28,VTR,0.53,5544046000.0,150.23,None,0.794,26.33,,None,72277000,72277000,,,,,,,,,89125000,359989000,None,115499000,115499000,1086030000,None,None,495869000,None,None,88002000,,1.89,0.0237,,,,2.016,0.021,224110000,312112000,0.1,2018-12-31,135.14,1050548000,2320469000.0,324719000,120900000,93527000,1502955000,1502955000,None,0,None,None,None,None,10733699000,None,20637904000,130583000,None,None,None,0.156,,100609000,100220000,64641000,205000,None,205000,None,,,,,1.737,3.025,6.75,,,,,,,,0.0429,,19481673000,2025-10-29,quarterly,0.121,USD,post-market,None,-2930214000,0.0214,0.0216,0.218,12.53,23104000,11590106000,856407000,56378000,69.04,76.51,21.0,22584555000,632787000,1185902000,12312961000,21951768000,11127059000,324719000,10215857000,150.23,None,81.89,55.47
2025-12-28,VTR,0.53,5544046000.0,150.23,None,0.794,26.33,,None,86107000,86107000,,,,,,,,,89100000,359355000,None,115499000,115499000,1134898000,None,None,761452000,None,None,88002000,,1.89,0.0237,,,,2.016,0.021,224110000,312112000,0.1,2018-09-30,135.14,1045877000,2320469000.0,324719000,120900000,93527000,1512073000,1512073000,None,0,None,1,None,None,10478455000,None,20596963000,130583000,None,None,None,0.156,,100609000,100220000,86620000,14790000,None,14790000,None,,,,,1.737,3.025,6.75,,,,,,,,0.0429,,19388333000,2025-10-29,quarterly,0.121,USD,post-market,None,-2709293000,0.0214,0.0216,0.218,12.53,23104000,11056614000,578159000,61237000,69.04,76.51,21.0,22597953000,995416000,1804730000,12084884000,21602537000,10280154000,324719000,10452839000,150.23,-345000,81.89,55.47
2025-12-28,VTR,0.53,5544046000.0,150.23,None,0.794,26.33,,None,93684000,93684000,,,,,,,,,89085000,359000000,None,115499000,115499000,1133902000,None,10402897000,755488000,None,None,88002000,,1.89,0.0237,,,,2.016,0.021,224110000,312112000,0.1,2018-06-30,135.14,1034274000,2320469000.0,324719000,120900000,93527000,1516614000,1516614000,None,0,None,None,None,None,10402897000,None,20763713000,130583000,None,None,None,0.156,,100609000,100220000,79986000,896000,None,896000,None,,,,,1.737,3.025,6.75,,,,,,,,0.0429,,19481307000,2025-10-29,quarterly,0.121,USD,post-market,None,-2529102000,0.0214,0.0216,0.218,12.53,23104000,10742054000,339157000,263681000,69.04,76.51,21.0,22699134000,1192839000,1567067000,12021565000,21506295000,10454498000,324719000,10616948000,150.23,-573000,81.89,55.47
2025-12-28,VTR,0.53,5544046000.0,150.23,None,0.794,26.33,,None,92543000,92543000,,,,,,,,,89062000,358853000,None,115499000,115499000,1134570000,None,11039812000,1212519000,None,None,88002000,,1.89,0.0237,,,,2.016,0.021,224110000,312112000,0.1,2018-03-31,135.14,1035248000,2320469000.0,324719000,120900000,93527000,1532223000,1532223000,None,0,None,0,None,None,11039812000,None,21652044000,130583000,None,None,None,0.156,,100609000,100220000,133573000,60023000,None,60023000,None,,,,,1.737,3.025,6.75,,,,,,,,0.0429,,19646811000,2025-10-29,quarterly,0.121,USD,post-market,None,-2413440000,0.0214,0.0216,0.218,12.53,23104000,11852812000,813000000,54881000,69.04,76.51,21.0,23493510000,1438635000,1272357000,12689466000,22054875000,11417109000,324719000,10740815000,150.23,-553000,81.89,55.47
2025-12-28,VTR,0.53,5544046000.0,150.23,None,0.794,26.33,,None,81355000,81355000,,,,,,,,,89029000,358853000,None,115499000,115499000,1182552000,None,11276062000,1619130000,None,None,88002000,,1.89,0.0237,,,,2.016,0.021,224110000,312112000,0.1,2017-12-31,135.14,1034641000,2320469000.0,324719000,120900000,93527000,1544491000,1544491000,None,0,None,0,None,None,11276062000,None,22058378000,130583000,None,None,None,0.156,,100609000,100220000,207222000,61202000,None,61202000,None,,,,,1.737,3.025,6.75,,,,,,,,0.0429,,19909562000,2025-10-29,quarterly,0.121,USD,post-market,None,-2240698000,0.0214,0.0216,0.218,12.53,23104000,11814762000,538700000,54665000,69.04,76.51,21.0,23954541000,1962372000,1876412000,13022356000,21992169000,11145944000,324719000,10866226000,150.23,-42000,81.89,55.47
2025-12-28,VTR,0.53,5544046000.0,150.23,None,0.794,26.33,,None,85063000,85063000,,,,,,,,,89023000,359333000,None,115499000,115499000,943800000,None,11424145000,1614939000,None,None,88002000,,1.89,0.0237,,,,2.016,0.021,224110000,312112000,0.1,2017-09-30,135.14,1034497000,2320469000.0,324719000,120900000,93527000,1543318000,1543318000,None,0,None,0,None,None,11424145000,None,21934492000,130583000,None,None,None,0.156,,100609000,100220000,145448000,9837000,None,9837000,None,,,,,1.737,3.025,6.75,,,,,,,,0.0429,,0,2025-10-29,quarterly,0.121,USD,post-market,None,-2351430000,0.0214,0.0216,0.218,12.53,23104000,11963056000,538911000,54478000,69.04,76.51,21.0,23739795000,1899928000,1588232000,12941551000,21839867000,11353319000,324719000,10731340000,150.23,0,81.89,55.47
2025-12-28,VTR,0.53,5544046000.0,150.23,None,0.794,26.33,,None,103353000,103353000,,,,,,,,,89016000,358311000,None,115499000,115499000,929573000,None,11907997000,1649770000,None,None,88002000,,1.89,0.0237,,,,2.016,0.021,224110000,312112000,0.1,2017-06-30,135.14,1034054000,2320469000.0,324719000,120900000,93527000,1541311000,1541311000,None,0,None,1,None,None,11907997000,None,22054964000,130583000,None,None,None,0.156,,100609000,100220000,157912000,9812000,None,9812000,None,,,,,1.737,3.025,6.75,,,,,,,,0.0429,,0,2025-10-29,quarterly,0.121,USD,post-market,None,-2688946000,0.0214,0.0216,0.218,12.53,23104000,12424452000,516455000,55518000,69.04,76.51,21.0,23855758000,1966553000,1543088000,13413606000,21889205000,11870518000,324719000,10374058000,150.23,0,81.89,55.47
2025-12-28,VTR,0.53,5544046000.0,150.23,None,0.794,26.33,,None,91284000,91284000,,,,,,,,,88698000,357572000,None,115499000,115499000,946674000,None,11943733000,1647886000,None,None,88002000,,1.89,0.0237,,,,2.016,0.021,224110000,312112000,0.1,2017-03-31,135.14,1033484000,2320469000.0,324719000,120900000,93527000,1539849000,1539849000,None,0,None,1,None,None,11943733000,None,22123122000,130583000,None,None,None,0.156,,100609000,100220000,154158000,1389000,None,1389000,None,,,,,1.737,3.025,6.75,,,,,,,,0.0429,,0,2025-10-29,quarterly,0.121,USD,post-market,None,-2564936000,0.0214,0.0216,0.218,12.53,23104000,12114464000,170731000,55244000,69.04,76.51,21.0,23919331000,1948572000,1197013000,13435456000,21970759000,12238443000,324719000,10414606000,150.23,0,81.89,55.47
2025-12-28,VTR,0.53,5544046000.0,150.23,None,0.794,26.33,,None,286707000,286707000,,,,,,,,,88514000,357435000,None,115499000,115499000,907928000,None,11127326000,702021000,None,None,88002000,,1.89,0.0237,,,,2.016,0.021,224110000,312112000,0.1,2016-12-31,135.14,1033225000,2320469000.0,324719000,120900000,93527000,1510629000,1510629000,None,0,None,1,None,None,11127326000,None,21192696000,130583000,None,None,None,0.156,,100609000,100220000,135608000,1462000,None,1462000,None,,,,,1.737,3.025,6.75,,,,,,,,0.0429,,19626090000,2025-10-29,quarterly,0.121,USD,post-market,None,-2487695000,0.0214,0.0216,0.218,12.53,23104000,11273864000,146538000,55049000,69.04,76.51,21.0,23166600000,1124336000,993152000,12637847000,22042264000,11644695000,324719000,10460240000,150.23,-47000,81.89,55.47
2025-12-28,VTR,0.53,5544046000.0,150.23,None,0.794,26.33,,None,89279000,89279000,,,,,,,,,88431000,354186000,None,115499000,115499000,930103000,None,None,1048817000,None,None,88002000,,1.89,0.0237,,,,2.016,0.021,224110000,312112000,0.1,2016-09-30,135.14,1043075000,2320469000.0,324719000,120900000,93527000,1532174000,1532174000,None,0,None,0,None,None,11252327000,None,21520879000,130583000,None,None,None,0.156,,100609000,100220000,284773000,77608000,None,77608000,None,,,,,1.737,3.025,6.75,,,,,,,,0.0429,,0,2025-10-29,quarterly,0.121,USD,post-market,None,-2420766000,0.0214,0.0216,0.218,12.53,23104000,11484732000,232405000,64556000,69.04,76.51,21.0,23426264000,1487425000,1310906000,12855819000,21938839000,11544913000,324719000,10488539000,150.23,-78000,81.89,55.47
2025-12-28,VTR,0.53,5544046000.0,150.23,None,0.794,26.33,,None,57322000,57322000,,,,,,,,,85246000,342571000,None,115499000,115499000,735287000,None,None,1210922000,None,None,88002000,,1.89,0.0237,,,,2.016,0.021,224110000,312112000,0.1,2016-06-30,135.14,1043479000,2320469000.0,324719000,120900000,93527000,1342909000,1342909000,None,0,None,0,None,None,10901131000,None,20314263000,130583000,None,None,None,0.156,,100609000,100220000,260897000,88967000,None,88967000,None,,,,,1.737,3.025,6.75,,,,,,,,0.0429,,0,2025-10-29,quarterly,0.121,USD,post-market,None,-2313287000,0.0214,0.0216,0.218,12.53,23104000,11113513000,212382000,64390000,69.04,76.51,21.0,22093472000,1593531000,1116793000,12343696000,20499941000,11226903000,324719000,9689715000,150.23,0,81.89,55.47
2025-12-28,VTR,0.53,5544046000.0,150.23,None,0.794,26.33,,None,51701000,51701000,,,,,,,,,84354000,339202000,None,115499000,115499000,738327000,None,None,1205233000,None,None,88002000,,1.89,0.0237,,,,2.016,0.021,224110000,312112000,0.1,2016-03-31,135.14,1044983000,2320469000.0,324719000,120900000,93527000,1355198000,1355198000,None,0,None,0,None,None,11247730000,None,20609199000,130583000,None,None,None,0.156,,100609000,100220000,130973000,12625000,None,12625000,None,,,,,1.737,3.025,6.75,,,,,,,,0.0429,,0,2025-10-29,quarterly,0.121,USD,post-market,None,-2208474000,0.0214,0.0216,0.218,12.53,23104000,11572218000,324488000,64082000,69.04,76.51,21.0,22261292000,1451989000,1142428000,12590763000,20809303000,11448335000,324719000,9614195000,150.23,-59000,81.89,55.47
2025-12-28,VTR,0.53,5544046000.0,150.23,None,0.794,26.33,,None,53023000,53023000,,,,,,,,,83579000,339202000,None,115499000,115499000,779380000,None,11206996000,1050423000,None,None,88002000,,1.89,0.0237,,,,2.016,0.021,224110000,312112000,0.1,2015-12-31,135.14,1047497000,2320469000.0,324719000,120900000,93527000,1357646000,1357646000,None,0,None,1,None,None,11206996000,None,20578039000,130583000,None,None,None,0.156,,100609000,100220000,170956000,34340000,None,34340000,None,,,,,1.737,3.025,6.75,,,,,,,,0.0429,,18913406000,2025-10-29,quarterly,0.121,USD,post-market,None,-2111958000,0.0214,0.0216,0.218,12.53,23104000,11387679000,180683000,63679000,69.04,76.51,21.0,22261918000,1338081000,1075267000,12636491000,20923837000,11561224000,324719000,9564327000,150.23,-2567000,81.89,55.47
2025-12-28,VTR,0.53,5544046000.0,150.23,None,0.794,26.33,,None,65231000,65231000,,,,,,,,,83238000,336338000,None,115499000,115499000,791430000,None,None,913647000,None,None,88002000,,1.89,0.0237,,,,2.016,0.021,224110000,312112000,0.1,2015-09-30,135.14,1052321000,2320469000.0,324719000,120900000,93527000,1359306000,1359306000,None,0,None,1,None,None,11268560000,None,20634501000,130583000,None,None,None,0.156,,100609000,100220000,243422000,65465000,None,65465000,None,,,,,1.737,3.025,6.75,,,,,,,,0.0429,,0,2025-10-29,quarterly,0.121,USD,post-market,None,-1992848000,0.0214,0.0216,0.218,12.53,23104000,11382612000,114052000,63704000,69.04,76.51,21.0,22413977000,1286004000,1038305000,12744303000,21127973000,11705998000,324719000,9609435000,150.23,-3675000,81.89,55.47
2025-12-28,VTR,0.53,5544046000.0,150.23,None,0.794,26.33,,None,60532000,60532000,,,,,,,,,82982000,334026000,None,115499000,115499000,1026359000,None,None,789408000,None,None,88002000,,1.89,0.0237,,,,2.016,0.021,224110000,312112000,0.1,2015-06-30,135.14,1210346000,2320469000.0,324719000,120900000,93527000,1308052000,1308052000,None,0,None,-106080000,None,None,11507861000,None,22239965000,130583000,None,None,None,0.156,,100609000,100220000,300040000,77631000,None,None,None,,,,,1.737,3.025,6.75,,,,,,,,0.0429,,0,2025-10-29,quarterly,0.121,USD,post-market,None,-1772529000,0.0214,0.0216,0.218,12.53,23104000,12091626000,583765000,63225000,69.04,76.51,21.0,24275162000,1043900000,1103990000,13181416000,23231262000,12077426000,324719000,11027483000,150.23,-2048000,81.89,55.47
2025-12-28,VTR,0.53,5544046000.0,150.23,None,0.794,26.33,,None,120225000,120225000,,,,,,,,,82718000,329203000,None,115499000,115499000,1016592000,None,None,905628000,None,None,88002000,,1.89,0.0237,,,,2.016,0.021,224110000,312112000,0.1,2015-03-31,135.14,1127590000,2320469000.0,324719000,120900000,93527000,1300654000,1300654000,None,0,None,0,None,None,11603925000,None,22287579000,130583000,None,None,None,0.156,,100609000,100220000,397997000,77359000,None,None,None,,,,,1.737,3.025,6.75,,,,,,,,0.0429,,0,2025-10-29,quarterly,0.121,USD,post-market,None,-1660856000,0.0214,0.0216,0.218,12.53,23104000,12055849000,451924000,63322000,69.04,76.51,21.0,24439871000,1487172000,1545875000,13326907000,22952699000,11781032000,324719000,11039890000,150.23,-2385000,81.89,55.47
2025-12-28,VTR,0.53,5544046000.0,150.23,None,0.794,26.33,,None,55348000,55348000,,,,,,,,,74656000,329203000,None,115499000,115499000,1005232000,None,10844351000,954610000,None,None,88002000,,1.89,0.0237,,,,2.016,0.021,224110000,312112000,0.1,2014-12-31,135.14,472052000,2320469000.0,324719000,120900000,93527000,1039651000,1039651000,None,0,None,1,None,None,10888092000,None,19907187000,130583000,None,None,None,0.156,,100609000,100220000,282234000,62097000,None,None,None,,,,,1.737,3.025,6.75,,,,,,,,0.0429,,16316650000,2025-10-29,quarterly,0.121,USD,post-market,None,-1526388000,0.0214,0.0216,0.218,12.53,23104000,11807191000,919099000,63115000,69.04,76.51,21.0,21226171000,1355307000,1986428000,12471774000,19870864000,10485346000,324719000,8680184000,150.23,-511000,81.89,55.47
2025-12-28,VTR,0.53,5544046000.0,150.23,None,0.794,26.33,,None,64595000,64595000,,,,,,,,,73603000,296495000,None,115499000,115499000,965240000,None,None,524017000,None,None,88002000,,1.89,0.0237,,,,2.016,0.021,224110000,312112000,0.1,2014-09-30,135.14,463458000,2320469000.0,324719000,120900000,93527000,1039949000,1039949000,None,0,None,0,None,None,10469106000,None,19421537000,130583000,None,None,None,0.156,,100609000,100220000,279096000,69112000,None,None,None,,,,,1.737,3.025,6.75,,,,,,,,0.0429,,0,2025-10-29,quarterly,0.121,USD,post-market,None,-1398378000,0.0214,0.0216,0.218,12.53,23104000,10694465000,225359000,62603000,69.04,76.51,21.0,20651165000,930311000,1259711000,12027992000,19720854000,10768281000,324719000,8548796000,150.23,-2075000,81.89,55.47
2025-12-28,VTR,0.53,5544046000.0,150.23,None,0.794,26.33,,None,86635000,86635000,,,,,,,,,73602000,296504000,None,115499000,115499000,975282000,None,None,519951000,None,None,88002000,,1.89,0.0237,,,,2.016,0.021,224110000,312112000,0.1,2014-06-30,135.14,472756000,2320469000.0,324719000,120900000,93527000,1009474000,1009474000,None,0,None,-155340000,None,None,9602439000,None,18389744000,130583000,None,None,None,0.156,,100609000,100220000,366099000,56722000,None,None,None,,,,,1.737,3.025,6.75,,,,,,,,0.0429,,0,2025-10-29,quarterly,0.121,USD,post-market,None,-1294048000,0.0214,0.0216,0.218,12.53,23104000,9781812000,179373000,60962000,69.04,76.51,21.0,19790786000,1033647000,1211377000,11060127000,18757139000,9848750000,324719000,8655110000,150.23,0,81.89,55.47
2025-12-28,VTR,0.53,5544046000.0,150.23,None,0.794,26.33,,None,59791000,59791000,,,,,,,,,73599000,296245000,None,115499000,115499000,938098000,None,None,376074000,None,None,88002000,,1.89,0.0237,,,,2.016,0.021,224110000,312112000,0.1,2014-03-31,135.14,474635000,2320469000.0,324719000,120900000,93527000,1014711000,1014711000,None,0,None,-123515000,None,None,9481051000,None,None,130583000,None,None,None,0.156,,100609000,100220000,199625000,61083000,None,None,None,,,,,1.737,3.025,6.75,,,,,,,,0.0429,,0,2025-10-29,quarterly,0.121,USD,post-market,None,-1218967000,0.0214,0.0216,0.218,12.53,23104000,9481051000,559299000,76110000,69.04,76.51,21.0,19702768000,511975000,999181000,10892846000,19190793000,9893665000,324719000,8731667000,150.23,-162000,81.89,55.47
2025-12-28,VTR,0.53,5544046000.0,150.23,None,0.794,26.33,,None,94816000,94816000,,,,,,,,,74488000,296047000,None,115499000,115499000,1001515000,None,None,376229000,None,None,88002000,,1.89,0.0237,,,,2.016,0.021,224110000,312112000,0.1,2013-12-31,135.14,476483000,2320469000.0,324719000,120900000,93527000,1010181000,1010181000,None,0,None,-155340000,None,None,9364992000,None,18543471000,130583000,None,None,None,0.156,,100609000,100220000,239997000,54349000,None,None,None,,,,,1.737,3.025,6.75,,,,,,,,0.0429,,0,2025-10-29,quarterly,0.121,USD,post-market,None,-1126541000,0.0214,0.0216,0.218,12.53,23104000,9741335000,376343000,21454000,69.04,76.51,21.0,19731494000,555702000,1055864000,10827683000,19175792000,9771819000,324719000,8824281000,150.23,-221917000,81.89,55.47
2025-12-28,VTR,0.53,5544046000.0,150.23,None,0.794,26.33,,None,54672000,54672000,,,,,,,,,74345000,295190000,None,115499000,115499000,1019166000,None,None,542377000,None,None,88002000,,1.89,0.0237,,,,2.016,0.021,224110000,312112000,0.1,2013-09-30,135.14,477983000,2320469000.0,324719000,120900000,93527000,1012163000,1012163000,None,0,None,1,None,None,9413318000,None,18667363000,130583000,None,None,None,0.156,,100609000,100220000,233298000,62176000,None,None,None,,,,,1.737,3.025,6.75,,,,,,,,0.0429,,0,2025-10-29,quarterly,0.121,USD,post-market,None,-1021628000,0.0214,0.0216,0.218,12.53,23104000,9861288000,447970000,98200000,69.04,76.51,21.0,19879358000,830347000,1529312000,10914950000,19049011000,9385638000,324719000,8885092000,150.23,-221203000,81.89,55.47
2025-12-28,VTR,0.53,5544046000.0,150.23,None,0.794,26.33,,None,62421000,62421000,,,,,,,,,74248000,295123000,None,115499000,115499000,887314000,None,None,605116000,None,None,88002000,,1.89,0.0237,,,,2.016,0.021,224110000,312112000,0.1,2013-06-30,135.14,479356000,2320469000.0,324719000,120900000,93527000,990548000,990548000,None,0,None,0,None,None,8420073000,None,17699444000,130583000,None,None,None,0.156,,100609000,100220000,207685000,50860000,None,None,None,,,,,1.737,3.025,6.75,,,,,,,,0.0429,,0,2025-10-29,quarterly,0.121,USD,post-market,None,-943384000,0.0214,0.0216,0.218,12.53,23104000,8679689000,259616000,94492000,69.04,76.51,21.0,18796582000,875222000,1197790000,9790055000,17921360000,8592265000,324719000,8925582000,150.23,-221129000,81.89,55.47
2025-12-28,VTR,0.53,5544046000.0,150.23,None,0.794,26.33,,None,57690000,57690000,,,,,,,,,73969000,293924000,None,115499000,115499000,910692000,None,None,618319000,None,None,88002000,,1.89,0.0237,,,,2.016,0.021,224110000,312112000,0.1,2013-03-31,135.14,481038000,2320469000.0,324719000,120900000,93527000,984023000,984023000,None,0,None,1,None,None,8295908000,None,17580101000,130583000,None,None,None,0.156,,100609000,100220000,221909000,58086000,None,None,None,,,,,1.737,3.025,6.75,,,,,,,,0.0429,,0,2025-10-29,quarterly,0.121,USD,post-market,None,-861434000,0.0214,0.0216,0.218,12.53,23104000,8460642000,164734000,99225000,69.04,76.51,21.0,18706921000,897918000,1133512000,9720110000,17809003000,8586598000,324719000,8915348000,150.23,-223709000,81.89,55.47
2025-12-28,VTR,0.53,5544046000.0,150.23,None,0.794,26.33,,None,67908000,67908000,,,,,,,,,73904000,297089000,None,115499000,115499000,995156000,None,None,635002000,None,None,88002000,,1.89,0.0237,,,,2.016,0.021,224110000,312112000,0.1,2012-12-31,135.14,515429000,2320469000.0,324719000,120900000,93527000,981704000,981704000,None,0,None,-111556000,None,None,8413646000,None,17841943000,130583000,None,None,None,0.156,,100609000,100220000,217469000,47565000,None,None,None,,,,,1.737,3.025,6.75,,,,,,,,0.0429,,0,2025-10-29,quarterly,0.121,USD,post-market,None,-777927000,0.0214,0.0216,0.218,12.53,23104000,8954373000,540727000,5400000,69.04,76.51,21.0,18980000000,808823000,1042721000,9890637000,18171177000,8847916000,324719000,9019128000,150.23,-221165000,81.89,55.47
2025-12-28,VTR,0.53,5544046000.0,150.23,None,0.794,26.33,,None,58530000,58530000,,,,,,,,,73896000,297407000,None,115499000,115499000,1049043000,None,None,215775000,None,None,88002000,,1.89,0.0237,,,,2.016,0.021,224110000,312112000,0.1,2012-09-30,135.14,492523000,2320469000.0,324719000,120900000,93527000,965500000,965500000,None,0,None,-215775000,None,None,7494774000,None,None,130583000,None,None,None,0.156,,100609000,100220000,76908000,321442000,None,None,None,,,,,1.737,3.025,6.75,,,,,,,,0.0429,,0,2025-10-29,quarterly,0.121,USD,post-market,None,-680888000,0.0214,0.0216,0.218,12.53,23104000,7494774000,None,76908000,69.04,76.51,21.0,18440899000,135438000,1370485000,8979167000,18305461000,7608682000,324719000,9357664000,150.23,0,81.89,55.47
2025-12-28,VTR,0.53,5544046000.0,150.23,None,0.794,26.33,,None,52803000,52803000,,,,,,,,,73855000,292592000,None,115499000,115499000,1059385000,None,None,213193000,None,None,88002000,,1.89,0.0237,,,,2.016,0.021,224110000,312112000,0.1,2012-06-30,135.14,493298000,2320469000.0,324719000,120900000,93527000,920116000,920116000,None,0,None,-213193000,None,None,7204727000,None,None,130583000,None,None,None,0.156,,100609000,100220000,114883000,318908000,None,None,None,,,,,1.737,3.025,6.75,,,,,,,,0.0429,,0,2025-10-29,quarterly,0.121,USD,post-market,None,-609487000,0.0214,0.0216,0.218,12.53,23104000,7204727000,None,114883000,69.04,76.51,21.0,18222261000,167686000,1378293000,8583020000,18054575000,7204727000,324719000,9418611000,150.23,0,81.89,55.47
2025-12-28,VTR,0.53,5544046000.0,150.23,None,0.794,26.33,,None,53224000,53224000,,,,,,,,,72273000,290813000,None,115499000,115499000,1060647000,None,None,222218000,None,None,88002000,,1.89,0.0237,,,,2.016,0.021,224110000,312112000,0.1,2012-03-31,135.14,448053000,2320469000.0,324719000,120900000,93527000,799136000,799136000,None,0,None,-222218000,None,None,6430364000,None,None,130583000,None,None,None,0.156,,100609000,100220000,114420000,329449000,None,None,None,,,,,1.737,3.025,6.75,,,,,,,,0.0429,,0,2025-10-29,quarterly,0.121,USD,post-market,None,-500808000,0.0214,0.0216,0.218,12.53,23104000,6430364000,None,114420000,69.04,76.51,21.0,17188959000,167644000,1390096000,7820460000,17021315000,6430364000,324719000,9186735000,150.23,-536000,81.89,55.47
2025-12-28,VTR,0.53,5544046000.0,150.23,None,0.794,26.33,,None,45807000,45807000,,,,,,,,,72240000,290813000,None,115499000,115499000,1085597000,None,None,309460000,None,None,88002000,,1.89,0.0237,,,,2.016,0.021,224110000,312112000,0.1,2011-12-31,135.14,462655000,2320469000.0,324719000,120900000,93527000,800858000,800858000,None,0,None,-309460000,None,None,6109799000,None,None,130583000,None,None,None,0.156,,100609000,100220000,195880000,37694000,None,None,None,,,,,1.737,3.025,6.75,,,,,,,,0.0429,,0,2025-10-29,quarterly,0.121,USD,post-market,None,-412181000,0.0214,0.0216,0.218,12.53,23104000,6429116000,455578000,43331000,69.04,76.51,21.0,17271910000,594478000,1578869000,7915966000,16677432000,6337097000,324719000,9274957000,150.23,-747000,81.89,55.47
2025-12-28,VTR,0.53,5544046000.0,150.23,None,0.794,26.33,,None,57482000,57482000,,,,,,,,,72025000,290794000,None,115499000,115499000,1128706000,None,None,302264000,None,None,88002000,,1.89,0.0237,,,,2.016,0.021,224110000,312112000,0.1,2011-09-30,135.14,288196000,2320469000.0,324719000,120900000,93527000,821613000,821613000,None,0,None,-302264000,None,None,6313141000,None,16417628000,130583000,None,None,None,0.156,,100609000,100220000,84783000,65985000,None,None,None,,,,,1.737,3.025,6.75,,,,,,,,0.0429,,0,2025-10-29,quarterly,0.121,USD,post-market,None,-439015000,0.0214,0.0216,0.218,12.53,23104000,6313141000,None,84783000,69.04,76.51,21.0,17205770000,142265000,1469543000,7782684000,17063505000,6313141000,324719000,9245762000,150.23,-1980000,81.89,55.47
2025-12-28,VTR,0.53,5544046000.0,150.23,None,0.794,26.33,,None,47513000,47513000,,,,,,,,,12671000,177945000,None,115499000,115499000,401151000,None,None,9595000,None,None,88002000,,1.89,0.0237,,,,2.016,0.021,224110000,312112000,0.1,2011-06-30,135.14,150293000,2320469000.0,324719000,120900000,93527000,150293000,150293000,None,0,None,-51550000,None,None,5007080000,None,9230185000,130583000,None,None,None,0.156,,100609000,100220000,54666000,-104193000,None,None,None,,,,,1.737,3.025,6.75,,,,,,,,0.0429,,0,2025-10-29,quarterly,0.121,USD,post-market,None,-2236960000,0.0214,0.0216,0.218,12.53,23104000,5417499000,410419000,64261000,69.04,76.51,21.0,4605030000,60224000,572576000,2360214000,4544806000,1787638000,324719000,2213556000,150.23,0,81.89,55.47
2025-12-28,VTR,0.53,5544046000.0,150.23,None,0.794,26.33,,None,41899000,41899000,,,,,,,,,40818000,162023000,None,115499000,115499000,203594000,None,None,130608000,None,None,88002000,,1.89,0.0237,,,,2.016,0.021,224110000,312112000,0.1,2011-03-31,135.14,0,2320469000.0,324719000,120900000,93527000,147381000,147381000,None,0,None,-130608000,None,None,2571368000,None,5389043000,130583000,None,None,None,0.156,,100609000,100220000,35399000,272689000,None,None,None,,,,,1.737,3.025,6.75,,,,,,,,0.0429,,0,2025-10-29,quarterly,0.121,USD,post-market,None,-300382000,0.0214,0.0216,0.218,12.53,23104000,2571368000,None,35399000,69.04,76.51,21.0,5694098000,77298000,476283000,3047651000,5616800000,2571368000,324719000,2643404000,150.23,-8000,81.89,55.47
2025-12-28,VTR,0.53,5544046000.0,150.23,None,0.794,26.33,,None,21812000,21812000,,,,,,,,,39391000,162023000,None,115499000,115499000,207143000,None,None,149263000,None,None,88002000,,1.89,0.0237,,,,2.016,0.021,224110000,312112000,0.1,2010-12-31,135.14,None,2320469000.0,324719000,120900000,93527000,146813000,146813000,None,0,None,-149263000,None,None,2900044000,None,5444114000,130583000,None,None,None,0.156,,100609000,100220000,38940000,260629000,None,None,None,,,,,1.737,3.025,6.75,,,,,,,,0.0429,,None,2025-10-29,quarterly,0.121,USD,post-market,None,-255628000,0.0214,0.0216,0.218,12.53,23104000,2900044000,None,38940000,69.04,76.51,21.0,5758021000,60752000,467772000,3367816000,5697269000,2900044000,324719000,2386726000,150.23,-748000,81.89,55.47
2025-12-28,VTR,0.53,5544046000.0,150.23,None,0.794,26.33,,None,33790000,33790000,,,,,,,,,39346000,157941000,None,115499000,115499000,202985000,None,None,164829000,None,None,88002000,,1.89,0.0237,,,,2.016,0.021,224110000,312112000,0.1,2010-09-30,135.14,0,2320469000.0,324719000,120900000,93527000,143356000,143356000,None,0,None,-164829000,None,None,2895547000,None,None,130583000,None,None,None,0.156,,100609000,100220000,41985000,286099000,None,None,None,,,,,1.737,3.025,6.75,,,,,,,,0.0429,,0,2025-10-29,quarterly,0.121,USD,post-market,None,-249047000,0.0214,0.0216,0.218,12.53,23104000,2895547000,None,41985000,69.04,76.51,21.0,5800817000,75775000,489084000,3384631000,5725042000,2895547000,324719000,2401482000,150.23,0,81.89,55.47
2025-12-28,VTR,0.53,5544046000.0,150.23,None,0.794,26.33,,None,27794000,27794000,,,,,,,,,39343000,157441000,None,115499000,115499000,181343000,None,None,140870000,None,None,88002000,,1.89,0.0237,,,,2.016,0.021,224110000,312112000,0.1,2010-06-30,135.14,0,2320469000.0,324719000,120900000,93527000,15211000,15211000,None,0,None,-72495000,None,None,2580849000,None,None,130583000,None,None,None,0.156,,100609000,100220000,274863000,268511000,None,None,None,,,,,1.737,3.025,6.75,,,,,,,,0.0429,,0,2025-10-29,quarterly,0.121,USD,post-market,None,-222853000,0.0214,0.0216,0.218,12.53,23104000,2580849000,None,43484000,69.04,76.51,21.0,5462117000,443527000,449854000,3030703000,5018590000,2580849000,324719000,2416408000,150.23,0,81.89,55.47
2025-12-28,VTR,0.53,5544046000.0,150.23,None,0.794,26.33,,None,132729000,132729000,,,,,,,,,39341000,156967000,None,115499000,115499000,183574000,None,None,147725000,None,None,88002000,,1.89,0.0237,,,,2.016,0.021,224110000,312112000,0.1,2010-03-31,135.14,0,2320469000.0,324719000,120900000,93527000,15800000,15800000,None,0,None,-78738000,None,None,2698171000,None,None,130583000,None,None,None,0.156,,100609000,100220000,281987000,288460000,None,None,None,,,,,1.737,3.025,6.75,,,,,,,,0.0429,,0,2025-10-29,quarterly,0.121,USD,post-market,None,-196972000,0.0214,0.0216,0.218,12.53,23104000,2698171000,None,41023000,69.04,76.51,21.0,5633825000,414716000,472034000,3170205000,5219109000,2698171000,324719000,2445633000,150.23,-467000,81.89,55.47
2025-12-28,VTR,0.53,5544046000.0,150.23,None,0.794,26.33,,None,107397000,107397000,,,,,,,,,39160000,156967000,None,115499000,115499000,190445000,None,None,131887000,None,None,88002000,,1.89,0.0237,,,,2.016,0.021,224110000,312112000,0.1,2009-12-31,135.14,0,2320469000.0,324719000,120900000,93527000,16700000,16700000,None,0,None,-131887000,None,None,2467119000,None,None,130583000,None,None,None,0.156,,100609000,100220000,39832000,267324000,None,None,None,,,,,1.737,3.025,6.75,,,,,,,,0.0429,,0,2025-10-29,quarterly,0.121,USD,post-market,None,-165710000,0.0214,0.0216,0.218,12.53,23104000,2670101000,None,39832000,69.04,76.51,21.0,5616245000,147229000,462084000,3132185000,5469016000,2670101000,324719000,2465511000,150.23,-647000,81.89,55.47
2025-12-28,VTR,0.53,5544046000.0,150.23,None,0.794,26.33,,None,70889000,70889000,,,,,,,,,39155000,156516000,None,115499000,115499000,175125000,None,None,125410000,None,None,88002000,,1.89,0.0237,,,,2.016,0.021,224110000,312112000,0.1,2009-09-30,135.14,0,2320469000.0,324719000,120900000,93527000,8700000,8700000,None,0,None,-125410000,None,None,2615142000,None,None,130583000,None,None,None,0.156,,100609000,100220000,96477000,35481000,None,None,None,,,,,1.737,3.025,6.75,,,,,,,,0.0429,,0,2025-10-29,quarterly,0.121,USD,post-market,None,-139478000,0.0214,0.0216,0.218,12.53,23104000,2615142000,4628000,96477000,69.04,76.51,21.0,5587310000,167366000,210606000,3084998000,5419944000,2874392000,324719000,2502312000,150.23,-2502312000,81.89,55.47
2025-12-28,VTR,0.53,5544046000.0,150.23,None,0.794,26.33,,None,46523000,46523000,,,,,,,,,39138000,154510000,None,115499000,115499000,164659000,None,None,125106000,None,None,88002000,,1.89,0.0237,,,,2.016,0.021,224110000,312112000,0.1,2009-06-30,135.14,0,2320469000.0,324719000,120900000,93527000,9000000,9000000,None,0,None,0,None,None,2616304000,None,None,130583000,None,None,None,0.156,,100609000,100220000,None,16952000,None,None,None,,,,,1.737,3.025,6.75,,,,,,,,0.0429,,0,2025-10-29,quarterly,0.121,USD,post-market,None,-109012000,0.0214,0.0216,0.218,12.53,23104000,2616304000,5305000,94470000,69.04,76.51,21.0,5570861000,46523000,181611000,3058395000,5524338000,2876784000,324719000,2494643000,150.23,-5000,81.89,55.47
2025-12-28,VTR,0.53,5544046000.0,150.23,None,0.794,26.33,,None,95806000,95806000,,,,,,,,,35867000,143145000,None,115499000,115499000,161775000,None,None,130076000,None,None,88002000,,1.89,0.0237,,,,2.016,0.021,224110000,312112000,0.1,2009-03-31,135.14,None,2320469000.0,324719000,120900000,93527000,9000000,9000000,None,0,None,None,None,None,2942401000,None,None,130583000,None,None,None,0.156,,100609000,100220000,None,42121000,None,None,None,,,,,1.737,3.025,6.75,,,,,,,,0.0429,,None,2025-10-29,quarterly,0.121,USD,post-market,None,-117124000,0.0214,0.0216,0.218,12.53,23104000,2942401000,None,38275000,69.04,76.51,21.0,5593846000,95806000,210203000,3408174000,5498040000,3197971000,324719000,2167808000,150.23,-53000,81.89,55.47
2025-12-28,VTR,0.53,5544046000.0,150.23,None,0.794,26.33,,None,176812000,176812000,,,,,,,,,35825000,143145000,None,115499000,115499000,168198000,None,None,123289000,None,None,88002000,,1.89,0.0237,,,,2.016,0.021,224110000,312112000,0.1,2008-12-31,135.14,None,2320469000.0,324719000,120900000,93527000,9000000,9000000,None,0,None,-123289000,None,None,2996777000,None,None,130583000,None,None,None,0.156,,100609000,100220000,55866000,21931000,None,None,None,,,,,1.737,3.025,6.75,,,,,,,,0.0429,,None,2025-10-29,quarterly,0.121,USD,post-market,None,-117806000,0.0214,0.0216,0.218,12.53,23104000,3136998000,None,55866000,69.04,76.51,21.0,5769984000,232678000,197186000,3591683000,5538740000,3394497000,324719000,2148468000,150.23,-457000,81.89,55.47
2025-12-28,VTR,0.53,5544046000.0,150.23,None,0.794,26.33,,None,115923000,115923000,,,,,,,,,35823000,141141000,None,115499000,115499000,152666000,None,None,113606000,None,None,88002000,,1.89,0.0237,,,,2.016,0.021,224110000,312112000,0.1,2008-09-30,135.14,None,2320469000.0,324719000,120900000,93527000,None,None,None,0,None,-113606000,None,None,3135350000,None,None,130583000,None,None,None,0.156,,100609000,100220000,43841000,46255000,None,None,None,,,,,1.737,3.025,6.75,,,,,,,,0.0429,,None,2025-10-29,quarterly,0.121,USD,post-market,None,-95414000,0.0214,0.0216,0.218,12.53,23104000,3135350000,None,43841000,69.04,76.51,21.0,5814848000,159764000,206485000,3598360000,5655084000,3391875000,324719000,2187587000,150.23,-2000,81.89,55.47
2025-12-28,VTR,0.53,5544046000.0,150.23,None,0.794,26.33,,None,29268000,29268000,,,,,,,,,34619000,138737000,None,115499000,115499000,142399000,None,None,118565000,None,None,88002000,,1.89,0.0237,,,,2.016,0.021,224110000,312112000,0.1,2008-06-30,135.14,None,2320469000.0,324719000,120900000,93527000,None,None,None,0,None,None,None,None,3251418000,None,None,130583000,None,None,None,0.156,,100609000,100220000,-29268000,341601000,None,None,None,,,,,1.737,3.025,6.75,,,,,,,,0.0429,,None,2025-10-29,quarterly,0.121,USD,post-market,None,-86610000,0.0214,0.0216,0.218,12.53,23104000,3251418000,8050000,40038000,69.04,76.51,21.0,5717061000,29268000,484000000,3704208000,282080000,3239000000,324719000,1981896000,150.23,-18000,81.89,55.47
2025-12-28,VTR,0.53,5544046000.0,150.23,None,0.794,26.33,,None,51347000,51347000,,,,,,,,,34592000,136673000,None,115499000,115499000,95638000,None,None,19945000,None,None,88002000,,1.89,0.0237,,,,2.016,0.021,224110000,312112000,0.1,2008-03-31,135.14,None,2320469000.0,324719000,120900000,93527000,None,None,None,0,None,None,None,None,3157111000,None,None,130583000,None,None,None,0.156,,100609000,100220000,-51347000,420362000,None,None,None,,,,,1.737,3.025,6.75,,,,,,,,0.0429,,None,2025-10-29,quarterly,0.121,USD,post-market,None,-86698000,0.0214,0.0216,0.218,12.53,23104000,3157111000,8700000,52621000,69.04,76.51,21.0,5651788000,51347000,516000000,3641098000,286153000,3144000000,324719000,1978374000,150.23,None,81.89,55.47
2025-12-28,VTR,0.53,5544046000.0,150.23,None,0.794,26.33,,None,28334000,28334000,,,,,,,,,33416000,136673000,None,115499000,115499000,173576000,None,None,2092000,None,None,88002000,,1.89,0.0237,,,,2.016,0.021,224110000,312112000,0.1,2007-12-31,135.14,None,2320469000.0,324719000,120900000,93527000,None,None,None,0,None,54077000,None,None,3167398000,None,None,130583000,None,None,None,0.156,,100609000,100220000,51985000,20790000,None,None,None,,,,,1.737,3.025,6.75,,,,,,,,0.0429,,None,2025-10-29,quarterly,0.121,USD,post-market,None,-47846000,0.0214,0.0216,0.218,12.53,23104000,3360499000,None,54077000,69.04,76.51,21.0,5716628000,82411000,203431000,3861520000,5634217000,3658089000,324719000,1823654000,150.23,-626000,81.89,55.47
2025-12-28,VTR,0.53,5544046000.0,150.23,None,0.794,26.33,,None,28573000,28573000,,,,,,,,,33371000,133503000,None,115499000,115499000,106001000,None,None,35556000,None,None,88002000,,1.89,0.0237,,,,2.016,0.021,224110000,312112000,0.1,2007-09-30,135.14,None,2320469000.0,324719000,120900000,93527000,None,None,None,0,None,None,None,None,3267705000,None,None,130583000,None,None,None,0.156,,100609000,100220000,-28573000,443999000,None,None,None,,,,,1.737,3.025,6.75,,,,,,,,0.0429,,None,2025-10-29,quarterly,0.121,USD,post-market,None,-13761000,0.0214,0.0216,0.218,12.53,23104000,3267705000,9665000,89807000,69.04,76.51,21.0,5661620000,28573000,550000000,3790862000,313987000,3268000000,324719000,1843977000,150.23,-94000,81.89,55.47
2025-12-28,VTR,0.53,5544046000.0,150.23,None,0.794,26.33,,None,30138000,30138000,,,,,,,,,33350000,117825000,None,115499000,115499000,119336000,None,None,34792000,None,None,88002000,,1.89,0.0237,,,,2.016,0.021,224110000,312112000,0.1,2007-06-30,135.14,None,2320469000.0,324719000,120900000,93527000,None,None,None,0,None,None,None,None,3284642000,None,None,130583000,None,None,None,0.156,,100609000,100220000,-30138000,387664000,None,None,None,,,,,1.737,3.025,6.75,,,,,,,,0.0429,,None,2025-10-29,quarterly,0.121,USD,post-market,None,21636000,0.0214,0.0216,0.218,12.53,23104000,3284642000,10219000,99058000,69.04,76.51,21.0,5671453000,30138000,507000000,3765726000,309215000,3285000000,324719000,1879105000,150.23,None,81.89,55.47
2025-12-28,VTR,0.53,5544046000.0,150.23,None,0.794,26.33,,None,None,None,,,,,,,,,26587000,106775000,None,115499000,115499000,123138000,None,None,35554000,None,None,88002000,,1.89,0.0237,,,,2.016,0.021,224110000,312112000,0.1,2007-03-31,135.14,None,2320469000.0,324719000,120900000,93527000,None,None,None,0,None,None,None,None,2370418000,None,None,130583000,None,None,None,0.156,,100609000,100220000,80039000,83862000,None,None,None,,,,,1.737,3.025,6.75,,,,,,,,0.0429,,None,2025-10-29,quarterly,0.121,USD,post-market,None,-89591000,0.0214,0.0216,0.218,12.53,23104000,2370418000,7607000,80039000,69.04,76.51,21.0,3286167000,80039000,207000000,2577253000,30394000,2370000000,324719000,708914000,150.23,None,81.89,55.47
2025-12-28,VTR,0.53,5544046000.0,150.23,None,0.794,26.33,,None,1246000,1246000,,,,,,,,,26545000,106775000,None,115499000,115499000,72456000,None,None,2466000,None,None,88002000,,1.89,0.0237,,,,2.016,0.021,224110000,312112000,0.1,2006-12-31,135.14,None,2320469000.0,324719000,120900000,93527000,None,None,None,0,None,None,None,None,2198847000,None,None,130583000,None,None,None,0.156,,100609000,100220000,235155000,142544000,None,None,None,,,,,1.737,3.025,6.75,,,,,,,,0.0429,,None,2025-10-29,quarterly,0.121,USD,post-market,None,-84176000,0.0214,0.0216,0.218,12.53,23104000,2329053000,8194000,80039000,69.04,76.51,21.0,3253800000,238867000,215000000,2543924000,30394000,2329000000,324719000,709876000,150.23,None,81.89,55.47
2025-12-28,VTR,0.53,5544046000.0,150.23,None,0.794,26.33,,None,2000000,2000000,,,,,,,,,26036000,104568000,None,115499000,115499000,82978000,None,None,192578000,None,None,88002000,,1.89,0.0237,,,,2.016,0.021,224110000,312112000,0.1,2006-09-30,135.14,None,2320469000.0,324719000,120900000,93527000,None,None,None,0,None,-192578000,None,None,2007128000,None,None,130583000,None,None,None,0.156,,100609000,100220000,-65000,158000000,None,None,None,,,,,1.737,3.025,6.75,,,,,,,,0.0429,,None,2025-10-29,quarterly,0.121,USD,post-market,None,-83024000,0.0214,0.0216,0.218,12.53,23104000,2007128000,None,None,69.04,76.51,21.0,2808415000,1935000,158000000,2164740000,30394000,2007000000,324719000,643675000,150.23,None,81.89,55.47
2025-12-28,VTR,0.53,5544046000.0,150.23,None,0.794,26.33,,None,1932000,1932000,,,,,,,,,26004000,104374000,None,115499000,115499000,73838000,None,None,35800000,None,None,88002000,,1.89,0.0237,,,,2.016,0.021,224110000,312112000,0.1,2006-06-30,135.14,None,2320469000.0,324719000,120900000,93527000,None,None,None,0,None,None,None,None,1882909000,None,None,130583000,None,None,None,0.156,,100609000,100220000,-1932000,-9374000,None,None,None,,,,,1.737,3.025,6.75,,,,,,,,0.0429,,None,2025-10-29,quarterly,0.121,USD,post-market,None,-74124000,0.0214,0.0216,0.218,12.53,23104000,1882909000,None,None,69.04,76.51,21.0,2660972000,1932000,128000000,2010976000,30394000,1883000000,324719000,649996000,150.23,None,81.89,55.47
2025-12-28,VTR,0.53,5544046000.0,150.23,None,0.794,26.33,,None,1466000,1466000,,,,,,,,,25974000,104300000,None,115499000,115499000,72726000,None,None,35870000,None,None,88002000,,1.89,0.0237,,,,2.016,0.021,224110000,312112000,0.1,2006-03-31,135.14,None,2320469000.0,324719000,120900000,93527000,None,None,None,0,None,None,None,None,1854551000,None,None,130583000,None,None,None,0.156,,100609000,100220000,-1466000,75274000,None,None,None,,,,,1.737,3.025,6.75,,,,,,,,0.0429,,None,2025-10-29,quarterly,0.121,USD,post-market,None,-62308000,0.0214,0.0216,0.218,12.53,23104000,1854551000,9953000,None,69.04,76.51,21.0,2661604000,1466000,148000000,2002837000,30394000,1855000000,324719000,658767000,150.23,-115000,81.89,55.47
2025-12-28,VTR,0.53,5544046000.0,150.23,None,0.794,26.33,,None,1641000,1641000,,,,,,,,,25927000,104300000,None,115499000,115499000,60542000,None,None,2841000,None,None,88002000,,1.89,0.0237,,,,2.016,0.021,224110000,312112000,0.1,2005-12-31,135.14,None,2320469000.0,324719000,120900000,93527000,None,None,None,0,None,None,None,None,1786890000,None,None,130583000,None,None,None,0.156,,100609000,100220000,219282000,108458000,None,None,None,,,,,1.737,3.025,6.75,,,,,,,,0.0429,,None,2025-10-29,quarterly,0.121,USD,post-market,None,-50402000,0.0214,0.0216,0.218,12.53,23104000,1802564000,10540000,59667000,69.04,76.51,21.0,2639118000,223764000,169000000,1971799000,30394000,1803000000,324719000,667319000,150.23,None,81.89,55.47
2025-12-28,VTR,0.53,5544046000.0,150.23,None,0.794,26.33,,None,5764000,5764000,,,,,,,,,25890000,103880000,None,115499000,115499000,77316000,None,None,52588000,None,None,88002000,,1.89,0.0237,,,,2.016,0.021,224110000,312112000,0.1,2005-09-30,135.14,None,2320469000.0,324719000,120900000,93527000,None,None,None,0,None,None,None,None,1811319000,None,None,130583000,None,None,None,0.156,,100609000,100220000,-5764000,115684000,None,None,None,,,,,1.737,3.025,6.75,,,,,,,,0.0429,,None,2025-10-29,quarterly,0.121,USD,post-market,None,-60280000,0.0214,0.0216,0.218,12.53,23104000,1811319000,11126000,None,69.04,76.51,21.0,2658130000,5764000,193000000,2004019000,30394000,1811000000,324719000,654111000,150.23,-2216000,81.89,55.47
2025-12-28,VTR,0.53,5544046000.0,150.23,None,0.794,26.33,,218003000,897850000,897850000,,,,,,,,,109119000,416366000,None,115499000,115499000,1152306000,None,6397000,375676000,None,None,88002000,,1.89,0.0237,,,,2.016,0.021,224110000,312112000,0.1,2024-12-31,135.14,1044915000,2320469000.0,324719000,120900000,93527000,11513000,11513000,None,0,None,None,None,None,13516154000,None,721745000,130583000,None,None,None,0.156,,100609000,100220000,78008000,146071000,None,None,None,,,,,1.737,3.025,6.75,,,,,,,,0.0429,,22600545000,2025-10-29,annual,0.121,USD,post-market,None,-6886653000,0.0214,0.0216,0.218,12.53,23104000,13740554000,6397000,None,69.04,76.51,21.0,26186906000,1351534000,1304774000,15357310000,24835372000,14052536000,324719000,10771267000,150.23,None,81.89,55.47
2025-12-28,VTR,0.53,5544046000.0,150.23,None,0.794,26.33,,194734000,508794000,508794000,,,,,,,,,100648000,405670000,None,115499000,115499000,1041616000,None,14006000,248246000,None,None,88002000,,1.89,0.0237,,,,2.016,0.021,224110000,312112000,0.1,2023-12-31,135.14,1045176000,2320469000.0,324719000,120900000,93527000,5584000,5584000,None,0,None,None,None,None,13476890000,None,678518000,130583000,None,None,None,0.156,,100609000,100220000,111157000,126646000,None,None,None,,,,,1.737,3.025,6.75,,,,,,,,0.0429,,21748950000,2025-10-29,annual,0.121,USD,post-market,None,-6213803000,0.0214,0.0216,0.218,12.53,23104000,13685630000,14006000,79063000,69.04,76.51,21.0,24725433000,868197000,1182268000,15181028000,23857236000,13998760000,324719000,9488058000,150.23,None,81.89,55.47
2025-12-28,VTR,0.53,5544046000.0,150.23,None,0.794,26.33,,190440000,122564000,122564000,,,,,,,,,99912000,373368000,None,115499000,115499000,1031689000,None,428230000,748949000,None,None,88002000,,1.89,0.0237,,,,2.016,0.021,224110000,312112000,0.1,2022-12-31,135.14,1044415000,2320469000.0,324719000,120900000,93527000,6393000,6393000,None,0,None,451355000,None,None,12296780000,None,22277474000,130583000,None,None,None,0.156,,100609000,100220000,93074000,117034000,None,12493712000,None,,,,,1.737,3.025,6.75,,,,,,,,0.0429,,21160450000,2025-10-29,annual,0.121,USD,post-market,None,-5449385000,0.0214,0.0216,0.218,12.53,23104000,12487220000,428230000,537075000,69.04,76.51,21.0,24157840000,964587000,1576953000,13936163000,23193253000,12359210000,324719000,10152968000,150.23,-536000,81.89,55.47
2025-12-28,VTR,0.53,5544046000.0,150.23,None,0.794,26.33,,197234000,149725000,149725000,,,,,,,,,99838000,386304000,None,115499000,115499000,1090254000,None,336448000,530126000,None,None,88002000,,1.89,0.0237,,,,2.016,0.021,224110000,312112000,0.1,2021-12-31,135.14,1046140000,2320469000.0,324719000,120900000,93527000,1369747000,1369747000,None,0,None,448745000,None,None,12027544000,None,22870429000,130583000,None,None,None,0.156,,100609000,100220000,-373474000,10850000,None,12235628000,None,,,,,1.737,3.025,6.75,,,,,,,,0.0429,,20447091000,2025-10-29,annual,0.121,USD,post-market,None,-4679889000,0.0214,0.0216,0.218,12.53,23104000,12363992000,336448000,530126000,69.04,76.51,21.0,24717786000,755122000,1207706000,13772026000,23962664000,12564320000,324719000,10854385000,150.23,None,81.89,55.47
2025-12-28,VTR,0.53,5544046000.0,150.23,None,0.794,26.33,,209917000,413327000,413327000,,,,,,,,,93635000,376503000,None,115499000,115499000,1133066000,None,193493000,832355000,None,None,88002000,,1.89,0.0237,,,,2.016,0.021,224110000,312112000,0.1,2020-12-31,135.14,1051650000,2320469000.0,324719000,120900000,93527000,4659000,4659000,None,0,None,1,None,None,11895412000,None,21599290000,130583000,None,None,None,0.156,,100609000,100220000,47921000,114690000,None,12108575000,None,,,,,1.737,3.025,6.75,,,,,,,,0.0429,,20550035000,2025-10-29,annual,0.121,USD,post-market,None,-4030376000,0.0214,0.0216,0.218,12.53,23104000,12105329000,193493000,237553000,69.04,76.51,21.0,23929404000,1531156000,1441249000,13651213000,22398248000,12209964000,324719000,10180167000,150.23,None,81.89,55.47
2025-12-28,VTR,0.53,5544046000.0,150.23,None,0.794,26.33,,251196000,106363000,106363000,,,,,,,,,93185000,369886000,None,115499000,115499000,1145700000,None,848729000,704612000,None,None,88002000,,1.89,0.0237,,,,2.016,0.021,224110000,312112000,0.1,2019-12-31,135.14,1051161000,2320469000.0,324719000,120900000,93527000,1306152000,1306152000,None,0,None,556107000,None,None,12158773000,None,45022000,130583000,None,None,None,0.156,,100609000,100220000,-424935000,5463000,None,256659000,None,,,,,1.737,3.025,6.75,,,,,,,,0.0429,,27125723000,2025-10-29,annual,0.121,USD,post-market,None,-3669050000,0.0214,0.0216,0.218,12.53,23104000,13007502000,848729000,237360000,69.04,76.51,21.0,24692208000,942147000,1262278000,14146756000,23750061000,12884478000,324719000,10445892000,150.23,-132000,81.89,55.47
2025-12-28,VTR,0.53,5544046000.0,150.23,None,0.794,26.33,,None,72277000,72277000,,,,,,,,,89125000,359301000,None,115499000,115499000,1086030000,None,856407000,495869000,None,None,88002000,,1.89,0.0237,,,,2.016,0.021,224110000,312112000,0.1,2018-12-31,135.14,1050548000,2320469000.0,324719000,120900000,93527000,1502955000,1502955000,None,0,None,None,None,None,10733699000,None,20637904000,130583000,None,None,None,0.156,,100609000,100220000,64641000,205000,None,205000,None,,,,,1.737,3.025,6.75,,,,,,,,0.0429,,19481673000,2025-10-29,annual,0.121,USD,post-market,None,-2930214000,0.0214,0.0216,0.218,12.53,23104000,11590106000,856407000,56378000,69.04,76.51,21.0,22584555000,632787000,1185902000,12312961000,21951768000,11127059000,324719000,10215857000,150.23,None,81.89,55.47
2025-12-28,VTR,0.53,5544046000.0,150.23,None,0.794,26.33,,None,81355000,81355000,,,,,,,,,89029000,358566000,None,115499000,115499000,1182552000,None,11276062000,1619130000,None,None,88002000,,1.89,0.0237,,,,2.016,0.021,224110000,312112000,0.1,2017-12-31,135.14,1034641000,2320469000.0,324719000,120900000,93527000,1544491000,1544491000,None,0,None,0,None,None,11276062000,None,22058378000,130583000,None,None,None,0.156,,100609000,100220000,207222000,61202000,None,61202000,None,,,,,1.737,3.025,6.75,,,,,,,,0.0429,,19909562000,2025-10-29,annual,0.121,USD,post-market,None,-2240698000,0.0214,0.0216,0.218,12.53,23104000,11814762000,538700000,54665000,69.04,76.51,21.0,23954541000,1962372000,1876412000,13022356000,21992169000,11145944000,324719000,10866226000,150.23,-42000,81.89,55.47
2025-12-28,VTR,0.53,5544046000.0,150.23,None,0.794,26.33,,None,286707000,286707000,,,,,,,,,88514000,348390000,None,115499000,115499000,907928000,None,11127326000,702021000,None,None,88002000,,1.89,0.0237,,,,2.016,0.021,224110000,312112000,0.1,2016-12-31,135.14,1033225000,2320469000.0,324719000,120900000,93527000,1510629000,1510629000,None,0,None,1,None,None,11127326000,None,21192696000,130583000,None,None,None,0.156,,100609000,100220000,135608000,1462000,None,1462000,None,,,,,1.737,3.025,6.75,,,,,,,,0.0429,,19626090000,2025-10-29,annual,0.121,USD,post-market,None,-2487695000,0.0214,0.0216,0.218,12.53,23104000,11273864000,146538000,55049000,69.04,76.51,21.0,23166600000,1124336000,993152000,12637847000,22042264000,11644695000,324719000,10460240000,150.23,-47000,81.89,55.47
2025-12-28,VTR,0.53,5544046000.0,150.23,None,0.794,26.33,,None,53023000,53023000,,,,,,,,,83579000,334007000,None,115499000,115499000,779380000,None,11206996000,1050423000,None,None,88002000,,1.89,0.0237,,,,2.016,0.021,224110000,312112000,0.1,2015-12-31,135.14,1047497000,2320469000.0,324719000,120900000,93527000,1357646000,1357646000,None,0,None,1,None,None,11206996000,None,20578039000,130583000,None,None,None,0.156,,100609000,100220000,170956000,34340000,None,34340000,None,,,,,1.737,3.025,6.75,,,,,,,,0.0429,,19625220000,2025-10-29,annual,0.121,USD,post-market,None,-2111958000,0.0214,0.0216,0.218,12.53,23104000,11387679000,180683000,63679000,69.04,76.51,21.0,22261918000,1338081000,1075267000,12636491000,20923837000,11561224000,324719000,9564327000,150.23,-2567000,81.89,55.47
2025-12-28,VTR,0.53,5544046000.0,150.23,None,0.794,26.33,,None,55348000,55348000,,,,,,,,,74656000,296677000,None,115499000,115499000,1005232000,None,10844351000,954610000,None,None,88002000,,1.89,0.0237,,,,2.016,0.021,224110000,312112000,0.1,2014-12-31,135.14,472052000,2320469000.0,324719000,120900000,93527000,1039651000,1039651000,None,0,None,1,None,None,10888092000,None,19907187000,130583000,None,None,None,0.156,,100609000,100220000,282234000,62097000,None,None,None,,,,,1.737,3.025,6.75,,,,,,,,0.0429,,16316650000,2025-10-29,annual,0.121,USD,post-market,None,-1526388000,0.0214,0.0216,0.218,12.53,23104000,11807191000,919099000,63115000,69.04,76.51,21.0,21226171000,1355307000,1986428000,12471774000,19870864000,10485346000,324719000,8680184000,150.23,-511000,81.89,55.47
2025-12-28,VTR,0.53,5544046000.0,150.23,None,0.794,26.33,,None,94816000,94816000,,,,,,,,,74488000,295110000,None,115499000,115499000,1001515000,None,None,376229000,None,None,88002000,,1.89,0.0237,,,,2.016,0.021,224110000,312112000,0.1,2013-12-31,135.14,476483000,2320469000.0,324719000,120900000,93527000,1010181000,1010181000,None,0,None,-155340000,None,None,9364992000,None,18543471000,130583000,None,None,None,0.156,,100609000,100220000,239997000,54349000,None,None,None,,,,,1.737,3.025,6.75,,,,,,,,0.0429,,0,2025-10-29,annual,0.121,USD,post-market,None,-1126541000,0.0214,0.0216,0.218,12.53,23104000,9741335000,376343000,84657000,69.04,76.51,21.0,19731494000,555702000,1055864000,10827683000,19175792000,9771819000,324719000,8824281000,150.23,-221917000,81.89,55.47
2025-12-28,VTR,0.53,5544046000.0,150.23,None,0.794,26.33,,None,67908000,67908000,,,,,,,,,73904000,294488000,None,115499000,115499000,995156000,None,None,635002000,None,None,88002000,,1.89,0.0237,,,,2.016,0.021,224110000,312112000,0.1,2012-12-31,135.14,515429000,2320469000.0,324719000,120900000,93527000,981704000,981704000,None,0,None,-111556000,None,None,8413646000,None,17841943000,130583000,None,None,None,0.156,,100609000,100220000,217469000,47565000,None,None,None,,,,,1.737,3.025,6.75,,,,,,,,0.0429,,0,2025-10-29,annual,0.121,USD,post-market,None,-777927000,0.0214,0.0216,0.218,12.53,23104000,8954373000,540727000,5400000,69.04,76.51,21.0,18980000000,808823000,1042721000,9890637000,18171177000,8847916000,324719000,9019128000,150.23,-221165000,81.89,55.47
2025-12-28,VTR,0.53,5544046000.0,150.23,None,0.794,26.33,,None,45807000,45807000,,,,,,,,,72240000,230790000,None,115499000,115499000,1085597000,None,None,309460000,None,None,88002000,,1.89,0.0237,,,,2.016,0.021,224110000,312112000,0.1,2011-12-31,135.14,448393000,2320469000.0,324719000,120900000,93527000,800858000,800858000,None,0,None,0,None,None,6109799000,None,None,130583000,None,None,None,0.156,,100609000,100220000,195880000,37694000,None,None,None,,,,,1.737,3.025,6.75,,,,,,,,0.0429,,0,2025-10-29,annual,0.121,USD,post-market,None,-412181000,0.0214,0.0216,0.218,12.53,23104000,6429116000,455578000,43331000,69.04,76.51,21.0,17271910000,594478000,1578869000,7915966000,16677432000,6337097000,324719000,9274957000,150.23,-747000,81.89,55.47
2025-12-28,VTR,0.53,5544046000.0,150.23,None,0.794,26.33,,None,21812000,21812000,,,,,,,,,39391000,157657000,None,115499000,115499000,207143000,None,None,149263000,None,None,88002000,,1.89,0.0237,,,,2.016,0.021,224110000,312112000,0.1,2010-12-31,135.14,None,2320469000.0,324719000,120900000,93527000,146813000,146813000,None,0,None,-149263000,None,None,2900044000,None,5444114000,130583000,None,None,None,0.156,,100609000,100220000,38940000,260629000,None,None,None,,,,,1.737,3.025,6.75,,,,,,,,0.0429,,None,2025-10-29,annual,0.121,USD,post-market,None,-255628000,0.0214,0.0216,0.218,12.53,23104000,2900044000,None,38940000,69.04,76.51,21.0,5758021000,60752000,467772000,3367816000,5697269000,2900044000,324719000,2386726000,150.23,-748000,81.89,55.47
2025-12-28,VTR,0.53,5544046000.0,150.23,None,0.794,26.33,,None,107397000,107397000,,,,,,,,,39160000,152758000,None,115499000,115499000,190445000,None,None,131887000,None,None,88002000,,1.89,0.0237,,,,2.016,0.021,224110000,312112000,0.1,2009-12-31,135.14,0,2320469000.0,324719000,120900000,93527000,16700000,16700000,None,0,None,-92055000,None,None,2467119000,None,None,130583000,None,None,None,0.156,,100609000,100220000,39832000,267324000,None,None,None,,,,,1.737,3.025,6.75,,,,,,,,0.0429,,0,2025-10-29,annual,0.121,USD,post-market,None,-165710000,0.0214,0.0216,0.218,12.53,23104000,2670101000,253665000,39832000,69.04,76.51,21.0,5616245000,147229000,462084000,3132185000,5469016000,2670101000,324719000,2465511000,150.23,-647000,81.89,55.47
2025-12-28,VTR,0.53,5544046000.0,150.23,None,0.794,26.33,,None,176812000,176812000,,,,,,,,,35825000,139912000,None,115499000,115499000,168198000,None,None,123289000,None,None,88002000,,1.89,0.0237,,,,2.016,0.021,224110000,312112000,0.1,2008-12-31,135.14,None,2320469000.0,324719000,120900000,93527000,9000000,9000000,None,0,None,-123289000,None,None,2996777000,None,None,130583000,None,None,None,0.156,,100609000,100220000,55866000,21931000,None,None,None,,,,,1.737,3.025,6.75,,,,,,,,0.0429,,None,2025-10-29,annual,0.121,USD,post-market,None,-117806000,0.0214,0.0216,0.218,12.53,23104000,3136998000,None,55866000,69.04,76.51,21.0,5769984000,232678000,197186000,3591683000,5538740000,3394497000,324719000,2148468000,150.23,-457000,81.89,55.47
2025-12-28,VTR,0.53,5544046000.0,150.23,None,0.794,26.33,,None,28334000,28334000,,,,,,,,,33416000,123012000,None,115499000,115499000,173576000,None,None,2092000,None,None,88002000,,1.89,0.0237,,,,2.016,0.021,224110000,312112000,0.1,2007-12-31,135.14,None,2320469000.0,324719000,120900000,93527000,None,None,None,0,None,54077000,None,None,3167398000,None,None,130583000,None,None,None,0.156,,100609000,100220000,51985000,20790000,None,None,None,,,,,1.737,3.025,6.75,,,,,,,,0.0429,,None,2025-10-29,annual,0.121,USD,post-market,None,-47846000,0.0214,0.0216,0.218,12.53,23104000,3360499000,None,54077000,69.04,76.51,21.0,5716628000,82411000,203431000,3861520000,5634217000,3658089000,324719000,1823654000,150.23,-626000,81.89,55.47
2025-12-28,VTR,0.53,5544046000.0,150.23,None,0.794,26.33,,None,1246000,1246000,,,,,,,,,26545000,104731000,None,115499000,115499000,72456000,None,None,2466000,None,None,88002000,,1.89,0.0237,,,,2.016,0.021,224110000,312112000,0.1,2006-12-31,135.14,None,2320469000.0,324719000,120900000,93527000,None,None,None,0,None,None,None,None,2198847000,None,None,130583000,None,None,None,0.156,,100609000,100220000,235155000,142544000,None,None,None,,,,,1.737,3.025,6.75,,,,,,,,0.0429,,None,2025-10-29,annual,0.121,USD,post-market,None,-84176000,0.0214,0.0216,0.218,12.53,23104000,2329053000,8194000,80039000,69.04,76.51,21.0,3253800000,238867000,215000000,2543924000,30394000,2329000000,324719000,709876000,150.23,None,81.89,55.47
2025-12-28,VTR,0.53,5544046000.0,150.23,None,0.794,26.33,,None,1641000,1641000,,,,,,,,,25927000,95775000,None,115499000,115499000,60542000,None,None,2841000,None,None,88002000,,1.89,0.0237,,,,2.016,0.021,224110000,312112000,0.1,2005-12-31,135.14,None,2320469000.0,324719000,120900000,93527000,None,None,None,0,None,None,None,None,1786890000,None,None,130583000,None,None,None,0.156,,100609000,100220000,219282000,108458000,None,None,None,,,,,1.737,3.025,6.75,,,,,,,,0.0429,,None,2025-10-29,annual,0.121,USD,post-market,None,-50402000,0.0214,0.0216,0.218,12.53,23104000,1802564000,10540000,59667000,69.04,76.51,21.0,2639118000,223764000,169000000,1971799000,30394000,1803000000,324719000,667319000,150.23,None,81.89,55.47
2025-12-28,VTR,0.53,5544046000.0,150.23,None,0.794,26.33,92175000,None,1641000,1641000,368128000,-1177532000,None,None,None,None,None,None,25927000,95775000,None,115499000,115499000,60542000,None,None,2841000,None,None,88002000,328873000,1.89,0.0237,218387000,218387000,None,2.016,0.021,224110000,312112000,0.1,2025-09-30,135.14,None,2320469000.0,324719000,120900000,93527000,None,None,None,0,None,None,None,None,1786890000,None,None,66047000,None,None,None,0.156,378581000,100609000,100220000,219282000,108458000,None,None,None,None,None,None,None,1.737,3.025,6.75,None,None,None,None,None,2109878000,None,0.0429,None,None,2025-10-29,quarterly,0.121,USD,post-market,None,-50402000,0.0214,0.0216,0.218,12.53,23104000,1802564000,10540000,59667000,69.04,76.51,21.0,2639118000,223764000,169000000,1971799000,30394000,1803000000,324719000,667319000,150.23,None,81.89,55.47
2025-12-28,VTR,0.53,5544046000.0,150.23,None,0.794,26.33,16703000,None,1641000,1641000,156966000,-204420000,None,None,None,None,None,None,25927000,95775000,None,115499000,115499000,60542000,None,None,2841000,None,None,88002000,312819000,1.89,0.0237,216964000,216964000,None,2.016,0.021,224110000,312112000,0.1,2025-06-30,135.14,None,2320469000.0,324719000,120900000,93527000,None,None,None,0,None,None,None,None,1786890000,None,None,71462000,None,None,None,0.156,475338000,100609000,100220000,219282000,108458000,None,None,None,None,None,None,None,1.737,3.025,6.75,None,None,None,None,None,1090873000,None,0.0429,None,None,2025-10-29,quarterly,0.121,USD,post-market,None,-50402000,0.0214,0.0216,0.218,12.53,23104000,1802564000,10540000,59667000,69.04,76.51,21.0,2639118000,223764000,169000000,1971799000,30394000,1803000000,324719000,667319000,150.23,None,81.89,55.47
2025-12-28,VTR,0.53,5544046000.0,150.23,None,0.794,26.33,117274000,None,1641000,1641000,-149136000,-883744000,None,None,None,None,None,None,25927000,95775000,None,115499000,115499000,60542000,None,None,2841000,None,None,88002000,328888000,1.89,0.0237,199025000,199025000,None,2.016,0.021,224110000,312112000,0.1,2025-03-31,135.14,None,2320469000.0,324719000,120900000,93527000,None,None,None,0,None,None,None,None,1786890000,None,None,48356000,None,None,None,0.156,321144000,100609000,100220000,219282000,108458000,None,None,None,None,None,None,None,1.737,3.025,6.75,None,None,None,None,None,896229000,None,0.0429,None,None,2025-10-29,quarterly,0.121,USD,post-market,None,-50402000,0.0214,0.0216,0.218,12.53,23104000,1802564000,10540000,59667000,69.04,76.51,21.0,2639118000,223764000,169000000,1971799000,30394000,1803000000,324719000,667319000,150.23,None,81.89,55.47
2025-12-28,VTR,0.53,5544046000.0,150.23,None,0.794,26.33,170247000,None,1641000,1641000,956201000,-1536214000,None,None,None,None,None,None,25927000,95775000,None,115499000,115499000,60542000,None,None,2841000,None,None,88002000,316568000,1.89,0.0237,188957000,188957000,None,2.016,0.021,224110000,312112000,0.1,2024-12-31,135.14,None,2320469000.0,324719000,120900000,93527000,None,None,None,0,None,None,None,None,1786890000,None,None,58727000,None,None,None,0.156,373641000,100609000,100220000,219282000,108458000,None,None,None,None,None,None,None,1.737,3.025,6.75,None,None,None,None,None,1990919000,None,0.0429,None,None,2025-10-29,quarterly,0.121,USD,post-market,None,-50402000,0.0214,0.0216,0.218,12.53,23104000,1802564000,10540000,59667000,69.04,76.51,21.0,2639118000,223764000,169000000,1971799000,30394000,1803000000,324719000,667319000,150.23,None,81.89,55.47
2025-12-28,VTR,0.53,5544046000.0,150.23,None,0.794,26.33,146863000,None,1641000,1641000,624446000,-429488000,None,None,None,None,None,None,25927000,95775000,None,115499000,115499000,60542000,None,None,2841000,None,None,88002000,311763000,1.89,0.0237,186206000,186206000,None,2.016,0.021,224110000,312112000,0.1,2024-09-30,135.14,None,2320469000.0,324719000,120900000,93527000,None,None,None,0,None,None,None,None,1786890000,None,None,22777000,None,None,None,0.156,353664000,100609000,100220000,219282000,108458000,None,None,None,None,None,None,None,1.737,3.025,6.75,None,None,None,None,None,861044000,None,0.0429,None,None,2025-10-29,quarterly,0.121,USD,post-market,None,-50402000,0.0214,0.0216,0.218,12.53,23104000,1802564000,10540000,59667000,69.04,76.51,21.0,2639118000,223764000,169000000,1971799000,30394000,1803000000,324719000,667319000,150.23,None,81.89,55.47
2025-12-28,VTR,0.53,5544046000.0,150.23,None,0.794,26.33,72521000,None,1641000,1641000,-129297000,-277754000,None,None,None,None,None,None,25927000,95775000,None,115499000,115499000,60542000,None,None,2841000,None,None,88002000,294948000,1.89,0.0237,182309000,182309000,None,2.016,0.021,224110000,312112000,0.1,2024-06-30,135.14,None,2320469000.0,324719000,120900000,93527000,None,None,None,0,None,None,None,None,1786890000,None,None,19387000,None,None,None,0.156,335872000,100609000,100220000,219282000,108458000,None,None,None,None,None,None,None,1.737,3.025,6.75,None,None,None,None,None,None,None,0.0429,None,None,2025-10-29,quarterly,0.121,USD,post-market,None,-50402000,0.0214,0.0216,0.218,12.53,23104000,1802564000,10540000,59667000,69.04,76.51,21.0,2639118000,223764000,169000000,1971799000,30394000,1803000000,324719000,667319000,150.23,None,81.89,55.47
2025-12-28,VTR,0.53,5544046000.0,150.23,None,0.794,26.33,134124000,None,1641000,1641000,4824000,-144587000,None,None,None,None,None,None,25927000,95775000,None,115499000,115499000,60542000,None,None,2841000,None,None,88002000,294855000,1.89,0.0237,182854000,182854000,None,2.016,0.021,224110000,312112000,0.1,2024-03-31,135.14,None,2320469000.0,324719000,120900000,93527000,None,None,None,0,None,None,None,None,1786890000,None,None,-12540000,None,None,None,0.156,266448000,100609000,100220000,219282000,108458000,None,None,None,None,None,None,None,1.737,3.025,6.75,None,None,None,None,None,None,None,0.0429,None,None,2025-10-29,quarterly,0.121,USD,post-market,None,-50402000,0.0214,0.0216,0.218,12.53,23104000,1802564000,10540000,59667000,69.04,76.51,21.0,2639118000,223764000,169000000,1971799000,30394000,1803000000,324719000,667319000,150.23,None,81.89,55.47
2025-12-28,VTR,0.53,5544046000.0,150.23,None,0.794,26.33,99046000,None,1641000,1641000,-165455000,-43276000,None,None,None,None,None,None,25927000,95775000,None,115499000,115499000,60542000,None,None,2841000,None,None,88002000,442193000,1.89,0.0237,181323000,181323000,None,2.016,0.021,224110000,312112000,0.1,2023-12-31,135.14,None,2320469000.0,324719000,120900000,93527000,None,None,None,0,None,None,None,None,1786890000,None,None,-84716000,None,None,None,0.156,279084000,100609000,100220000,219282000,108458000,None,None,None,None,None,None,None,1.737,3.025,6.75,None,None,None,None,None,-183338000,None,0.0429,None,None,2025-10-29,quarterly,0.121,USD,post-market,None,-50402000,0.0214,0.0216,0.218,12.53,23104000,1802564000,10540000,59667000,69.04,76.51,21.0,2639118000,223764000,169000000,1971799000,30394000,1803000000,324719000,667319000,150.23,None,81.89,55.47
2025-12-28,VTR,0.53,5544046000.0,150.23,None,0.794,26.33,158928000,None,1641000,1641000,9791000,-13781000,None,None,None,None,None,None,25927000,95775000,None,115499000,115499000,60542000,None,None,2841000,None,None,88002000,376907000,1.89,0.0237,180533000,180533000,None,2.016,0.021,224110000,312112000,0.1,2023-09-30,135.14,None,2320469000.0,324719000,120900000,93527000,None,None,None,0,None,None,None,None,1786890000,None,None,-69559000,None,None,None,0.156,286145000,100609000,100220000,219282000,108458000,None,None,None,None,None,None,None,1.737,3.025,6.75,None,None,None,None,None,209426000,None,0.0429,None,None,2025-10-29,quarterly,0.121,USD,post-market,None,-50402000,0.0214,0.0216,0.218,12.53,23104000,1802564000,10540000,59667000,69.04,76.51,21.0,2639118000,223764000,169000000,1971799000,30394000,1803000000,324719000,667319000,150.23,None,81.89,55.47
2025-12-28,VTR,0.53,5544046000.0,150.23,None,0.794,26.33,128424000,None,1641000,1641000,-225978000,-71327000,14522000,None,None,None,None,None,25927000,95775000,None,115499000,115499000,60542000,None,None,2841000,None,None,88002000,309504000,1.89,0.0237,180281000,180281000,None,2.016,0.021,224110000,312112000,0.1,2023-06-30,135.14,None,2320469000.0,324719000,120900000,93527000,None,None,None,0,None,None,None,None,1786890000,None,None,105066000,None,None,None,0.156,311827000,100609000,100220000,219282000,108458000,None,None,None,None,None,None,None,1.737,3.025,6.75,None,None,None,None,None,15191000,None,0.0429,None,None,2025-10-29,quarterly,0.121,USD,post-market,None,-50402000,0.0214,0.0216,0.218,12.53,23104000,1802564000,10540000,59667000,69.04,76.51,21.0,2639118000,223764000,169000000,1971799000,30394000,1803000000,324719000,667319000,150.23,None,81.89,55.47
2025-12-28,VTR,0.53,5544046000.0,150.23,None,0.794,26.33,112656000,None,1641000,1641000,-162107000,-56280000,24430000,None,None,None,None,None,25927000,95775000,None,115499000,115499000,60542000,None,None,2841000,None,None,88002000,286273000,1.89,0.0237,181422000,181422000,None,2.016,0.021,224110000,312112000,0.1,2023-03-31,135.14,None,2320469000.0,324719000,120900000,93527000,None,None,None,0,None,None,None,None,1786890000,None,None,18912000,None,None,None,0.156,242817000,100609000,100220000,219282000,108458000,None,None,None,None,None,None,None,1.737,3.025,6.75,None,None,None,None,None,1488000,None,0.0429,None,None,2025-10-29,quarterly,0.121,USD,post-market,None,-50402000,0.0214,0.0216,0.218,12.53,23104000,1802564000,10540000,59667000,69.04,76.51,21.0,2639118000,223764000,169000000,1971799000,30394000,1803000000,324719000,667319000,150.23,None,81.89,55.47
2025-12-28,VTR,0.53,5544046000.0,150.23,None,0.794,26.33,172320000,None,1641000,1641000,-158972000,-133897000,-25616000,None,None,None,None,None,25927000,95775000,None,115499000,115499000,60542000,None,None,2841000,None,None,88002000,327652000,1.89,0.0237,180114000,180114000,None,2.016,0.021,224110000,312112000,0.1,2022-12-31,135.14,None,2320469000.0,324719000,120900000,93527000,None,None,None,0,None,None,None,None,1786890000,None,None,-43384000,None,None,None,0.156,267253000,100609000,100220000,219282000,108458000,None,None,None,None,None,None,None,1.737,3.025,6.75,None,None,None,None,None,-1012000,None,0.0429,None,None,2025-10-29,quarterly,0.121,USD,post-market,None,-50402000,0.0214,0.0216,0.218,12.53,23104000,1802564000,10540000,59667000,69.04,76.51,21.0,2639118000,223764000,169000000,1971799000,30394000,1803000000,324719000,667319000,150.23,None,81.89,55.47
2025-12-28,VTR,0.53,5544046000.0,150.23,None,0.794,26.33,108867000,None,1641000,1641000,-112010000,-166061000,22207000,None,None,None,None,None,25927000,95775000,None,115499000,115499000,60542000,None,None,2841000,None,None,88002000,304552000,1.89,0.0237,180107000,180107000,None,2.016,0.021,224110000,312112000,0.1,2022-09-30,135.14,None,2320469000.0,324719000,120900000,93527000,None,None,None,0,None,None,None,None,1786890000,None,None,3063000,None,None,None,0.156,300278000,100609000,100220000,219282000,108458000,None,None,None,None,None,None,None,1.737,3.025,6.75,None,None,None,None,None,-19595000,None,0.0429,None,None,2025-10-29,quarterly,0.121,USD,post-market,None,-50402000,0.0214,0.0216,0.218,12.53,23104000,1802564000,10540000,59667000,69.04,76.51,21.0,2639118000,223764000,169000000,1971799000,30394000,1803000000,324719000,667319000,150.23,None,81.89,55.47
2025-12-28,VTR,0.53,5544046000.0,150.23,None,0.794,26.33,98563000,None,1641000,1641000,-178328000,-121934000,-22183000,None,None,None,None,None,25927000,95775000,None,115499000,115499000,60542000,None,None,2841000,None,None,88002000,286378000,1.89,0.0237,180077000,180077000,None,2.016,0.021,224110000,312112000,0.1,2022-06-30,135.14,None,2320469000.0,324719000,120900000,93527000,None,None,None,0,None,None,None,None,1786890000,None,None,-41202000,None,None,None,0.156,278079000,100609000,100220000,219282000,108458000,None,None,None,None,None,None,None,1.737,3.025,6.75,None,None,None,None,None,-973000,None,0.0429,None,None,2025-10-29,quarterly,0.121,USD,post-market,None,-50402000,0.0214,0.0216,0.218,12.53,23104000,1802564000,10540000,59667000,69.04,76.51,21.0,2639118000,223764000,169000000,1971799000,30394000,1803000000,324719000,667319000,150.23,None,81.89,55.47
2025-12-28,VTR,0.53,5544046000.0,150.23,None,0.794,26.33,74319000,None,1641000,1641000,165382000,-437326000,2609000,None,None,None,None,None,25927000,95775000,None,115499000,115499000,60542000,None,None,2841000,None,None,88002000,292173000,1.89,0.0237,180021000,180021000,None,2.016,0.021,224110000,312112000,0.1,2022-03-31,135.14,None,2320469000.0,324719000,120900000,93527000,None,None,None,0,None,None,None,None,1786890000,None,None,40592000,None,None,None,0.156,274553000,100609000,100220000,219282000,108458000,None,None,None,None,None,None,None,1.737,3.025,6.75,None,None,None,None,None,1830000,None,0.0429,None,None,2025-10-29,quarterly,0.121,USD,post-market,None,-50402000,0.0214,0.0216,0.218,12.53,23104000,1802564000,10540000,59667000,69.04,76.51,21.0,2639118000,223764000,169000000,1971799000,30394000,1803000000,324719000,667319000,150.23,None,81.89,55.47
2025-12-28,VTR,0.53,5544046000.0,150.23,None,0.794,26.33,109009000,None,1641000,1641000,-258854000,-7797000,-850000,None,None,None,None,None,25927000,95775000,None,115499000,115499000,60542000,None,None,2841000,None,None,88002000,321982000,1.89,0.0237,179916000,179916000,None,2.016,0.021,224110000,312112000,0.1,2021-12-31,135.14,None,2320469000.0,324719000,120900000,93527000,None,None,None,0,None,None,None,None,1786890000,None,None,-39107000,None,None,None,0.156,265801000,100609000,100220000,219282000,108458000,None,None,None,None,None,None,None,1.737,3.025,6.75,None,None,None,None,None,-96000,None,0.0429,None,None,2025-10-29,quarterly,0.121,USD,post-market,None,-50402000,0.0214,0.0216,0.218,12.53,23104000,1802564000,10540000,59667000,69.04,76.51,21.0,2639118000,223764000,169000000,1971799000,30394000,1803000000,324719000,667319000,150.23,None,81.89,55.47
2025-12-28,VTR,0.53,5544046000.0,150.23,None,0.794,26.33,118944000,None,1641000,1641000,286461000,-595238000,-77318000,None,None,None,None,None,25927000,95775000,None,115499000,115499000,60542000,None,None,2841000,None,None,88002000,318163000,1.89,0.0237,169134000,169134000,None,2.016,0.021,224110000,312112000,0.1,2021-09-30,135.14,None,2320469000.0,324719000,120900000,93527000,None,None,None,0,None,None,None,None,1786890000,None,None,62774000,None,None,None,0.156,231459000,100609000,100220000,219282000,108458000,None,None,None,None,None,None,None,1.737,3.025,6.75,None,None,None,None,None,-34000,None,0.0429,None,None,2025-10-29,quarterly,0.121,USD,post-market,None,-50402000,0.0214,0.0216,0.218,12.53,23104000,1802564000,10540000,59667000,69.04,76.51,21.0,2639118000,223764000,169000000,1971799000,30394000,1803000000,324719000,667319000,150.23,None,81.89,55.47
2025-12-28,VTR,0.53,5544046000.0,150.23,None,0.794,26.33,116744000,None,1641000,1641000,-209006000,-18493000,63764000,None,None,None,None,None,25927000,95775000,None,115499000,115499000,60542000,None,None,2841000,None,None,88002000,255547000,1.89,0.0237,169075000,169075000,None,2.016,0.021,224110000,312112000,0.1,2021-06-30,135.14,None,2320469000.0,324719000,120900000,93527000,None,None,None,0,None,None,None,None,1786890000,None,None,88288000,None,None,None,0.156,291263000,100609000,100220000,219282000,108458000,None,None,None,None,None,None,None,1.737,3.025,6.75,None,None,None,None,None,-37000,None,0.0429,None,None,2025-10-29,quarterly,0.121,USD,post-market,None,-50402000,0.0214,0.0216,0.218,12.53,23104000,1802564000,10540000,59667000,69.04,76.51,21.0,2639118000,223764000,169000000,1971799000,30394000,1803000000,324719000,667319000,150.23,None,81.89,55.47
2025-12-28,VTR,0.53,5544046000.0,150.23,None,0.794,26.33,88272000,None,1641000,1641000,-377067000,-102612000,-242086000,None,None,None,None,None,25927000,95775000,None,115499000,115499000,60542000,None,None,2841000,None,None,88002000,319420000,1.89,0.0237,168763000,168763000,None,2.016,0.021,224110000,312112000,0.1,2021-03-31,135.14,None,2320469000.0,324719000,120900000,93527000,None,None,None,0,None,None,None,None,1786890000,None,None,-55398000,None,None,None,0.156,237593000,100609000,100220000,219282000,108458000,None,None,None,None,None,None,None,1.737,3.025,6.75,None,None,None,None,None,-25000,None,0.0429,None,None,2025-10-29,quarterly,0.121,USD,post-market,None,-50402000,0.0214,0.0216,0.218,12.53,23104000,1802564000,10540000,59667000,69.04,76.51,21.0,2639118000,223764000,169000000,1971799000,30394000,1803000000,324719000,667319000,150.23,None,81.89,55.47
2025-12-28,VTR,0.53,5544046000.0,150.23,None,0.794,26.33,124273000,None,1641000,1641000,-442322000,-32330000,-178889000,None,None,None,None,None,25927000,95775000,None,115499000,115499000,60542000,None,None,2841000,None,None,88002000,267474000,1.89,0.0237,168446000,168446000,None,2.016,0.021,224110000,312112000,0.1,2020-12-31,135.14,None,2320469000.0,324719000,120900000,93527000,None,None,None,0,None,None,None,None,1786890000,None,None,111953000,None,None,None,0.156,295763000,100609000,100220000,219282000,108458000,None,None,None,None,None,None,None,1.737,3.025,6.75,None,None,None,None,None,575000,None,0.0429,None,None,2025-10-29,quarterly,0.121,USD,post-market,None,-50402000,0.0214,0.0216,0.218,12.53,23104000,1802564000,10540000,59667000,69.04,76.51,21.0,2639118000,223764000,169000000,1971799000,30394000,1803000000,324719000,667319000,150.23,None,81.89,55.47
2025-12-28,VTR,0.53,5544046000.0,150.23,None,0.794,26.33,170457000,None,1641000,1641000,-674471000,-161455000,-401524000,None,None,None,None,None,25927000,95775000,None,115499000,115499000,60542000,None,None,2841000,None,None,88002000,254924000,1.89,0.0237,168078000,168078000,None,2.016,0.021,224110000,312112000,0.1,2020-09-30,135.14,None,2320469000.0,324719000,120900000,93527000,None,None,None,0,None,None,None,None,1786890000,None,None,13737000,None,None,None,0.156,434402000,100609000,100220000,219282000,108458000,None,None,None,None,None,None,None,1.737,3.025,6.75,None,None,None,None,None,-5000,None,0.0429,None,None,2025-10-29,quarterly,0.121,USD,post-market,None,-50402000,0.0214,0.0216,0.218,12.53,23104000,1802564000,10540000,59667000,69.04,76.51,21.0,2639118000,223764000,169000000,1971799000,30394000,1803000000,324719000,667319000,150.23,None,81.89,55.47
2025-12-28,VTR,0.53,5544046000.0,150.23,None,0.794,26.33,112899000,None,1641000,1641000,-2094528000,-169101000,-1858070000,None,None,None,None,None,25927000,95775000,None,115499000,115499000,60542000,None,None,2841000,None,None,88002000,349594000,1.89,0.0237,295981000,295981000,None,2.016,0.021,224110000,312112000,0.1,2020-06-30,135.14,None,2320469000.0,324719000,120900000,93527000,None,None,None,0,None,None,None,None,1786890000,None,None,-159235000,None,None,None,0.156,405559000,100609000,100220000,219282000,108458000,None,None,None,None,None,None,None,1.737,3.025,6.75,None,None,None,None,None,-3430000,None,0.0429,None,None,2025-10-29,quarterly,0.121,USD,post-market,None,-50402000,0.0214,0.0216,0.218,12.53,23104000,1802564000,10540000,59667000,69.04,76.51,21.0,2639118000,223764000,169000000,1971799000,30394000,1803000000,324719000,667319000,150.23,None,81.89,55.47
2025-12-28,VTR,0.53,5544046000.0,150.23,None,0.794,26.33,121018000,None,1641000,1641000,1911300000,517181000,2742933000,None,None,None,None,None,25927000,95775000,None,115499000,115499000,60542000,None,None,2841000,None,None,88002000,252688000,1.89,0.0237,296304000,296304000,None,2.016,0.021,224110000,312112000,0.1,2020-03-31,135.14,None,2320469000.0,324719000,120900000,93527000,None,None,None,0,None,None,None,None,1786890000,None,None,474730000,None,None,None,0.156,314452000,100609000,100220000,219282000,108458000,None,None,None,None,None,None,None,1.737,3.025,6.75,None,None,None,None,None,-570000,None,0.0429,None,None,2025-10-29,quarterly,0.121,USD,post-market,None,-50402000,0.0214,0.0216,0.218,12.53,23104000,1802564000,10540000,59667000,69.04,76.51,21.0,2639118000,223764000,169000000,1971799000,30394000,1803000000,324719000,667319000,150.23,None,81.89,55.47
2025-12-28,VTR,0.53,5544046000.0,150.23,None,0.794,26.33,231015000,None,1641000,1641000,-254393000,-163420000,-63578000,None,None,None,None,None,25927000,95775000,None,115499000,115499000,60542000,None,None,2841000,None,None,88002000,354985000,1.89,0.0237,295931000,295931000,None,2.016,0.021,224110000,312112000,0.1,2019-12-31,135.14,None,2320469000.0,324719000,120900000,93527000,None,None,None,0,None,None,None,None,1786890000,None,None,12893000,None,None,None,0.156,354235000,100609000,100220000,219282000,108458000,None,None,None,None,None,None,None,1.737,3.025,6.75,None,None,None,None,None,-165000,None,0.0429,None,None,2025-10-29,quarterly,0.121,USD,post-market,None,-50402000,0.0214,0.0216,0.218,12.53,23104000,1802564000,10540000,59667000,69.04,76.51,21.0,2639118000,223764000,169000000,1971799000,30394000,1803000000,324719000,667319000,150.23,None,81.89,55.47
2025-12-28,VTR,0.53,5544046000.0,150.23,None,0.794,26.33,157025000,None,1641000,1641000,629935000,-914152000,69904000,None,None,None,None,None,25927000,95775000,None,115499000,115499000,60542000,None,None,2841000,None,None,88002000,239926000,1.89,0.0237,294647000,294647000,None,2.016,0.021,224110000,312112000,0.1,2019-09-30,135.14,None,2320469000.0,324719000,120900000,93527000,None,None,None,0,None,None,None,None,1786890000,None,None,86918000,None,None,None,0.156,354329000,100609000,100220000,219282000,108458000,None,None,None,None,None,None,None,1.737,3.025,6.75,None,None,None,None,None,-361000,None,0.0429,None,None,2025-10-29,quarterly,0.121,USD,post-market,None,-50402000,0.0214,0.0216,0.218,12.53,23104000,1802564000,10540000,59667000,69.04,76.51,21.0,2639118000,223764000,169000000,1971799000,30394000,1803000000,324719000,667319000,150.23,None,81.89,55.47
2025-12-28,VTR,0.53,5544046000.0,150.23,None,0.794,26.33,101000000,None,1641000,1641000,44895000,-439903000,-1935000,-26000,None,None,None,None,25927000,95775000,None,115499000,115499000,60542000,None,None,2841000,None,None,88002000,231643000,1.89,0.0237,284268000,284268000,None,2.016,0.021,224110000,312112000,0.1,2019-06-30,135.14,None,2320469000.0,324719000,120900000,93527000,None,None,None,0,None,None,None,None,1786890000,None,None,211898000,None,None,None,0.156,393099000,100609000,100220000,219282000,108458000,None,None,None,None,None,None,None,1.737,3.025,6.75,None,None,None,None,None,107393000,None,0.0429,None,None,2025-10-29,quarterly,0.121,USD,post-market,None,-50402000,0.0214,0.0216,0.218,12.53,23104000,1802564000,10540000,59667000,69.04,76.51,21.0,2639118000,223764000,169000000,1971799000,30394000,1803000000,324719000,667319000,150.23,None,81.89,55.47
2025-12-28,VTR,0.53,5544046000.0,150.23,None,0.794,26.33,71607000,None,1641000,1641000,-259763000,-67824000,8767000,234000,None,None,None,None,25927000,95775000,None,115499000,115499000,60542000,None,None,2841000,None,None,88002000,242051000,1.89,0.0237,282874000,282874000,None,2.016,0.021,224110000,312112000,0.1,2019-03-31,135.14,None,2320469000.0,324719000,120900000,93527000,None,None,None,0,None,None,None,None,1786890000,None,None,127588000,None,None,None,0.156,336120000,100609000,100220000,219282000,108458000,None,None,None,None,None,None,None,1.737,3.025,6.75,None,None,None,None,None,901089000,None,0.0429,None,None,2025-10-29,quarterly,0.121,USD,post-market,None,-50402000,0.0214,0.0216,0.218,12.53,23104000,1802564000,10540000,59667000,69.04,76.51,21.0,2639118000,223764000,169000000,1971799000,30394000,1803000000,324719000,667319000,150.23,None,81.89,55.47
2025-12-28,VTR,0.53,5544046000.0,150.23,None,0.794,26.33,159361000,None,1641000,1641000,-40117000,-340449000,-17083000,-362000,None,None,None,None,25927000,95775000,None,115499000,115499000,60542000,None,None,2841000,None,None,88002000,249635000,1.89,0.0237,281895000,281895000,None,2.016,0.021,224110000,312112000,0.1,2018-12-31,135.14,None,2320469000.0,324719000,120900000,93527000,None,None,None,0,None,None,None,None,1786890000,None,None,63302000,None,None,None,0.156,363845000,100609000,100220000,219282000,108458000,None,None,None,None,None,None,None,1.737,3.025,6.75,None,None,None,None,None,1370000,None,0.0429,None,None,2025-10-29,quarterly,0.121,USD,post-market,None,-50402000,0.0214,0.0216,0.218,12.53,23104000,1802564000,10540000,59667000,69.04,76.51,21.0,2639118000,223764000,169000000,1971799000,30394000,1803000000,324719000,667319000,150.23,None,81.89,55.47
2025-12-28,VTR,0.53,5544046000.0,150.23,None,0.794,26.33,105662000,None,1641000,1641000,-255829000,-60961000,-9556000,-52000,None,None,None,None,25927000,95775000,None,115499000,115499000,60542000,None,None,2841000,None,None,88002000,223456000,1.89,0.0237,281853000,281853000,None,2.016,0.021,224110000,312112000,0.1,2018-09-30,135.14,None,2320469000.0,324719000,120900000,93527000,None,None,None,0,None,None,None,None,1786890000,None,None,103281000,None,None,None,0.156,307286000,100609000,100220000,219282000,108458000,None,None,None,None,None,None,None,1.737,3.025,6.75,None,None,None,None,None,-395000,None,0.0429,None,None,2025-10-29,quarterly,0.121,USD,post-market,None,-50402000,0.0214,0.0216,0.218,12.53,23104000,1802564000,10540000,59667000,69.04,76.51,21.0,2639118000,223764000,169000000,1971799000,30394000,1803000000,324719000,667319000,150.23,None,81.89,55.47
2025-12-28,VTR,0.53,5544046000.0,150.23,None,0.794,26.33,103205000,None,1641000,1641000,-962743000,555353000,-5479000,-406000,None,None,None,None,25927000,95775000,None,115499000,115499000,60542000,None,None,2841000,None,None,88002000,228507000,1.89,0.0237,281760000,281760000,None,2.016,0.021,224110000,312112000,0.1,2018-06-30,135.14,None,2320469000.0,324719000,120900000,93527000,None,None,None,0,None,None,None,None,1786890000,None,None,169300000,None,None,None,0.156,402317000,100609000,100220000,219282000,108458000,None,None,None,None,None,None,None,1.737,3.025,6.75,None,None,None,None,None,-320000,None,0.0429,None,None,2025-10-29,quarterly,0.121,USD,post-market,None,-50402000,0.0214,0.0216,0.218,12.53,23104000,1802564000,10540000,59667000,69.04,76.51,21.0,2639118000,223764000,169000000,1971799000,30394000,1803000000,324719000,667319000,150.23,None,81.89,55.47
2025-12-28,VTR,0.53,5544046000.0,150.23,None,0.794,26.33,94506000,None,1641000,1641000,-503248000,170553000,-24671000,5000,0,None,None,None,25927000,95775000,None,115499000,115499000,60542000,None,None,2841000,None,None,88002000,236927000,1.89,0.0237,281635000,281635000,None,2.016,0.021,224110000,312112000,0.1,2018-03-31,135.14,None,2320469000.0,324719000,120900000,93527000,None,None,None,0,None,None,None,None,1786890000,None,None,80098000,None,None,None,0.156,308019000,100609000,100220000,219282000,108458000,None,None,None,None,None,None,None,1.737,3.025,6.75,None,None,None,None,None,-655000,None,0.0429,None,None,2025-10-29,quarterly,0.121,USD,post-market,None,-50402000,0.0214,0.0216,0.218,12.53,23104000,1802564000,10540000,59667000,69.04,76.51,21.0,2639118000,223764000,169000000,1971799000,30394000,1803000000,324719000,667319000,150.23,None,81.89,55.47
2025-12-28,VTR,0.53,5544046000.0,150.23,None,0.794,26.33,137833000,None,1641000,1641000,-93073000,-266466000,-3708000,-110000,0,None,None,None,25927000,95775000,None,115499000,115499000,60542000,None,None,2841000,None,None,88002000,237522000,1.89,0.0237,832962000,832962000,None,2.016,0.021,224110000,312112000,0.1,2017-12-31,135.14,None,2320469000.0,324719000,120900000,93527000,None,None,None,0,None,None,None,None,1786890000,None,None,393805000,None,None,None,0.156,355941000,100609000,100220000,219282000,108458000,None,None,None,None,None,None,None,1.737,3.025,6.75,None,None,None,None,None,4846000,None,0.0429,None,None,2025-10-29,quarterly,0.121,USD,post-market,None,-50402000,0.0214,0.0216,0.218,12.53,23104000,1802564000,10540000,59667000,69.04,76.51,21.0,2639118000,223764000,169000000,1971799000,30394000,1803000000,324719000,667319000,150.23,None,81.89,55.47
2025-12-28,VTR,0.53,5544046000.0,150.23,None,0.794,26.33,94589000,None,1641000,1641000,-805871000,441312000,-18290000,-2714000,0,None,None,None,25927000,95775000,None,115499000,115499000,60542000,None,None,2841000,None,None,88002000,218009000,1.89,0.0237,276320000,276320000,None,2.016,0.021,224110000,312112000,0.1,2017-09-30,135.14,None,2320469000.0,324719000,120900000,93527000,None,None,None,0,None,None,None,None,1786890000,None,None,615191000,None,None,None,0.156,348983000,100609000,100220000,219282000,108458000,None,None,None,None,None,None,None,1.737,3.025,6.75,None,None,None,None,None,-2917000,None,0.0429,None,None,2025-10-29,quarterly,0.121,USD,post-market,None,-50402000,0.0214,0.0216,0.218,12.53,23104000,1802564000,10540000,59667000,69.04,76.51,21.0,2639118000,223764000,169000000,1971799000,30394000,1803000000,324719000,667319000,150.23,None,81.89,55.47
2025-12-28,VTR,0.53,5544046000.0,150.23,None,0.794,26.33,88934000,None,1641000,1641000,-275458000,-117298000,12069000,3300000,0,None,None,None,25927000,95775000,None,115499000,115499000,60542000,None,None,2841000,None,None,88002000,228232000,1.89,0.0237,275597000,275597000,None,2.016,0.021,224110000,312112000,0.1,2017-06-30,135.14,None,2320469000.0,324719000,120900000,93527000,None,None,None,0,None,None,None,None,1786890000,None,None,152968000,None,None,None,0.156,401525000,100609000,100220000,219282000,108458000,None,None,None,None,None,None,None,1.737,3.025,6.75,None,None,None,None,None,572929000,None,0.0429,None,None,2025-10-29,quarterly,0.121,USD,post-market,None,-50402000,0.0214,0.0216,0.218,12.53,23104000,1802564000,10540000,59667000,69.04,76.51,21.0,2639118000,223764000,169000000,1971799000,30394000,1803000000,324719000,667319000,150.23,None,81.89,55.47
2025-12-28,VTR,0.53,5544046000.0,150.23,None,0.794,26.33,110287000,None,1641000,1641000,503075000,-1034065000,-195423000,-164000,0,None,None,None,25927000,95775000,None,115499000,115499000,60542000,None,None,2841000,None,None,88002000,220243000,1.89,0.0237,275368000,275368000,None,2.016,0.021,224110000,312112000,0.1,2017-03-31,135.14,None,2320469000.0,324719000,120900000,93527000,None,None,None,0,None,None,None,None,1786890000,None,None,199148000,None,None,None,0.156,335731000,100609000,100220000,219282000,108458000,None,None,None,None,None,None,None,1.737,3.025,6.75,None,None,None,None,None,-308000,None,0.0429,None,None,2025-10-29,quarterly,0.121,USD,post-market,None,-50402000,0.0214,0.0216,0.218,12.53,23104000,1802564000,10540000,59667000,69.04,76.51,21.0,2639118000,223764000,169000000,1971799000,30394000,1803000000,324719000,667319000,150.23,None,81.89,55.47
2025-12-28,VTR,0.53,5544046000.0,150.23,None,0.794,26.33,91409000,None,1641000,1641000,-428493000,260143000,197428000,-409000,0,None,None,None,25927000,95775000,None,115499000,115499000,60542000,None,None,2841000,None,None,88002000,235372000,1.89,0.0237,274566000,274566000,None,2.016,0.021,224110000,312112000,0.1,2016-12-31,135.14,None,2320469000.0,324719000,120900000,93527000,None,None,None,0,None,None,None,None,1786890000,None,None,208832000,None,None,None,0.156,366187000,100609000,100220000,219282000,108458000,None,None,None,None,None,None,None,1.737,3.025,6.75,None,None,None,None,None,-30127000,None,0.0429,None,None,2025-10-29,quarterly,0.121,USD,post-market,None,-50402000,0.0214,0.0216,0.218,12.53,23104000,1802564000,10540000,59667000,69.04,76.51,21.0,2639118000,223764000,169000000,1971799000,30394000,1803000000,324719000,667319000,150.23,None,81.89,55.47
2025-12-28,VTR,0.53,5544046000.0,150.23,None,0.794,26.33,53090000,None,1641000,1641000,945667000,-1258219000,31957000,-286000,0,None,None,None,25927000,95775000,None,115499000,115499000,60542000,None,None,2841000,None,None,88002000,210874000,1.89,0.0237,256931000,256931000,None,2.016,0.021,224110000,312112000,0.1,2016-09-30,135.14,None,2320469000.0,324719000,120900000,93527000,None,None,None,0,None,None,None,None,1786890000,None,None,150184000,None,None,None,0.156,344795000,100609000,100220000,219282000,108458000,None,None,None,None,None,None,None,1.737,3.025,6.75,None,None,None,None,None,482824000,None,0.0429,None,None,2025-10-29,quarterly,0.121,USD,post-market,None,-50402000,0.0214,0.0216,0.218,12.53,23104000,1802564000,10540000,59667000,69.04,76.51,21.0,2639118000,223764000,169000000,1971799000,30394000,1803000000,324719000,667319000,150.23,None,81.89,55.47
2025-12-28,VTR,0.53,5544046000.0,150.23,None,0.794,26.33,58116000,None,1641000,1641000,-307872000,-69816000,5621000,-275000,0,None,None,None,25927000,95775000,None,115499000,115499000,60542000,None,None,2841000,None,None,88002000,224202000,1.89,0.0237,247975000,247975000,None,2.016,0.021,224110000,312112000,0.1,2016-06-30,135.14,None,2320469000.0,324719000,120900000,93527000,None,None,None,0,None,None,None,None,1786890000,None,None,143440000,None,None,None,0.156,383584000,100609000,100220000,219282000,108458000,None,None,None,None,None,None,None,1.737,3.025,6.75,None,None,None,None,None,302936000,None,0.0429,None,None,2025-10-29,quarterly,0.121,USD,post-market,None,-50402000,0.0214,0.0216,0.218,12.53,23104000,1802564000,10540000,59667000,69.04,76.51,21.0,2639118000,223764000,169000000,1971799000,30394000,1803000000,324719000,667319000,150.23,None,81.89,55.47
2025-12-28,VTR,0.53,5544046000.0,150.23,None,0.794,26.33,58488000,None,1641000,1641000,-107580000,-166751000,-1322000,118000,0,None,None,None,25927000,95775000,None,115499000,115499000,60542000,None,None,2841000,None,None,88002000,238833000,1.89,0.0237,245496000,245496000,None,2.016,0.021,224110000,312112000,0.1,2016-03-31,135.14,None,2320469000.0,324719000,120900000,93527000,None,None,None,0,None,None,None,None,1786890000,None,None,149034000,None,None,None,0.156,272891000,100609000,100220000,219282000,108458000,None,None,None,None,None,None,None,1.737,3.025,6.75,None,None,None,None,None,137585000,None,0.0429,None,None,2025-10-29,quarterly,0.121,USD,post-market,None,-50402000,0.0214,0.0216,0.218,12.53,23104000,1802564000,10540000,59667000,69.04,76.51,21.0,2639118000,223764000,169000000,1971799000,30394000,1803000000,324719000,667319000,150.23,None,81.89,55.47
2025-12-28,VTR,0.53,5544046000.0,150.23,None,0.794,26.33,60891000,None,1641000,1641000,-212520000,-169127000,-11686000,-283000,0,None,None,None,25927000,95775000,None,115499000,115499000,60542000,None,None,2841000,None,None,88002000,239190000,1.89,0.0237,243838000,243838000,None,2.016,0.021,224110000,312112000,0.1,2015-12-31,135.14,None,2320469000.0,324719000,120900000,93527000,None,None,None,0,None,None,None,None,1786890000,None,None,125060000,None,None,None,0.156,369722000,100609000,100220000,219282000,108458000,None,None,None,None,None,None,None,1.737,3.025,6.75,None,None,None,None,None,1686000,None,0.0429,None,None,2025-10-29,quarterly,0.121,USD,post-market,None,-50402000,0.0214,0.0216,0.218,12.53,23104000,1802564000,10540000,59667000,69.04,76.51,21.0,2639118000,223764000,169000000,1971799000,30394000,1803000000,324719000,667319000,150.23,None,81.89,55.47
2025-12-28,VTR,0.53,5544046000.0,150.23,None,0.794,26.33,60211000,None,1641000,1641000,958532000,-1257818000,4796000,-336000,0,None,None,None,25927000,95775000,None,115499000,115499000,60542000,None,None,2841000,None,None,88002000,242352000,1.89,0.0237,243171000,243171000,None,2.016,0.021,224110000,312112000,0.1,2015-09-30,135.14,None,2320469000.0,324719000,120900000,93527000,None,None,None,0,None,None,None,None,1786890000,None,None,23005000,None,None,None,0.156,304321000,100609000,100220000,219282000,108458000,None,None,None,None,None,None,None,1.737,3.025,6.75,None,None,None,None,None,2803090000,None,0.0429,None,None,2025-10-29,quarterly,0.121,USD,post-market,None,-50402000,0.0214,0.0216,0.218,12.53,23104000,1802564000,10540000,59667000,69.04,76.51,21.0,2639118000,223764000,169000000,1971799000,30394000,1803000000,324719000,667319000,150.23,None,81.89,55.47
2025-12-28,VTR,0.53,5544046000.0,150.23,None,0.794,26.33,51421000,None,1641000,1641000,-345435000,-88217000,-60097000,404000,0,None,None,None,25927000,95775000,None,115499000,115499000,60542000,None,None,2841000,None,None,88002000,250635000,1.89,0.0237,261494000,261494000,None,2.016,0.021,224110000,312112000,0.1,2015-06-30,135.14,None,2320469000.0,324719000,120900000,93527000,None,None,None,0,None,None,None,None,1786890000,None,None,150350000,None,None,None,0.156,373555000,100609000,100220000,219282000,108458000,None,None,None,None,None,None,None,1.737,3.025,6.75,None,None,None,None,None,15138000,None,0.0429,None,None,2025-10-29,quarterly,0.121,USD,post-market,None,-50402000,0.0214,0.0216,0.218,12.53,23104000,1802564000,10540000,59667000,69.04,76.51,21.0,2639118000,223764000,169000000,1971799000,30394000,1803000000,324719000,667319000,150.23,None,81.89,55.47
2025-12-28,VTR,0.53,5544046000.0,150.23,None,0.794,26.33,54638000,None,1641000,1641000,629545000,-908530000,65184000,-307000,0,None,None,None,25927000,95775000,None,115499000,115499000,60542000,None,None,2841000,None,None,88002000,246934000,1.89,0.0237,254910000,254910000,None,2.016,0.021,224110000,312112000,0.1,2015-03-31,135.14,None,2320469000.0,324719000,120900000,93527000,None,None,None,0,None,None,None,None,1786890000,None,None,120807000,None,None,None,0.156,344169000,100609000,100220000,219282000,108458000,None,None,None,None,None,None,None,1.737,3.025,6.75,None,None,None,None,None,1092833000,None,0.0429,None,None,2025-10-29,quarterly,0.121,USD,post-market,None,-50402000,0.0214,0.0216,0.218,12.53,23104000,1802564000,10540000,59667000,69.04,76.51,21.0,2639118000,223764000,169000000,1971799000,30394000,1803000000,324719000,667319000,150.23,None,81.89,55.47
2025-12-28,VTR,0.53,5544046000.0,150.23,None,0.794,26.33,66832000,None,1641000,1641000,476036000,-818870000,None,None,0,None,None,None,25927000,95775000,None,115499000,115499000,60542000,None,None,2841000,None,None,88002000,241595000,1.89,0.0237,235200000,235200000,None,2.016,0.021,224110000,312112000,0.1,2014-12-31,135.14,None,2320469000.0,324719000,120900000,93527000,None,None,None,0,None,None,None,None,1786890000,None,None,107645000,None,None,None,0.156,334873000,100609000,100220000,219282000,108458000,None,None,None,None,None,None,None,1.737,3.025,6.75,None,None,None,None,None,540203000,None,0.0429,None,None,2025-10-29,quarterly,0.121,USD,post-market,None,-50402000,0.0214,0.0216,0.218,12.53,23104000,1802564000,10540000,59667000,69.04,76.51,21.0,2639118000,223764000,169000000,1971799000,30394000,1803000000,324719000,667319000,150.23,None,81.89,55.47
2025-12-28,VTR,0.53,5544046000.0,150.23,None,0.794,26.33,47661000,None,1641000,1641000,500079000,-850737000,None,None,0,None,None,None,25927000,95775000,None,115499000,115499000,60542000,None,None,2841000,None,None,88002000,203548000,1.89,0.0237,213462000,213462000,None,2.016,0.021,224110000,312112000,0.1,2014-09-30,135.14,None,2320469000.0,324719000,120900000,93527000,None,None,None,0,None,None,None,None,1786890000,None,None,109701000,None,None,None,0.156,324270000,100609000,100220000,219282000,108458000,None,None,None,None,None,None,None,1.737,3.025,6.75,None,None,None,None,None,0,None,0.0429,None,None,2025-10-29,quarterly,0.121,USD,post-market,None,-50402000,0.0214,0.0216,0.218,12.53,23104000,1802564000,10540000,59667000,69.04,76.51,21.0,2639118000,223764000,169000000,1971799000,30394000,1803000000,324719000,667319000,150.23,None,81.89,55.47
2025-12-28,VTR,0.53,5544046000.0,150.23,None,0.794,26.33,39867000,None,1641000,1641000,-116401000,-167083000,27797000,-953000,0,None,None,None,25927000,95775000,None,115499000,115499000,60542000,None,None,2841000,None,None,88002000,191101000,1.89,0.0237,213479000,213479000,None,2.016,0.021,224110000,312112000,0.1,2014-06-30,135.14,None,2320469000.0,324719000,120900000,93527000,None,None,None,0,None,None,None,None,1786890000,None,None,138566000,None,None,None,0.156,311281000,100609000,100220000,219282000,108458000,None,None,None,None,None,None,None,1.737,3.025,6.75,None,None,None,None,None,7145000,None,0.0429,None,None,2025-10-29,quarterly,0.121,USD,post-market,None,-50402000,0.0214,0.0216,0.218,12.53,23104000,1802564000,10540000,59667000,69.04,76.51,21.0,2639118000,223764000,169000000,1971799000,30394000,1803000000,324719000,667319000,150.23,None,81.89,55.47
2025-12-28,VTR,0.53,5544046000.0,150.23,None,0.794,26.33,40082000,None,1641000,1641000,-101657000,0,None,None,0,None,None,None,25927000,95775000,None,115499000,115499000,60542000,None,None,2841000,None,None,88002000,191911000,1.89,0.0237,213473000,213473000,None,2.016,0.021,224110000,312112000,0.1,2014-03-31,135.14,None,2320469000.0,324719000,120900000,93527000,None,None,None,0,None,None,None,None,1786890000,None,None,121274000,None,None,None,0.156,284421000,100609000,100220000,219282000,108458000,None,None,None,None,None,None,None,1.737,3.025,6.75,None,None,None,None,None,0,None,0.0429,None,None,2025-10-29,quarterly,0.121,USD,post-market,None,-50402000,0.0214,0.0216,0.218,12.53,23104000,1802564000,10540000,59667000,69.04,76.51,21.0,2639118000,223764000,169000000,1971799000,30394000,1803000000,324719000,667319000,150.23,None,81.89,55.47
2025-12-28,VTR,0.53,5544046000.0,150.23,None,0.794,26.33,52014000,None,1641000,1641000,-214499000,-104659000,40168000,-24000,0,None,None,None,25927000,95775000,None,115499000,115499000,60542000,None,None,2841000,None,None,88002000,197187000,1.89,0.0237,213353000,213353000,None,2.016,0.021,224110000,312112000,0.1,2013-12-31,135.14,None,2320469000.0,324719000,120900000,93527000,None,None,None,0,None,None,None,None,1786890000,None,None,108659000,None,None,None,0.156,359326000,100609000,100220000,219282000,108458000,None,None,None,None,None,None,None,1.737,3.025,6.75,None,None,None,None,None,1000702000,None,0.0429,None,None,2025-10-29,quarterly,0.121,USD,post-market,None,-50402000,0.0214,0.0216,0.218,12.53,23104000,1802564000,10540000,59667000,69.04,76.51,21.0,2639118000,223764000,169000000,1971799000,30394000,1803000000,324719000,667319000,150.23,None,81.89,55.47
2025-12-28,VTR,0.53,5544046000.0,150.23,None,0.794,26.33,44598000,None,1641000,1641000,698991000,-1034511000,-7779000,30000,0,None,None,None,25927000,95775000,None,115499000,115499000,60542000,None,None,2841000,None,None,88002000,184418000,1.89,0.0237,196540000,196540000,None,2.016,0.021,224110000,312112000,0.1,2013-09-30,135.14,None,2320469000.0,324719000,120900000,93527000,None,None,None,0,None,None,None,None,1786890000,None,None,118599000,None,None,None,0.156,327741000,100609000,100220000,219282000,108458000,None,None,None,None,None,None,None,1.737,3.025,6.75,None,None,None,None,None,848389000,None,0.0429,None,None,2025-10-29,quarterly,0.121,USD,post-market,None,-50402000,0.0214,0.0216,0.218,12.53,23104000,1802564000,10540000,59667000,69.04,76.51,21.0,2639118000,223764000,169000000,1971799000,30394000,1803000000,324719000,667319000,150.23,None,81.89,55.47
2025-12-28,VTR,0.53,5544046000.0,150.23,None,0.794,26.33,39360000,None,1641000,1641000,-69549000,-203063000,4771000,-40000,0,None,None,None,25927000,95775000,None,115499000,115499000,60542000,None,None,2841000,None,None,88002000,189917000,1.89,0.0237,196530000,196530000,None,2.016,0.021,224110000,312112000,0.1,2013-06-30,135.14,None,2320469000.0,324719000,120900000,93527000,None,None,None,0,None,None,None,None,1786890000,None,None,114533000,None,None,None,0.156,277383000,100609000,100220000,219282000,108458000,None,None,None,None,None,None,None,1.737,3.025,6.75,None,None,None,None,None,1584000,None,0.0429,None,None,2025-10-29,quarterly,0.121,USD,post-market,None,-50402000,0.0214,0.0216,0.218,12.53,23104000,1802564000,10540000,59667000,69.04,76.51,21.0,2639118000,223764000,169000000,1971799000,30394000,1803000000,324719000,667319000,150.23,None,81.89,55.47
2025-12-28,VTR,0.53,5544046000.0,150.23,None,0.794,26.33,41383000,None,1641000,1641000,-299947000,59473000,-10169000,-49000,0,None,None,None,25927000,95775000,None,115499000,115499000,60542000,None,None,2841000,None,None,88002000,181614000,1.89,0.0237,195700000,195700000,None,2.016,0.021,224110000,312112000,0.1,2013-03-31,135.14,None,2320469000.0,324719000,120900000,93527000,None,None,None,0,None,None,None,None,1786890000,None,None,113098000,None,None,None,0.156,230305000,100609000,100220000,219282000,108458000,None,None,None,None,None,None,None,1.737,3.025,6.75,None,None,None,None,None,916871000,None,0.0429,None,None,2025-10-29,quarterly,0.121,USD,post-market,None,-50402000,0.0214,0.0216,0.218,12.53,23104000,1802564000,10540000,59667000,69.04,76.51,21.0,2639118000,223764000,169000000,1971799000,30394000,1803000000,324719000,667319000,150.23,None,81.89,55.47
2025-12-28,VTR,0.53,5544046000.0,150.23,None,0.794,26.33,27160000,None,1641000,1641000,681662000,-955783000,None,None,0,None,None,None,25927000,95775000,None,115499000,115499000,60542000,None,None,2841000,None,None,88002000,193131000,1.89,0.0237,179271000,179271000,None,2.016,0.021,224110000,312112000,0.1,2012-12-31,135.14,None,2320469000.0,324719000,120900000,93527000,None,None,None,0,None,None,None,None,1786890000,None,None,86126000,None,None,None,0.156,283497000,100609000,100220000,219282000,108458000,None,None,None,None,None,None,None,1.737,3.025,6.75,None,None,None,None,None,342469000,None,0.0429,None,None,2025-10-29,quarterly,0.121,USD,post-market,None,-50402000,0.0214,0.0216,0.218,12.53,23104000,1802564000,10540000,59667000,69.04,76.51,21.0,2639118000,223764000,169000000,1971799000,30394000,1803000000,324719000,667319000,150.23,None,81.89,55.47
2025-12-28,VTR,0.53,5544046000.0,150.23,None,0.794,26.33,273966000,None,1641000,1641000,-3969000,-238855000,None,None,0,None,None,None,25927000,95775000,None,115499000,115499000,60542000,None,None,2841000,None,None,88002000,165296000,1.89,0.0237,183283000,183283000,None,2.016,0.021,224110000,312112000,0.1,2012-09-30,135.14,None,2320469000.0,324719000,120900000,93527000,None,None,None,0,None,None,None,None,1786890000,None,None,111821000,None,None,None,0.156,248511000,100609000,100220000,219282000,108458000,None,None,None,None,None,None,None,1.737,3.025,6.75,None,None,None,None,None,342469000,None,0.0429,None,None,2025-10-29,quarterly,0.121,USD,post-market,None,-50402000,0.0214,0.0216,0.218,12.53,23104000,1802564000,10540000,59667000,69.04,76.51,21.0,2639118000,223764000,169000000,1971799000,30394000,1803000000,324719000,667319000,150.23,None,81.89,55.47
2025-12-28,VTR,0.53,5544046000.0,150.23,None,0.794,26.33,912697000,None,1641000,1641000,718508000,-934739000,None,None,0,None,None,None,25927000,95775000,None,115499000,115499000,60542000,None,None,2841000,None,None,88002000,211877000,1.89,0.0237,182704000,182704000,None,2.016,0.021,224110000,312112000,0.1,2012-06-30,135.14,None,2320469000.0,324719000,120900000,93527000,None,None,None,0,None,None,None,None,1786890000,None,None,73736000,None,None,None,0.156,215847000,100609000,100220000,219282000,108458000,None,None,None,None,None,None,None,1.737,3.025,6.75,None,None,None,None,None,601985000,None,0.0429,None,None,2025-10-29,quarterly,0.121,USD,post-market,None,-50402000,0.0214,0.0216,0.218,12.53,23104000,1802564000,10540000,59667000,69.04,76.51,21.0,2639118000,223764000,169000000,1971799000,30394000,1803000000,324719000,667319000,150.23,None,81.89,55.47
2025-12-28,VTR,0.53,5544046000.0,150.23,None,0.794,26.33,10519000,None,1641000,1641000,-197287000,-40312000,None,None,0,None,None,None,25927000,95775000,None,115499000,115499000,60542000,None,None,2841000,None,None,88002000,154528000,1.89,0.0237,179253000,179253000,None,2.016,0.021,224110000,312112000,0.1,2012-03-31,135.14,None,2320469000.0,324719000,120900000,93527000,None,None,None,0,None,None,None,None,1786890000,None,None,90092000,None,None,None,0.156,244961000,100609000,100220000,219282000,108458000,None,None,None,None,None,None,None,1.737,3.025,6.75,None,None,None,None,None,0,None,0.0429,None,None,2025-10-29,quarterly,0.121,USD,post-market,None,-50402000,0.0214,0.0216,0.218,12.53,23104000,1802564000,10540000,59667000,69.04,76.51,21.0,2639118000,223764000,169000000,1971799000,30394000,1803000000,324719000,667319000,150.23,None,81.89,55.47
2025-12-28,VTR,0.53,5544046000.0,150.23,None,0.794,26.33,256324000,None,1641000,1641000,-186508000,-154515000,None,None,0,None,None,None,25927000,95775000,None,115499000,115499000,60542000,None,None,2841000,None,None,88002000,166163000,1.89,0.0237,164632000,164632000,None,2.016,0.021,224110000,312112000,0.1,2011-12-31,135.14,None,2320469000.0,324719000,120900000,93527000,None,None,None,0,None,None,None,None,1786890000,None,None,192497000,None,None,None,0.156,329296000,100609000,100220000,219282000,108458000,None,None,None,None,None,None,None,1.737,3.025,6.75,None,None,None,None,None,489339000,None,0.0429,None,None,2025-10-29,quarterly,0.121,USD,post-market,None,-50402000,0.0214,0.0216,0.218,12.53,23104000,1802564000,10540000,59667000,69.04,76.51,21.0,2639118000,223764000,169000000,1971799000,30394000,1803000000,324719000,667319000,150.23,None,81.89,55.47
2025-12-28,VTR,0.53,5544046000.0,150.23,None,0.794,26.33,89645000,None,1641000,1641000,81141000,-334347000,30978000,-198000,0,None,None,None,25927000,95775000,None,115499000,115499000,60542000,None,None,2841000,None,None,88002000,213220000,1.89,0.0237,154980000,154980000,None,2.016,0.021,224110000,312112000,0.1,2011-09-30,135.14,None,2320469000.0,324719000,120900000,93527000,None,None,None,0,None,None,None,None,1786890000,None,None,91456000,None,None,None,0.156,301051000,100609000,100220000,219282000,108458000,None,None,None,None,None,None,None,1.737,3.025,6.75,None,None,None,None,None,150350000,None,0.0429,None,None,2025-10-29,quarterly,0.121,USD,post-market,None,-50402000,0.0214,0.0216,0.218,12.53,23104000,1802564000,10540000,59667000,69.04,76.51,21.0,2639118000,223764000,169000000,1971799000,30394000,1803000000,324719000,667319000,150.23,None,81.89,55.47
2025-12-28,VTR,0.53,5544046000.0,150.23,None,0.794,26.33,553420000,None,1641000,1641000,496105000,-540258000,-15205000,8000,0,None,None,None,25927000,95775000,None,115499000,115499000,60542000,None,None,2841000,None,None,88002000,26126000,1.89,0.0237,108211000,108211000,None,2.016,0.021,224110000,312112000,0.1,2011-06-30,135.14,None,2320469000.0,324719000,120900000,93527000,None,None,None,0,None,None,None,None,1786890000,None,None,19734000,None,None,None,0.156,12081000,100609000,100220000,219282000,108458000,None,None,None,None,None,None,None,1.737,3.025,6.75,None,None,None,None,None,1226773000,None,0.0429,None,None,2025-10-29,quarterly,0.121,USD,post-market,None,-50402000,0.0214,0.0216,0.218,12.53,23104000,1802564000,10540000,59667000,69.04,76.51,21.0,2639118000,223764000,169000000,1971799000,30394000,1803000000,324719000,667319000,150.23,None,81.89,55.47
2025-12-28,VTR,0.53,5544046000.0,150.23,None,0.794,26.33,7963000,None,1641000,1641000,-142456000,31681000,19994000,93000,0,None,None,None,25927000,95775000,None,115499000,115499000,60542000,None,None,2841000,None,None,88002000,54195000,1.89,0.0237,93738000,93738000,None,2.016,0.021,224110000,312112000,0.1,2011-03-31,135.14,None,2320469000.0,324719000,120900000,93527000,None,None,None,0,None,None,None,None,1786890000,None,None,49046000,None,None,None,0.156,130769000,100609000,100220000,219282000,108458000,None,None,None,None,None,None,None,1.737,3.025,6.75,None,None,None,None,None,14630000,None,0.0429,None,None,2025-10-29,quarterly,0.121,USD,post-market,None,-50402000,0.0214,0.0216,0.218,12.53,23104000,1802564000,10540000,59667000,69.04,76.51,21.0,2639118000,223764000,169000000,1971799000,30394000,1803000000,324719000,667319000,150.23,None,81.89,55.47
2025-12-28,VTR,0.53,5544046000.0,150.23,None,0.794,26.33,41896000,None,1641000,1641000,-80133000,-33444000,None,None,None,None,None,None,25927000,95775000,None,115499000,115499000,60542000,None,None,2841000,None,None,88002000,64365000,1.89,0.0237,92246000,92246000,None,2.016,0.021,224110000,312112000,0.1,2010-12-31,135.14,None,2320469000.0,324719000,120900000,93527000,None,None,None,0,None,None,None,None,1786890000,None,None,78702000,None,None,None,0.156,101503000,100609000,100220000,219282000,108458000,None,None,None,None,None,None,None,1.737,3.025,6.75,None,None,None,None,None,None,None,0.0429,None,None,2025-10-29,quarterly,0.121,USD,post-market,None,-50402000,0.0214,0.0216,0.218,12.53,23104000,1802564000,10540000,59667000,69.04,76.51,21.0,2639118000,223764000,169000000,1971799000,30394000,1803000000,324719000,667319000,150.23,None,81.89,55.47
2025-12-28,VTR,0.53,5544046000.0,150.23,None,0.794,26.33,222407000,None,1641000,1641000,114516000,-247039000,None,None,0,None,None,None,25927000,95775000,None,115499000,115499000,60542000,None,None,2841000,None,None,88002000,50563000,1.89,0.0237,84092000,84092000,None,2.016,0.021,224110000,312112000,0.1,2010-09-30,135.14,None,2320469000.0,324719000,120900000,93527000,None,None,None,0,None,None,None,None,1786890000,None,None,58894000,None,None,None,0.156,138402000,100609000,100220000,219282000,108458000,None,None,None,None,None,None,None,1.737,3.025,6.75,None,None,None,None,None,0,None,0.0429,None,None,2025-10-29,quarterly,0.121,USD,post-market,None,-50402000,0.0214,0.0216,0.218,12.53,23104000,1802564000,10540000,59667000,69.04,76.51,21.0,2639118000,223764000,169000000,1971799000,30394000,1803000000,324719000,667319000,150.23,None,81.89,55.47
2025-12-28,VTR,0.53,5544046000.0,150.23,None,0.794,26.33,13838000,None,1641000,1641000,-204764000,8568000,None,None,0,None,None,None,25927000,95775000,None,115499000,115499000,60542000,None,None,2841000,None,None,88002000,52398000,1.89,0.0237,83948000,83948000,None,2.016,0.021,224110000,312112000,0.1,2010-06-30,135.14,None,2320469000.0,324719000,120900000,93527000,None,None,None,0,None,None,None,None,1786890000,None,None,58965000,None,None,None,0.156,92156000,100609000,100220000,219282000,108458000,None,None,None,None,None,None,None,1.737,3.025,6.75,None,None,None,None,None,0,None,0.0429,None,None,2025-10-29,quarterly,0.121,USD,post-market,None,-50402000,0.0214,0.0216,0.218,12.53,23104000,1802564000,10540000,59667000,69.04,76.51,21.0,2639118000,223764000,169000000,1971799000,30394000,1803000000,324719000,667319000,150.23,None,81.89,55.47
2025-12-28,VTR,0.53,5544046000.0,150.23,None,0.794,26.33,16155000,None,1641000,1641000,-61071000,-30005000,None,None,0,None,None,None,25927000,95775000,None,115499000,115499000,60542000,None,None,2841000,None,None,88002000,54691000,1.89,0.0237,83881000,83881000,None,2.016,0.021,224110000,312112000,0.1,2010-03-31,135.14,None,2320469000.0,324719000,120900000,93527000,None,None,None,0,None,None,None,None,1786890000,None,None,53168000,None,None,None,0.156,115561000,100609000,100220000,219282000,108458000,None,None,None,None,None,None,None,1.737,3.025,6.75,None,None,None,None,None,0,None,0.0429,None,None,2025-10-29,quarterly,0.121,USD,post-market,None,-50402000,0.0214,0.0216,0.218,12.53,23104000,1802564000,10540000,59667000,69.04,76.51,21.0,2639118000,223764000,169000000,1971799000,30394000,1803000000,324719000,667319000,150.23,None,81.89,55.47
2025-12-28,VTR,0.53,5544046000.0,150.23,None,0.794,26.33,28601000,None,1641000,1641000,5529000,-67930000,None,None,0,None,None,None,25927000,95775000,None,115499000,115499000,60542000,None,None,2841000,None,None,88002000,59301000,1.89,0.0237,90182000,90182000,None,2.016,0.021,224110000,312112000,0.1,2009-12-31,135.14,None,2320469000.0,324719000,120900000,93527000,None,None,None,0,None,None,None,None,1786890000,None,None,54778000,None,None,None,0.156,98904000,100609000,100220000,219282000,108458000,None,None,None,None,None,None,None,1.737,3.025,6.75,None,None,None,None,None,360681000,None,0.0429,None,None,2025-10-29,quarterly,0.121,USD,post-market,None,-50402000,0.0214,0.0216,0.218,12.53,23104000,1802564000,10540000,59667000,69.04,76.51,21.0,2639118000,223764000,169000000,1971799000,30394000,1803000000,324719000,667319000,150.23,None,81.89,55.47
2025-12-28,VTR,0.53,5544046000.0,150.23,None,0.794,26.33,7526000,None,1641000,1641000,-97824000,-6131000,None,None,0,None,None,None,25927000,95775000,None,115499000,115499000,60542000,None,None,2841000,None,None,88002000,52268000,1.89,0.0237,80271000,80271000,None,2.016,0.021,224110000,312112000,0.1,2009-09-30,135.14,None,2320469000.0,324719000,120900000,93527000,None,None,None,0,None,None,None,None,1786890000,None,None,50430000,None,None,None,0.156,128055000,100609000,100220000,219282000,108458000,None,None,None,None,None,None,None,1.737,3.025,6.75,None,None,None,None,None,299201000,None,0.0429,None,None,2025-10-29,quarterly,0.121,USD,post-market,None,-50402000,0.0214,0.0216,0.218,12.53,23104000,1802564000,10540000,59667000,69.04,76.51,21.0,2639118000,223764000,169000000,1971799000,30394000,1803000000,324719000,667319000,150.23,None,81.89,55.47
2025-12-28,VTR,0.53,5544046000.0,150.23,None,0.794,26.33,11129000,None,1641000,1641000,-127460000,-5078000,None,None,0,None,None,None,25927000,95775000,None,115499000,115499000,60542000,None,None,2841000,None,None,88002000,50675000,1.89,0.0237,78855000,78855000,None,2.016,0.021,224110000,312112000,0.1,2009-06-30,135.14,None,2320469000.0,324719000,120900000,93527000,None,None,None,0,None,None,None,None,1786890000,None,None,89183000,None,None,None,0.156,83000000,100609000,100220000,219282000,108458000,None,None,None,None,None,None,None,1.737,3.025,6.75,None,None,None,None,None,291914000,None,0.0429,None,None,2025-10-29,quarterly,0.121,USD,post-market,None,-50402000,0.0214,0.0216,0.218,12.53,23104000,1802564000,10540000,59667000,69.04,76.51,21.0,2639118000,223764000,169000000,1971799000,30394000,1803000000,324719000,667319000,150.23,None,81.89,55.47
2025-12-28,VTR,0.53,5544046000.0,150.23,None,0.794,26.33,12257000,None,1641000,1641000,-270425000,77393000,None,None,None,None,None,None,25927000,95775000,None,115499000,115499000,60542000,None,None,2841000,None,None,88002000,50516000,1.89,0.0237,74960000,74960000,None,2.016,0.021,224110000,312112000,0.1,2009-03-31,135.14,None,2320469000.0,324719000,120900000,93527000,None,None,None,0,None,None,None,None,1786890000,None,None,74969000,None,None,None,0.156,112142000,100609000,100220000,219282000,108458000,None,None,None,None,None,None,None,1.737,3.025,6.75,None,None,None,None,None,None,None,0.0429,None,None,2025-10-29,quarterly,0.121,USD,post-market,None,-50402000,0.0214,0.0216,0.218,12.53,23104000,1802564000,10540000,59667000,69.04,76.51,21.0,2639118000,223764000,169000000,1971799000,30394000,1803000000,324719000,667319000,150.23,None,81.89,55.47
2025-12-28,VTR,0.53,5544046000.0,150.23,None,0.794,26.33,10699000,None,1641000,1641000,-34700000,26888000,None,None,-8596000,None,None,None,25927000,95775000,None,115499000,115499000,60542000,None,None,2841000,None,None,88002000,61607000,1.89,0.0237,73468000,73468000,None,2.016,0.021,224110000,312112000,0.1,2008-12-31,135.14,None,2320469000.0,324719000,120900000,93527000,None,None,None,0,None,None,None,None,1786890000,None,None,58475000,None,None,None,0.156,67699000,100609000,100220000,219282000,108458000,None,None,None,None,None,None,None,1.737,3.025,6.75,None,None,None,None,None,611809000,None,0.0429,None,None,2025-10-29,quarterly,0.121,USD,post-market,None,-50402000,0.0214,0.0216,0.218,12.53,23104000,1802564000,10540000,59667000,69.04,76.51,21.0,2639118000,223764000,169000000,1971799000,30394000,1803000000,324719000,667319000,150.23,None,81.89,55.47
2025-12-28,VTR,0.53,5544046000.0,150.23,None,0.794,26.33,49265000,None,1641000,1641000,29778000,-68349000,None,None,None,None,None,None,25927000,95775000,None,115499000,115499000,60542000,None,None,2841000,None,None,88002000,44645000,1.89,0.0237,71563000,71563000,None,2.016,0.021,224110000,312112000,0.1,2008-09-30,135.14,None,2320469000.0,324719000,120900000,93527000,None,None,None,0,None,None,None,None,1786890000,None,None,64695000,None,None,None,0.156,125294000,100609000,100220000,219282000,108458000,None,None,None,None,None,None,None,1.737,3.025,6.75,None,None,None,None,None,4005000,None,0.0429,None,None,2025-10-29,quarterly,0.121,USD,post-market,None,-50402000,0.0214,0.0216,0.218,12.53,23104000,1802564000,10540000,59667000,69.04,76.51,21.0,2639118000,223764000,169000000,1971799000,30394000,1803000000,324719000,667319000,150.23,None,81.89,55.47
2025-12-28,VTR,0.53,5544046000.0,150.23,None,0.794,26.33,3293000,None,1641000,1641000,-859000,-87937000,None,None,None,None,None,None,25927000,95775000,None,115499000,115499000,60542000,None,None,2841000,None,None,88002000,61086000,1.89,0.0237,72912000,72912000,None,2.016,0.021,224110000,312112000,0.1,2008-06-30,135.14,None,2320469000.0,324719000,120900000,93527000,None,None,None,0,None,None,None,None,1786890000,None,None,71066000,None,None,None,0.156,66556000,100609000,100220000,219282000,108458000,None,None,None,None,None,None,None,1.737,3.025,6.75,None,None,None,None,None,None,None,0.0429,None,None,2025-10-29,quarterly,0.121,USD,post-market,None,-50402000,0.0214,0.0216,0.218,12.53,23104000,1802564000,10540000,59667000,69.04,76.51,21.0,2639118000,223764000,169000000,1971799000,30394000,1803000000,324719000,667319000,150.23,None,81.89,55.47
2025-12-28,VTR,0.53,5544046000.0,150.23,None,0.794,26.33,6903000,None,1641000,1641000,-74466000,-6858000,None,None,None,None,None,None,25927000,95775000,None,115499000,115499000,60542000,None,None,2841000,None,None,88002000,68725000,1.89,0.0237,70906000,70906000,None,2.016,0.021,224110000,312112000,0.1,2008-03-31,135.14,None,2320469000.0,324719000,120900000,93527000,None,None,None,0,None,None,None,None,1786890000,None,None,32052000,None,None,None,0.156,104626000,100609000,100220000,219282000,108458000,None,None,None,None,None,None,None,1.737,3.025,6.75,None,None,None,None,None,5001000,None,0.0429,None,None,2025-10-29,quarterly,0.121,USD,post-market,None,-50402000,0.0214,0.0216,0.218,12.53,23104000,1802564000,10540000,59667000,69.04,76.51,21.0,2639118000,223764000,169000000,1971799000,30394000,1803000000,324719000,667319000,150.23,None,81.89,55.47
2025-12-28,VTR,0.53,5544046000.0,150.23,None,0.794,26.33,2623816000,None,1641000,1641000,-3443000,-58005000,None,None,-23958000,None,None,None,25927000,95775000,None,115499000,115499000,60542000,None,None,2841000,None,None,88002000,75000000,1.89,0.0237,63486000,63486000,None,2.016,0.021,224110000,312112000,0.1,2007-12-31,135.14,None,2320469000.0,324719000,120900000,93527000,None,None,None,0,None,None,None,None,1786890000,None,None,29401000,None,None,None,0.156,51837000,100609000,100220000,219282000,108458000,None,None,None,None,None,None,None,1.737,3.025,6.75,None,None,None,None,None,-49450000,None,0.0429,None,None,2025-10-29,quarterly,0.121,USD,post-market,None,-50402000,0.0214,0.0216,0.218,12.53,23104000,1802564000,10540000,59667000,69.04,76.51,21.0,2639118000,223764000,169000000,1971799000,30394000,1803000000,324719000,667319000,150.23,None,81.89,55.47
2025-12-28,VTR,0.53,5544046000.0,150.23,None,0.794,26.33,165912000,None,1641000,1641000,-98298000,-74452000,None,None,51097000,None,None,None,25927000,95775000,None,115499000,115499000,60542000,None,None,2841000,None,None,88002000,70716000,1.89,0.0237,63411000,63411000,None,2.016,0.021,224110000,312112000,0.1,2007-09-30,135.14,None,2320469000.0,324719000,120900000,93527000,None,None,None,0,None,None,None,None,1786890000,None,None,28014000,None,None,None,0.156,182134000,100609000,100220000,219282000,108458000,None,None,None,None,None,None,None,1.737,3.025,6.75,None,None,None,None,None,1501553000,None,0.0429,None,None,2025-10-29,quarterly,0.121,USD,post-market,None,-50402000,0.0214,0.0216,0.218,12.53,23104000,1802564000,10540000,59667000,69.04,76.51,21.0,2639118000,223764000,169000000,1971799000,30394000,1803000000,324719000,667319000,150.23,None,81.89,55.47
2025-12-28,VTR,0.53,5544046000.0,150.23,None,0.794,26.33,2427553000,None,1641000,1641000,971553000,-1015655000,None,None,-29286000,None,None,None,25927000,95775000,None,115499000,115499000,60542000,None,None,2841000,None,None,88002000,58352000,1.89,0.0237,66820000,66820000,None,2.016,0.021,224110000,312112000,0.1,2007-06-30,135.14,None,2320469000.0,324719000,120900000,93527000,None,None,None,0,None,None,None,None,1786890000,None,None,179797000,None,None,None,0.156,77658000,100609000,100220000,219282000,108458000,None,None,None,None,None,None,None,1.737,3.025,6.75,None,None,None,None,None,-143185000,None,0.0429,None,None,2025-10-29,quarterly,0.121,USD,post-market,None,-50402000,0.0214,0.0216,0.218,12.53,23104000,1802564000,10540000,59667000,69.04,76.51,21.0,2639118000,223764000,169000000,1971799000,30394000,1803000000,324719000,667319000,150.23,None,81.89,55.47
2025-12-28,VTR,0.53,5544046000.0,150.23,None,0.794,26.33,30351000,None,1641000,1641000,-64163000,-25264000,None,None,None,None,None,None,25927000,95775000,None,115499000,115499000,60542000,None,None,2841000,None,None,88002000,33433000,1.89,0.0237,92471000,92471000,None,2.016,0.021,224110000,312112000,0.1,2007-03-31,135.14,None,2320469000.0,324719000,120900000,93527000,None,None,None,0,None,None,None,None,1786890000,None,None,45106000,None,None,None,0.156,88181000,100609000,100220000,219282000,108458000,None,None,None,None,None,None,None,1.737,3.025,6.75,None,None,None,None,None,151500000,None,0.0429,None,None,2025-10-29,quarterly,0.121,USD,post-market,None,-50402000,0.0214,0.0216,0.218,12.53,23104000,1802564000,10540000,59667000,69.04,76.51,21.0,2639118000,223764000,169000000,1971799000,30394000,1803000000,324719000,667319000,150.23,None,81.89,55.47
2025-12-28,VTR,0.53,5544046000.0,150.23,None,0.794,26.33,426367000,None,1641000,1641000,208194000,-269504000,None,None,-12365000,None,None,None,25927000,95775000,None,115499000,115499000,60542000,None,None,2841000,None,None,88002000,32421000,1.89,0.0237,160596420,160596420,None,2.016,0.021,224110000,312112000,0.1,2006-12-31,135.14,None,2320469000.0,324719000,120900000,93527000,None,None,None,0,None,None,None,None,1786890000,None,None,40797000,None,None,None,0.156,60621000,100609000,100220000,219282000,108458000,None,None,None,None,None,None,None,1.737,3.025,6.75,None,None,None,None,None,385996420,None,0.0429,None,None,2025-10-29,quarterly,0.121,USD,post-market,None,-50402000,0.0214,0.0216,0.218,12.53,23104000,1802564000,10540000,59667000,69.04,76.51,21.0,2639118000,223764000,169000000,1971799000,30394000,1803000000,324719000,667319000,150.23,None,81.89,55.47
2025-12-28,VTR,0.53,5544046000.0,150.23,None,0.794,26.33,101000,None,1641000,1641000,84071000,-157071000,None,None,15461000,None,None,None,25927000,95775000,None,115499000,115499000,60542000,None,None,2841000,None,None,88002000,30849000,1.89,0.0237,41141000,41141000,None,2.016,0.021,224110000,312112000,0.1,2006-09-30,135.14,None,2320469000.0,324719000,120900000,93527000,None,None,None,0,None,None,None,None,1786890000,None,None,32241000,None,None,None,0.156,73003000,100609000,100220000,219282000,108458000,None,None,None,None,None,None,None,1.737,3.025,6.75,None,None,None,None,None,221531000,None,0.0429,None,None,2025-10-29,quarterly,0.121,USD,post-market,None,-50402000,0.0214,0.0216,0.218,12.53,23104000,1802564000,10540000,59667000,69.04,76.51,21.0,2639118000,223764000,169000000,1971799000,30394000,1803000000,324719000,667319000,150.23,None,81.89,55.47
2025-12-28,VTR,0.53,5544046000.0,150.23,None,0.794,26.33,15857000,None,1641000,1641000,-24737000,-10884000,None,None,-21087000,None,None,None,25927000,95775000,None,115499000,115499000,60542000,None,None,2841000,None,None,88002000,28516000,1.89,0.0237,41074000,41074000,None,2.016,0.021,224110000,312112000,0.1,2006-06-30,135.14,None,2320469000.0,324719000,120900000,93527000,None,None,None,0,None,None,None,None,1786890000,None,None,30531000,None,None,None,0.156,36087000,100609000,100220000,219282000,108458000,None,None,None,None,None,None,None,1.737,3.025,6.75,None,None,None,None,None,-52600000,None,0.0429,None,None,2025-10-29,quarterly,0.121,USD,post-market,None,-50402000,0.0214,0.0216,0.218,12.53,23104000,1802564000,10540000,59667000,69.04,76.51,21.0,2639118000,223764000,169000000,1971799000,30394000,1803000000,324719000,667319000,150.23,None,81.89,55.47
2025-12-28,VTR,0.53,5544046000.0,150.23,None,0.794,26.33,48354000,None,1641000,1641000,-24816000,-44515000,None,None,17727000,None,None,None,25927000,95775000,None,115499000,115499000,60542000,None,None,2841000,None,None,88002000,27867000,1.89,0.0237,78383000,78383000,None,2.016,0.021,224110000,312112000,0.1,2006-03-31,135.14,None,2320469000.0,324719000,120900000,93527000,None,None,None,0,None,None,None,None,1786890000,None,None,29134000,None,None,None,0.156,69156000,100609000,100220000,219282000,108458000,None,None,None,None,None,None,None,1.737,3.025,6.75,None,None,None,None,None,54674000,None,0.0429,None,None,2025-10-29,quarterly,0.121,USD,post-market,None,-50402000,0.0214,0.0216,0.218,12.53,23104000,1802564000,10540000,59667000,69.04,76.51,21.0,2639118000,223764000,169000000,1971799000,30394000,1803000000,324719000,667319000,150.23,None,81.89,55.47
2025-12-28,VTR,0.53,5544046000.0,150.23,None,0.794,26.33,9591000,None,1641000,1641000,-59549000,3224000,None,None,-17583000,None,None,None,25927000,95775000,None,115499000,115499000,60542000,None,None,2841000,None,None,88002000,31174000,1.89,0.0237,37255000,37255000,None,2.016,0.021,224110000,312112000,0.1,2005-12-31,135.14,None,2320469000.0,324719000,120900000,93527000,None,None,None,0,None,None,None,None,1786890000,None,None,47221000,None,None,None,0.156,52202000,100609000,100220000,219282000,108458000,None,None,None,None,None,None,None,1.737,3.025,6.75,None,None,None,None,None,193300000,None,0.0429,None,None,2025-10-29,quarterly,0.121,USD,post-market,None,-50402000,0.0214,0.0216,0.218,12.53,23104000,1802564000,10540000,59667000,69.04,76.51,21.0,2639118000,223764000,169000000,1971799000,30394000,1803000000,324719000,667319000,150.23,None,81.89,55.47
2025-12-28,VTR,0.53,5544046000.0,150.23,None,0.794,26.33,98181000,None,1641000,1641000,27003000,-93421000,None,None,36094000,None,None,None,25927000,95775000,None,115499000,115499000,60542000,None,None,2841000,None,None,88002000,26597000,1.89,0.0237,88588000,88588000,None,2.016,0.021,224110000,312112000,0.1,2005-09-30,135.14,None,2320469000.0,324719000,120900000,93527000,None,None,None,0,None,None,None,None,1786890000,None,None,28721000,None,None,None,0.156,71380000,100609000,100220000,219282000,108458000,None,None,None,None,None,None,None,1.737,3.025,6.75,None,None,None,None,None,None,None,0.0429,None,None,2025-10-29,quarterly,0.121,USD,post-market,None,-50402000,0.0214,0.0216,0.218,12.53,23104000,1802564000,10540000,59667000,69.04,76.51,21.0,2639118000,223764000,169000000,1971799000,30394000,1803000000,324719000,667319000,150.23,None,81.89,55.47
2025-12-28,VTR,0.53,5544046000.0,150.23,None,0.794,26.33,603846000,None,1641000,1641000,1445220000,-2377089000,None,None,None,None,None,None,25927000,95775000,None,115499000,115499000,60542000,None,None,2841000,None,None,88002000,1283286000,1.89,0.0237,740326000,740326000,None,2.016,0.021,224110000,312112000,0.1,2024-12-31,135.14,None,2320469000.0,324719000,120900000,93527000,None,None,None,0,None,None,None,None,1786890000,None,None,88351000,None,None,None,0.156,1329625000,100609000,100220000,219282000,108458000,None,None,None,None,None,None,None,1.737,3.025,6.75,None,None,None,None,None,1990919000,None,0.0429,None,None,2025-10-29,annual,0.121,USD,post-market,None,-50402000,0.0214,0.0216,0.218,12.53,23104000,1802564000,10540000,59667000,69.04,76.51,21.0,2639118000,223764000,169000000,1971799000,30394000,1803000000,324719000,667319000,150.23,None,81.89,55.47
2025-12-28,VTR,0.53,5544046000.0,150.23,None,0.794,26.33,259415000,None,1641000,1641000,-543749000,-184664000,None,None,None,None,None,None,25927000,95775000,None,115499000,115499000,60542000,None,None,2841000,None,None,88002000,1414877000,1.89,0.0237,723559000,723559000,None,2.016,0.021,224110000,312112000,0.1,2023-12-31,135.14,None,2320469000.0,324719000,120900000,93527000,None,None,None,0,None,None,None,None,1786890000,None,None,-30297000,None,None,None,0.156,1119873000,100609000,100220000,219282000,108458000,None,None,None,None,None,None,None,1.737,3.025,6.75,None,None,None,None,None,41837000,None,0.0429,None,None,2025-10-29,annual,0.121,USD,post-market,None,-50402000,0.0214,0.0216,0.218,12.53,23104000,1802564000,10540000,59667000,69.04,76.51,21.0,2639118000,223764000,169000000,1971799000,30394000,1803000000,324719000,667319000,150.23,None,81.89,55.47
2025-12-28,VTR,0.53,5544046000.0,150.23,None,0.794,26.33,454069000,None,1641000,1641000,-283928000,-859218000,-22983000,None,None,None,None,None,25927000,95775000,None,115499000,115499000,60542000,None,None,2841000,None,None,88002000,1210755000,1.89,0.0237,720319000,720319000,None,2.016,0.021,224110000,312112000,0.1,2022-12-31,135.14,None,2320469000.0,324719000,120900000,93527000,None,None,None,0,None,None,None,None,1786890000,None,None,-40931000,None,None,None,0.156,1120163000,100609000,100220000,219282000,108458000,None,None,None,None,None,None,None,1.737,3.025,6.75,None,None,None,None,None,-19750000,None,0.0429,None,None,2025-10-29,annual,0.121,USD,post-market,None,-50402000,0.0214,0.0216,0.218,12.53,23104000,1802564000,10540000,59667000,69.04,76.51,21.0,2639118000,223764000,169000000,1971799000,30394000,1803000000,324719000,667319000,150.23,None,81.89,55.47
2025-12-28,VTR,0.53,5544046000.0,150.23,None,0.794,26.33,432969000,None,1641000,1641000,-558466000,-724140000,-256490000,None,None,None,None,None,25927000,95775000,None,115499000,115499000,60542000,None,None,2841000,None,None,88002000,1215112000,1.89,0.0237,686888000,686888000,None,2.016,0.021,224110000,312112000,0.1,2021-12-31,135.14,None,2320469000.0,324719000,120900000,93527000,None,None,None,0,None,None,None,None,1786890000,None,None,56559000,None,None,None,0.156,1026116000,100609000,100220000,219282000,108458000,None,None,None,None,None,None,None,1.737,3.025,6.75,None,None,None,None,None,-96000,None,0.0429,None,None,2025-10-29,annual,0.121,USD,post-market,None,-50402000,0.0214,0.0216,0.218,12.53,23104000,1802564000,10540000,59667000,69.04,76.51,21.0,2639118000,223764000,169000000,1971799000,30394000,1803000000,324719000,667319000,150.23,None,81.89,55.47
2025-12-28,VTR,0.53,5544046000.0,150.23,None,0.794,26.33,528647000,None,1641000,1641000,-1300021000,154295000,304450000,None,None,None,None,None,25927000,95775000,None,115499000,115499000,60542000,None,None,2841000,None,None,88002000,1130482000,1.89,0.0237,928809000,928809000,None,2.016,0.021,224110000,312112000,0.1,2020-12-31,135.14,None,2320469000.0,324719000,120900000,93527000,None,None,None,0,None,None,None,None,1786890000,None,None,441185000,None,None,None,0.156,1450176000,100609000,100220000,219282000,108458000,None,None,None,None,None,None,None,1.737,3.025,6.75,None,None,None,None,None,-575000,None,0.0429,None,None,2025-10-29,annual,0.121,USD,post-market,None,-50402000,0.0214,0.0216,0.218,12.53,23104000,1802564000,10540000,59667000,69.04,76.51,21.0,2639118000,223764000,169000000,1971799000,30394000,1803000000,324719000,667319000,150.23,None,81.89,55.47
2025-12-28,VTR,0.53,5544046000.0,150.23,None,0.794,26.33,560647000,None,1641000,1641000,160674000,-1585299000,13158000,None,None,None,None,None,25927000,95775000,None,115499000,115499000,60542000,None,None,2841000,None,None,88002000,1068605000,1.89,0.0237,1157720000,1157720000,None,2.016,0.021,224110000,312112000,0.1,2019-12-31,135.14,None,2320469000.0,324719000,120900000,93527000,None,None,None,0,None,None,None,None,1786890000,None,None,439297000,None,None,None,0.156,1437783000,100609000,100220000,219282000,108458000,None,None,None,None,None,None,None,1.737,3.025,6.75,None,None,None,None,None,-2203000,None,0.0429,None,None,2025-10-29,annual,0.121,USD,post-market,None,-50402000,0.0214,0.0216,0.218,12.53,23104000,1802564000,10540000,59667000,69.04,76.51,21.0,2639118000,223764000,169000000,1971799000,30394000,1803000000,324719000,667319000,150.23,None,81.89,55.47
2025-12-28,VTR,0.53,5544046000.0,150.23,None,0.794,26.33,462734000,None,1641000,1641000,-1761937000,324496000,-56789000,-815000,None,None,None,None,25927000,95775000,None,115499000,115499000,60542000,None,None,2841000,None,None,88002000,938525000,1.89,0.0237,1127143000,1127143000,None,2.016,0.021,224110000,312112000,0.1,2018-12-31,135.14,None,2320469000.0,324719000,120900000,93527000,None,None,None,0,None,None,None,None,1786890000,None,None,415981000,None,None,None,0.156,1381467000,100609000,100220000,219282000,108458000,None,None,None,None,None,None,None,1.737,3.025,6.75,None,None,None,None,None,-1370000,None,0.0429,None,None,2025-10-29,annual,0.121,USD,post-market,None,-50402000,0.0214,0.0216,0.218,12.53,23104000,1802564000,10540000,59667000,69.04,76.51,21.0,2639118000,223764000,169000000,1971799000,30394000,1803000000,324719000,667319000,150.23,None,81.89,55.47
2025-12-28,VTR,0.53,5544046000.0,150.23,None,0.794,26.33,431643000,None,1641000,1641000,-671327000,-976517000,-205352000,312000,0,None,None,None,25927000,95775000,None,115499000,115499000,60542000,None,None,2841000,None,None,88002000,904006000,1.89,0.0237,827285000,827285000,None,2.016,0.021,224110000,312112000,0.1,2017-12-31,135.14,None,2320469000.0,324719000,120900000,93527000,None,None,None,0,None,None,None,None,1786890000,None,None,1361112000,None,None,None,0.156,1442180000,100609000,100220000,219282000,108458000,None,None,None,None,None,None,None,1.737,3.025,6.75,None,None,None,None,None,1496432000,None,0.0429,None,None,2025-10-29,annual,0.121,USD,post-market,None,-50402000,0.0214,0.0216,0.218,12.53,23104000,1802564000,10540000,59667000,69.04,76.51,21.0,2639118000,223764000,169000000,1971799000,30394000,1803000000,324719000,667319000,150.23,None,81.89,55.47
2025-12-28,VTR,0.53,5544046000.0,150.23,None,0.794,26.33,261103000,None,1641000,1641000,101722000,-1234643000,233684000,-852000,0,None,None,None,25927000,95775000,None,115499000,115499000,60542000,None,None,2841000,None,None,88002000,909281000,1.89,0.0237,1024968000,1024968000,None,2.016,0.021,224110000,312112000,0.1,2016-12-31,135.14,None,2320469000.0,324719000,120900000,93527000,None,None,None,0,None,None,None,None,1786890000,None,None,651490000,None,None,None,0.156,1367457000,100609000,100220000,219282000,108458000,None,None,None,None,None,None,None,1.737,3.025,6.75,None,None,None,None,None,893218000,None,0.0429,None,None,2025-10-29,annual,0.121,USD,post-market,None,-50402000,0.0214,0.0216,0.218,12.53,23104000,1802564000,10540000,59667000,69.04,76.51,21.0,2639118000,223764000,169000000,1971799000,30394000,1803000000,324719000,667319000,150.23,None,81.89,55.47
2025-12-28,VTR,0.53,5544046000.0,150.23,None,0.794,26.33,227161000,None,1641000,1641000,1030122000,-2423692000,-1803000,-522000,0,None,None,None,25927000,95775000,None,115499000,115499000,60542000,None,None,2841000,None,None,88002000,979111000,1.89,0.0237,1003413000,1003413000,None,2.016,0.021,224110000,312112000,0.1,2015-12-31,135.14,None,2320469000.0,324719000,120900000,93527000,None,None,None,0,None,None,None,None,1786890000,None,None,419222000,None,None,None,0.156,1391767000,100609000,100220000,219282000,108458000,None,None,None,None,None,None,None,1.737,3.025,6.75,None,None,None,None,None,3912747000,None,0.0429,None,None,2025-10-29,annual,0.121,USD,post-market,None,-50402000,0.0214,0.0216,0.218,12.53,23104000,1802564000,10540000,59667000,69.04,76.51,21.0,2639118000,223764000,169000000,1971799000,30394000,1803000000,324719000,667319000,150.23,None,81.89,55.47
2025-12-28,VTR,0.53,5544046000.0,150.23,None,0.794,26.33,194442000,None,1641000,1641000,758057000,-2055040000,-42138000,2670000,0,None,None,None,25927000,95775000,None,115499000,115499000,60542000,None,None,2841000,None,None,88002000,828155000,1.89,0.0237,875614000,875614000,None,2.016,0.021,224110000,312112000,0.1,2014-12-31,135.14,None,2320469000.0,324719000,120900000,93527000,None,None,None,0,None,None,None,None,1786890000,None,None,477186000,None,None,None,0.156,1254845000,100609000,100220000,219282000,108458000,None,None,None,None,None,None,None,1.737,3.025,6.75,None,None,None,None,None,2547910000,None,0.0429,None,None,2025-10-29,annual,0.121,USD,post-market,None,-50402000,0.0214,0.0216,0.218,12.53,23104000,1802564000,10540000,59667000,69.04,76.51,21.0,2639118000,223764000,169000000,1971799000,30394000,1803000000,324719000,667319000,150.23,None,81.89,55.47
2025-12-28,VTR,0.53,5544046000.0,150.23,None,0.794,26.33,177355000,None,1641000,1641000,114996000,-1282760000,26991000,-83000,0,None,None,None,25927000,95775000,None,115499000,115499000,60542000,None,None,2841000,None,None,88002000,753136000,1.89,0.0237,802123000,802123000,None,2.016,0.021,224110000,312112000,0.1,2013-12-31,135.14,None,2320469000.0,324719000,120900000,93527000,None,None,None,0,None,None,None,None,1786890000,None,None,454889000,None,None,None,0.156,1194755000,100609000,100220000,219282000,108458000,None,None,None,None,None,None,None,1.737,3.025,6.75,None,None,None,None,None,2767546000,None,0.0429,None,None,2025-10-29,annual,0.121,USD,post-market,None,-50402000,0.0214,0.0216,0.218,12.53,23104000,1802564000,10540000,59667000,69.04,76.51,21.0,2639118000,223764000,169000000,1971799000,30394000,1803000000,324719000,667319000,150.23,None,81.89,55.47
2025-12-28,VTR,0.53,5544046000.0,150.23,None,0.794,26.33,183432000,None,1641000,1641000,1198914000,-2169689000,22041000,60000,0,None,None,None,25927000,95775000,None,115499000,115499000,60542000,None,None,2841000,None,None,88002000,724832000,1.89,0.0237,728546000,728546000,None,2.016,0.021,224110000,312112000,0.1,2012-12-31,135.14,None,2320469000.0,324719000,120900000,93527000,None,None,None,0,None,None,None,None,1786890000,None,None,361775000,None,None,None,0.156,992816000,100609000,100220000,219282000,108458000,None,None,None,None,None,None,None,1.737,3.025,6.75,None,None,None,None,None,2795343000,None,0.0429,None,None,2025-10-29,annual,0.121,USD,post-market,None,-50402000,0.0214,0.0216,0.218,12.53,23104000,1802564000,10540000,59667000,69.04,76.51,21.0,2639118000,223764000,169000000,1971799000,30394000,1803000000,324719000,667319000,150.23,None,81.89,55.47
2025-12-28,VTR,0.53,5544046000.0,150.23,None,0.794,26.33,629669000,None,1641000,1641000,248282000,-997439000,None,None,0,None,None,None,25927000,95775000,None,115499000,115499000,60542000,None,None,2841000,None,None,88002000,459704000,1.89,0.0237,523602000,523602000,None,2.016,0.021,224110000,312112000,0.1,2011-12-31,135.14,None,2320469000.0,324719000,120900000,93527000,None,None,None,0,None,None,None,None,1786890000,None,None,363261000,None,None,None,0.156,773197000,100609000,100220000,219282000,108458000,None,None,None,None,None,None,None,1.737,3.025,6.75,None,None,None,None,None,1881092000,None,0.0429,None,None,2025-10-29,annual,0.121,USD,post-market,None,-50402000,0.0214,0.0216,0.218,12.53,23104000,1802564000,10540000,59667000,69.04,76.51,21.0,2639118000,223764000,169000000,1971799000,30394000,1803000000,324719000,667319000,150.23,None,81.89,55.47
2025-12-28,VTR,0.53,5544046000.0,150.23,None,0.794,26.33,294296000,None,1641000,1641000,-231452000,-301920000,-85750000,165000,None,None,None,None,25927000,95775000,None,115499000,115499000,60542000,None,None,2841000,None,None,88002000,214707000,1.89,0.0237,344167000,344167000,None,2.016,0.021,224110000,312112000,0.1,2010-12-31,135.14,None,2320469000.0,324719000,120900000,93527000,None,None,None,0,None,None,None,None,1786890000,None,None,249729000,None,None,None,0.156,447622000,100609000,100220000,219282000,108458000,None,None,None,None,None,None,None,1.737,3.025,6.75,None,None,None,None,None,-7264000,None,0.0429,None,None,2025-10-29,annual,0.121,USD,post-market,None,-50402000,0.0214,0.0216,0.218,12.53,23104000,1802564000,10540000,59667000,69.04,76.51,21.0,2639118000,223764000,169000000,1971799000,30394000,1803000000,324719000,667319000,150.23,None,81.89,55.47
2025-12-28,VTR,0.53,5544046000.0,150.23,None,0.794,26.33,59513000,None,1641000,1641000,-490180000,-1746000,None,None,0,None,None,None,25927000,95775000,None,115499000,115499000,60542000,None,None,2841000,None,None,88002000,207611000,1.89,0.0237,324268000,324268000,None,2.016,0.021,224110000,312112000,0.1,2009-12-31,135.14,None,2320469000.0,324719000,120900000,93527000,None,None,None,0,None,None,None,None,1786890000,None,None,269360000,None,None,None,0.156,422101000,100609000,100220000,219282000,108458000,None,None,None,None,None,None,None,1.737,3.025,6.75,None,None,None,None,None,365682000,None,0.0429,None,None,2025-10-29,annual,0.121,USD,post-market,None,-50402000,0.0214,0.0216,0.218,12.53,23104000,1802564000,10540000,59667000,69.04,76.51,21.0,2639118000,223764000,169000000,1971799000,30394000,1803000000,324719000,667319000,150.23,None,81.89,55.47
2025-12-28,VTR,0.53,5544046000.0,150.23,None,0.794,26.33,70160000,None,1641000,1641000,-80247000,-136256000,None,None,None,None,None,None,25927000,95775000,None,115499000,115499000,60542000,None,None,2841000,None,None,88002000,235719000,1.89,0.0237,288849000,288849000,None,2.016,0.021,224110000,312112000,0.1,2008-12-31,135.14,None,2320469000.0,324719000,120900000,93527000,None,None,None,0,None,None,None,None,1786890000,None,None,226288000,None,None,None,0.156,364175000,100609000,100220000,219282000,108458000,None,None,None,None,None,None,None,1.737,3.025,6.75,None,None,None,None,None,213628000,None,0.0429,None,None,2025-10-29,annual,0.121,USD,post-market,None,-50402000,0.0214,0.0216,0.218,12.53,23104000,1802564000,10540000,59667000,69.04,76.51,21.0,2639118000,223764000,169000000,1971799000,30394000,1803000000,324719000,667319000,150.23,None,81.89,55.47
2025-12-28,VTR,0.53,5544046000.0,150.23,None,0.794,26.33,1354726000,None,1641000,1641000,805649000,-1173376000,None,None,None,None,None,None,25927000,95775000,None,115499000,115499000,60542000,None,None,2841000,None,None,88002000,237501000,1.89,0.0237,286188000,286188000,None,2.016,0.021,224110000,312112000,0.1,2007-12-31,135.14,None,2320469000.0,324719000,120900000,93527000,None,None,None,0,None,None,None,None,1786890000,None,None,282318000,None,None,None,0.156,399810000,100609000,100220000,219282000,108458000,None,None,None,None,None,None,None,1.737,3.025,6.75,None,None,None,None,None,1460418000,None,0.0429,None,None,2025-10-29,annual,0.121,USD,post-market,None,-50402000,0.0214,0.0216,0.218,12.53,23104000,1802564000,10540000,59667000,69.04,76.51,21.0,2639118000,223764000,169000000,1971799000,30394000,1803000000,324719000,667319000,150.23,None,81.89,55.47
2025-12-28,VTR,0.53,5544046000.0,150.23,None,0.794,26.33,490679000,None,1641000,1641000,242712000,-481974000,None,None,-264000,None,None,None,25927000,95775000,None,115499000,115499000,60542000,None,None,2841000,None,None,88002000,119653000,1.89,0.0237,160598000,160598000,None,2.016,0.021,224110000,312112000,0.1,2006-12-31,135.14,None,2320469000.0,324719000,120900000,93527000,None,None,None,0,None,None,None,None,1786890000,None,None,132703000,None,None,None,0.156,238867000,100609000,100220000,219282000,108458000,None,None,None,None,None,None,None,1.737,3.025,6.75,None,None,None,None,None,449005000,None,0.0429,None,None,2025-10-29,annual,0.121,USD,post-market,None,-50402000,0.0214,0.0216,0.218,12.53,23104000,1802564000,10540000,59667000,69.04,76.51,21.0,2639118000,223764000,169000000,1971799000,30394000,1803000000,324719000,667319000,150.23,None,81.89,55.47
2025-12-28,VTR,0.53,5544046000.0,150.23,None,0.794,26.33,589552000,None,1641000,1641000,389553000,-615041000,None,None,19916000,None,None,None,25927000,95775000,None,115499000,115499000,60542000,None,None,2841000,None,None,88002000,88002000,1.89,0.0237,125843000,125843000,None,2.016,0.021,224110000,312112000,0.1,2005-12-31,135.14,None,2320469000.0,324719000,120900000,93527000,None,None,None,0,None,None,None,None,1786890000,None,None,130583000,None,None,None,0.156,223764000,100609000,100220000,219282000,108458000,None,None,None,None,None,None,None,1.737,3.025,6.75,None,None,None,None,None,650200000,None,0.0429,None,None,2025-10-29,annual,0.121,USD,post-market,None,-50402000,0.0214,0.0216,0.218,12.53,23104000,1802564000,10540000,59667000,69.04,76.51,21.0,2639118000,223764000,169000000,1971799000,30394000,1803000000,324719000,667319000,150.23,None,81.89,55.47
