date,symbol,eps,revenue_ttm,pe_ratio,accumulateddepreciationamortizationppe,beta,book_value,capitalexpenditures,capitalleaseobligations,cashandcashequivalentsatcarryingvalue,cashandshortterminvestments,cashflowfromfinancing,cashflowfrominvestment,changeincashandcashequivalents,changeinexchangerate,changeininventory,changeinoperatingassets,changeinoperatingliabilities,changeinreceivables,commonstock,commonstocksharesoutstanding,comprehensiveincomenetoftax,costofgoodsandservicessold,costofrevenue,currentaccountspayable,currentdebt,currentlongtermdebt,currentnetreceivables,deferredrevenue,depreciation,depreciationandamortization,depreciationdepletionandamortization,dividend_per_share,dividend_yield,dividendpayout,dividendpayoutcommonstock,dividendpayoutpreferredstock,earnings_growth_yoy,earnings_surprise,ebit,ebitda,estimated_eps,fiscaldateending,forward_pe,goodwill,gross_profit_ttm,grossprofit,incomebeforetax,incometaxexpense,intangibleassets,intangibleassetsexcludinggoodwill,interestanddebtexpense,interestexpense,interestincome,inventory,investmentincomenet,investments,longtermdebt,longtermdebtnoncurrent,longterminvestments,netincome,netincomefromcontinuingoperations,netinterestincome,noninterestincome,operating_margin_ttm,operatingcashflow,operatingexpenses,operatingincome,othercurrentassets,othercurrentliabilities,othernoncurrentassets,othernoncurrentliabilities,othernonoperatingincome,paymentsforoperatingactivities,paymentsforrepurchaseofcommonstock,paymentsforrepurchaseofequity,paymentsforrepurchaseofpreferredstock,peg_ratio,price_to_book,price_to_sales_ttm,proceedsfromissuanceofcommonstock,proceedsfromissuanceoflongtermdebtandcapitalsecuritiesnet,proceedsfromissuanceofpreferredstock,proceedsfromoperatingactivities,proceedsfromrepaymentsofshorttermdebt,proceedsfromrepurchaseofequity,proceedsfromsaleoftreasurystock,profit_margin,profitloss,propertyplantequipment,report_date,report_type,reported_eps,reportedcurrency,reporttime,researchanddevelopment,retainedearnings,return_on_assets_ttm,return_on_equity_ttm,revenue_growth_yoy,revenue_per_share_ttm,sellinggeneralandadministrative,shortlongtermdebttotal,shorttermdebt,shortterminvestments,sma_200,sma_50,surprise_pct,totalassets,totalcurrentassets,totalcurrentliabilities,totalliabilities,totalnoncurrentassets,totalnoncurrentliabilities,totalrevenue,totalshareholderequity,trailing_pe,treasurystock,week_52_high,week_52_low
1996-03-31,VZ,,,,,,,,,,,,,,,,,,,,,,,,,,,,,,,,,,,,,,0.01,,,0.53,,,,,,,,,,,,,,,,,,,,,,,,,,,,,,,,,,,,,,,,,,,,,,,,,1996-04-18,,0.54,,pre-market,,,,,,,,,,,,,1.8868,,,,,,,,,,,,
1996-06-30,VZ,,,,,,,,,,,,,,,,,,,,,,,,,,,,,,,,,,,,,,0.01,,,0.55,,,,,,,,,,,,,,,,,,,,,,,,,,,,,,,,,,,,,,,,,,,,,,,,,1996-07-18,,0.56,,pre-market,,,,,,,,,,,,,1.8182,,,,,,,,,,,,
1996-09-30,VZ,,,,,,,,,,,,,,,,,,,,,,,,,,,,,,,,,,,,,,0.0,,,0.55,,,,,,,,,,,,,,,,,,,,,,,,,,,,,,,,,,,,,,,,,,,,,,,,,1996-10-17,,0.55,,pre-market,,,,,,,,,,,,,0.0,,,,,,,,,,,,
1996-12-31,VZ,,,,,,,,,,,,,,,,,,,,,,,,,,,,,,,,,,,,,,0.0,,,0.49,,,,,,,,,,,,,,,,,,,,,,,,,,,,,,,,,,,,,,,,,,,,,,,,,1997-01-21,,0.49,,pre-market,,,,,,,,,,,,,0.0,,,,,,,,,,,,
1997-03-31,VZ,,,,,,,,,,,,,,,,,,,,,,,,,,,,,,,,,,,,,,0.01,,,0.58,,,,,,,,,,,,,,,,,,,,,,,,,,,,,,,,,,,,,,,,,,,,,,,,,1997-04-17,,0.59,,pre-market,,,,,,,,,,,,,1.7241,,,,,,,,,,,,
1997-06-30,VZ,,,,,,,,,,,,,,,,,,,,,,,,,,,,,,,,,,,,,,0.01,,,0.58,,,,,,,,,,,,,,,,,,,,,,,,,,,,,,,,,,,,,,,,,,,,,,,,,1997-07-22,,0.59,,pre-market,,,,,,,,,,,,,1.7241,,,,,,,,,,,,
1997-09-30,VZ,,,,,,,,,,,,,,,,,,,,,,,,,,,,,,,,,,,,,,0.01,,,0.62,,,,,,,,,,,,,,,,,,,,,,,,,,,,,,,,,,,,,,,,,,,,,,,,,1997-10-22,,0.63,,pre-market,,,,,,,,,,,,,1.6129,,,,,,,,,,,,
1997-12-31,VZ,,,,,,,,,,,,,,,,,,,,,,,,,,,,,,,,,,,,,,-0.01,,,0.63,,,,,,,,,,,,,,,,,,,,,,,,,,,,,,,,,,,,,,,,,,,,,,,,,1998-01-21,,0.62,,pre-market,,,,,,,,,,,,,-1.5873,,,,,,,,,,,,
1998-03-31,VZ,,,,,,,,,,,,,,,,,,,,,,,,,,,,,,,,,,,,,,0.0,,,0.66,,,,,,,,,,,,,,,,,,,,,,,,,,,,,,,,,,,,,,,,,,,,,,,,,1998-04-23,,0.66,,pre-market,,,,,,,,,,,,,0.0,,,,,,,,,,,,
1998-06-30,VZ,,,,,,,,,,,,,,,,,,,,,,,,,,,,,,,,,,,,,,0.0,,,0.68,,,,,,,,,,,,,,,,,,,,,,,,,,,,,,,,,,,,,,,,,,,,,,,,,1998-07-23,,0.68,,pre-market,,,,,,,,,,,,,0.0,,,,,,,,,,,,
1998-09-30,VZ,,,,,,,,,,,,,,,,,,,,,,,,,,,,,,,,,,,,,,0.01,,,0.68,,,,,,,,,,,,,,,,,,,,,,,,,,,,,,,,,,,,,,,,,,,,,,,,,1998-10-21,,0.69,,pre-market,,,,,,,,,,,,,1.4706,,,,,,,,,,,,
1998-12-31,VZ,,,,,,,,,,,,,,,,,,,,,,,,,,,,,,,,,,,,,,0.0,,,0.69,,,,,,,,,,,,,,,,,,,,,,,,,,,,,,,,,,,,,,,,,,,,,,,,,1999-01-27,,0.69,,pre-market,,,,,,,,,,,,,0.0,,,,,,,,,,,,
1999-03-31,VZ,,,,,,,,,,,,,,,,,,,,,,,,,,,,,,,,,,,,,,-0.01,,,0.73,,,,,,,,,,,,,,,,,,,,,,,,,,,,,,,,,,,,,,,,,,,,,,,,,1999-04-22,,0.72,,pre-market,,,,,,,,,,,,,-1.3699,,,,,,,,,,,,
1999-06-30,VZ,,,,,,,,,,,,,,,,,,,,,,,,,,,,,,,,,,,,,,-0.01,,,0.75,,,,,,,,,,,,,,,,,,,,,,,,,,,,,,,,,,,,,,,,,,,,,,,,,1999-07-21,,0.74,,pre-market,,,,,,,,,,,,,-1.3333,,,,,,,,,,,,
1999-09-30,VZ,,,,,,,,,,,,,,,,,,,,,,,,,,,,,,,,,,,,,,0.0,,,0.76,,,,,,,,,,,,,,,,,,,,,,,,,,,,,,,,,,,,,,,,,,,,,,,,,1999-10-20,,0.76,,pre-market,,,,,,,,,,,,,0.0,,,,,,,,,,,,
1999-12-31,VZ,,,,,,,,,,,,,,,,,,,,,,,,,,,,,,,,,,,,,,0.0,,,0.77,,,,,,,,,,,,,,,,,,,,,,,,,,,,,,,,,,,,,,,,,,,,,,,,,2000-01-24,,0.77,,pre-market,,,,,,,,,,,,,0.0,,,,,,,,,,,,
2000-03-31,VZ,,,,,,,,,,,,,,,,,,,,,,,,,,,,,,,,,,,,,,0.0,,,0.8,,,,,,,,,,,,,,,,,,,,,,,,,,,,,,,,,,,,,,,,,,,,,,,,,2000-04-25,,0.8,,pre-market,,,,,,,,,,,,,0.0,,,,,,,,,,,,
2000-06-30,VZ,,,,,,,,,,,,,,,,,,,,,,,,,,,,,,,,,,,,,,0.0,,,0.81,,,,,,,,,,,,,,,,,,,,,,,,,,,,,,,,,,,,,,,,,,,,,,,,,2000-08-08,,0.81,,pre-market,,,,,,,,,,,,,0.0,,,,,,,,,,,,
2000-09-30,VZ,,,,,,,,,,,,,,,,,,,,,,,,,,,,,,,,,,,,,,0.0,,,0.73,,,,,,,,,,,,,,,,,,,,,,,,,,,,,,,,,,,,,,,,,,,,,,,,,2000-10-30,,0.73,,pre-market,,,,,,,,,,,,,0.0,,,,,,,,,,,,
2000-12-31,VZ,,,,,,,,,,,,,,,,,,,,,,,,,,,,,,,,,,,,,,0.0,,,0.77,,,,,,,,,,,,,,,,,,,,,,,,,,,,,,,,,,,,,,,,,,,,,,,,,2001-02-01,,0.77,,pre-market,,,,,,,,,,,,,0.0,,,,,,,,,,,,
2001-03-31,VZ,,,,,,,,,,,,,,,,,,,,,,,,,,,,,,,,,,,,,,0.01,,,0.71,,,,,,,,,,,,,,,,,,,,,,,,,,,,,,,,,,,,,,,,,,,,,,,,,2001-04-24,,0.72,,post-market,,,,,,,,,,,,,1.4085,,,,,,,,,,,,
2001-06-30,VZ,,,,,,,,,,,,,,,,,,,,,,,,,,,,,,,,,,,,,,0.0,,,0.77,,,,,,,,,,,,,,,,,,,,,,,,,,,,,,,,,,,,,,,,,,,,,,,,,2001-07-31,,0.77,,pre-market,,,,,,,,,,,,,0.0,,,,,,,,,,,,
2001-09-30,VZ,,,,,,,,,,,,,,,,,,,,,,,,,,,,,,,,,,,,,,-0.02,,,0.77,,,,,,,,,,,,,,,,,,,,,,,,,,,,,,,,,,,,,,,,,,,,,,,,,2001-10-30,,0.75,,pre-market,,,,,,,,,,,,,-2.5974,,,,,,,,,,,,
2001-12-31,VZ,,,,,,,,,,,,,,,,,,,,,,,,,,,,,,,,,,,,,,0.0,,,0.77,,,,,,,,,,,,,,,,,,,,,,,,,,,,,,,,,,,,,,,,,,,,,,,,,2002-01-31,,0.77,,pre-market,,,,,,,,,,,,,0.0,,,,,,,,,,,,
2002-03-31,VZ,,,,,,,,,,,,,,,,,,,,,,,,,,,,,,,,,,,,,,0.0,,,0.72,,,,,,,,,,,,,,,,,,,,,,,,,,,,,,,,,,,,,,,,,,,,,,,,,2002-04-23,,0.72,,pre-market,,,,,,,,,,,,,0.0,,,,,,,,,,,,
2002-06-30,VZ,,,,,,,,,,,,,,,,,,,,,,,,,,,,,,,,,,,,,,0.0,,,0.77,,,,,,,,,,,,,,,,,,,,,,,,,,,,,,,,,,,,,,,,,,,,,,,,,2002-07-31,,0.77,,pre-market,,,,,,,,,,,,,0.0,,,,,,,,,,,,
2002-09-30,VZ,,,,,,,,,,,,,,,,,,,,,,,,,,,,,,,,,,,,,,0.0,,,0.77,,,,,,,,,,,,,,,,,,,,,,,,,,,,,,,,,,,,,,,,,,,,,,,,,2002-10-25,,0.77,,pre-market,,,,,,,,,,,,,0.0,,,,,,,,,,,,
2002-12-31,VZ,,,,,,,,,,,,,,,,,,,,,,,,,,,,,,,,,,,,,,0.0,,,0.79,,,,,,,,,,,,,,,,,,,,,,,,,,,,,,,,,,,,,,,,,,,,,,,,,2003-01-29,,0.79,,pre-market,,,,,,,,,,,,,0.0,,,,,,,,,,,,
2003-03-31,VZ,,,,,,,,,,,,,,,,,,,,,,,,,,,,,,,,,,,,,,0.0,,,0.63,,,,,,,,,,,,,,,,,,,,,,,,,,,,,,,,,,,,,,,,,,,,,,,,,2003-04-22,,0.63,,pre-market,,,,,,,,,,,,,0.0,,,,,,,,,,,,
2003-06-30,VZ,,,,,,,,,,,,,,,,,,,,,,,,,,,,,,,,,,,,,,0.01,,,0.68,,,,,,,,,,,,,,,,,,,,,,,,,,,,,,,,,,,,,,,,,,,,,,,,,2003-07-29,,0.69,,pre-market,,,,,,,,,,,,,1.4706,,,,,,,,,,,,
2003-09-30,VZ,,,,,,,,,,,,,,,,,,,,,,,,,,,,,,,,,,,,,,0.05,,,0.62,,,,,,,,,,,,,,,,,,,,,,,,,,,,,,,,,,,,,,,,,,,,,,,,,2003-10-28,,0.67,,pre-market,,,,,,,,,,,,,8.0645,,,,,,,,,,,,
2003-12-31,VZ,,,,,,,,,,,,,,,,,,,,,,,,,,,,,,,,,,,,,,0.02,,,0.56,,,,,,,,,,,,,,,,,,,,,,,,,,,,,,,,,,,,,,,,,,,,,,,,,2004-01-29,,0.58,,pre-market,,,,,,,,,,,,,3.5714,,,,,,,,,,,,
2004-03-31,VZ,,,,,,,,,,,,,,,,,,,,,,,,,,,,,,,,,,,,,,0.01,,,0.57,,,,,,,,,,,,,,,,,,,,,,,,,,,,,,,,,,,,,,,,,,,,,,,,,2004-04-27,,0.58,,pre-market,,,,,,,,,,,,,1.7544,,,,,,,,,,,,
2004-06-30,VZ,,,,,,,,,,,,,,,,,,,,,,,,,,,,,,,,,,,,,,0.04,,,0.6,,,,,,,,,,,,,,,,,,,,,,,,,,,,,,,,,,,,,,,,,,,,,,,,,2004-07-27,,0.64,,pre-market,,,,,,,,,,,,,6.6667,,,,,,,,,,,,
2004-09-30,VZ,,,,,,,,,,,,,,,,,,,,,,,,,,,,,,,,,,,,,,0.01,,,0.64,,,,,,,,,,,,,,,,,,,,,,,,,,,,,,,,,,,,,,,,,,,,,,,,,2004-10-28,,0.65,,pre-market,,,,,,,,,,,,,1.5625,,,,,,,,,,,,
2004-12-31,VZ,,,,,,,,,,,,,,,,,,,,,,,,,,,,,,,,,,,,,,0.01,,,0.63,,,,,,,,,,,,,,,,,,,,,,,,,,,,,,,,,,,,,,,,,,,,,,,,,2005-01-27,,0.64,,pre-market,,,,,,,,,,,,,1.5873,,,,,,,,,,,,
2005-03-31,VZ,,,,,,,,,,,,,,,,,,,,,,,,,,,,,,,,,,,,,,0.03,,,0.6,,,,,,,,,,,,,,,,,,,,,,,,,,,,,,,,,,,,,,,,,,,,,,,,,2005-04-27,,0.63,,pre-market,,,,,,,,,,,,,5.0,,,,,,,,,,,,
2005-06-30,VZ,,,,,,,,,,,,,,,,,,,,,,,,,,,,,,,,,,,,,,-0.01,,,0.64,,,,,,,,,,,,,,,,,,,,,,,,,,,,,,,,,,,,,,,,,,,,,,,,,2005-07-26,,0.63,,pre-market,,,,,,,,,,,,,-1.5625,,,,,,,,,,,,
2005-09-30,VZ,,,,,,,,,,,,,,,,,,,,,,,,,,,,,,,,,,,,,,0.02,,,0.64,,,,,,,,,,,,,,,,,,,,,,,,,,,,,,,,,,,,,,,,,,,,,,,,,2005-10-27,,0.66,,pre-market,,,,,,,,,,,,,3.125,,,,,,,,,,,,
2005-12-31,VZ,,,,,,,,,,,,,,,,,,,,,,,,,,,,,,,,,,,,,,0.0,,,0.64,,,,,,,,,,,,,,,,,,,,,,,,,,,,,,,,,,,,,,,,,,,,,,,,,2006-01-26,,0.64,,pre-market,,,,,,,,,,,,,0.0,,,,,,,,,,,,
2006-03-31,VZ,,,,,,,,,,,,,,,,,,,,,,,,,,,,,,,,,,,,,,0.01,,,0.59,,,,,,,,,,,,,,,,,,,,,,,,,,,,,,,,,,,,,,,,,,,,,,,,,2006-05-02,,0.6,,pre-market,,,,,,,,,,,,,1.6949,,,,,,,,,,,,
2006-06-30,VZ,,,,,,,,,,,,,,,,,,,,,,,,,,,,,,,,,,,,,,0.02,,,0.62,,,,,,,,,,,,,,,,,,,,,,,,,,,,,,,,,,,,,,,,,,,,,,,,,2006-08-01,,0.64,,pre-market,,,,,,,,,,,,,3.2258,,,,,,,,,,,,
2006-09-30,VZ,,,,,,,,,,,,,,,,,,,,,,,,,,,,,,,,,,,,,,0.02,,,0.66,,,,,,,,,,,,,,,,,,,,,,,,,,,,,,,,,,,,,,,,,,,,,,,,,2006-10-30,,0.68,,pre-market,,,,,,,,,,,,,3.0303,,,,,,,,,,,,
2006-12-31,VZ,,,,,,,,,,,,,,,,,,,,,,,,,,,,,,,,,,,,,,0.0,,,0.62,,,,,,,,,,,,,,,,,,,,,,,,,,,,,,,,,,,,,,,,,,,,,,,,,2007-01-29,,0.62,,pre-market,,,,,,,,,,,,,0.0,,,,,,,,,,,,
2007-03-31,VZ,,,,,,,,,,,,,,,,,,,,,,,,,,,,,,,,,,,,,,0.0,,,0.54,,,,,,,,,,,,,,,,,,,,,,,,,,,,,,,,,,,,,,,,,,,,,,,,,2007-04-30,,0.54,,pre-market,,,,,,,,,,,,,0.0,,,,,,,,,,,,
2007-06-30,VZ,,,,,,,,,,,,,,,,,,,,,,,,,,,,,,,,,,,,,,0.0,,,0.58,,,,,,,,,,,,,,,,,,,,,,,,,,,,,,,,,,,,,,,,,,,,,,,,,2007-07-30,,0.58,,pre-market,,,,,,,,,,,,,0.0,,,,,,,,,,,,
2007-09-30,VZ,,,,,,,,,,,,,,,,,,,,,,,,,,,,,,,,,,,,,,0.01,,,0.62,,,,,,,,,,,,,,,,,,,,,,,,,,,,,,,,,,,,,,,,,,,,,,,,,2007-10-29,,0.63,,pre-market,,,,,,,,,,,,,1.6129,,,,,,,,,,,,
2007-12-31,VZ,,,,,,,,,,,,,,,,,,,,,,,,,,,,,,,,,,,,,,0.0,,,0.62,,,,,,,,,,,,,,,,,,,,,,,,,,,,,,,,,,,,,,,,,,,,,,,,,2008-01-28,,0.62,,pre-market,,,,,,,,,,,,,0.0,,,,,,,,,,,,
2008-03-31,VZ,,,,,,,,,,,,,,,,,,,,,,,,,,,,,,,,,,,,,,0.0,,,0.61,,,,,,,,,,,,,,,,,,,,,,,,,,,,,,,,,,,,,,,,,,,,,,,,,2008-04-28,,0.61,,pre-market,,,,,,,,,,,,,0.0,,,,,,,,,,,,
2008-06-30,VZ,,,,,,,,,,,,,,,,,,,,,,,,,,,,,,,,,,,,,,0.03,,,0.64,,,,,,,,,,,,,,,,,,,,,,,,,,,,,,,,,,,,,,,,,,,,,,,,,2008-07-28,,0.67,,pre-market,,,,,,,,,,,,,4.6875,,,,,,,,,,,,
2008-09-30,VZ,,,,,,,,,,,,,,,,,,,,,,,,,,,,,,,,,,,,,,0.01,,,0.65,,,,,,,,,,,,,,,,,,,,,,,,,,,,,,,,,,,,,,,,,,,,,,,,,2008-10-27,,0.66,,pre-market,,,,,,,,,,,,,1.5385,,,,,,,,,,,,
2008-12-31,VZ,,,,,,,,,,,,,,,,,,,,,,,,,,,,,,,,,,,,,,-0.01,,,0.62,,,,,,,,,,,,,,,,,,,,,,,,,,,,,,,,,,,,,,,,,,,,,,,,,2009-01-27,,0.61,,pre-market,,,,,,,,,,,,,-1.6129,,,,,,,,,,,,
2009-03-31,VZ,,,,,,,,,,,,,,,,,,,,,,,,,,,,,,,,,,,,,,0.04,,,0.59,,,,,,,,,,,,,,,,,,,,,,,,,,,,,,,,,,,,,,,,,,,,,,,,,2009-04-27,,0.63,,pre-market,,,,,,,,,,,,,6.7797,,,,,,,,,,,,
2009-06-30,VZ,,,,,,,,,,,,,,,,,,,,,,,,,,,,,,,,,,,,,,0.0,,,0.63,,,,,,,,,,,,,,,,,,,,,,,,,,,,,,,,,,,,,,,,,,,,,,,,,2009-07-27,,0.63,,pre-market,,,,,,,,,,,,,0.0,,,,,,,,,,,,
2009-09-30,VZ,,,,,,,,,,,,,,,,,,,,,,,,,,,,,,,,,,,,,,0.01,,,0.59,,,,,,,,,,,,,,,,,,,,,,,,,,,,,,,,,,,,,,,,,,,,,,,,,2009-10-26,,0.6,,pre-market,,,,,,,,,,,,,1.6949,,,,,,,,,,,,
2009-12-31,VZ,,,,,,,,,,,,,,,,,,,,,,,,,,,,,,,,,,,,,,0.0,,,0.54,,,,,,,,,,,,,,,,,,,,,,,,,,,,,,,,,,,,,,,,,,,,,,,,,2010-01-26,,0.54,,pre-market,,,,,,,,,,,,,0.0,,,,,,,,,,,,
2010-03-31,VZ,,,,,,,,,,,,,,,,,,,,,,,,,,,,,,,,,,,,,,0.0,,,0.56,,,,,,,,,,,,,,,,,,,,,,,,,,,,,,,,,,,,,,,,,,,,,,,,,2010-04-22,,0.56,,pre-market,,,,,,,,,,,,,0.0,,,,,,,,,,,,
2010-06-30,VZ,,,,,,,,,,,,,,,,,,,,,,,,,,,,,,,,,,,,,,0.02,,,0.56,,,,,,,,,,,,,,,,,,,,,,,,,,,,,,,,,,,,,,,,,,,,,,,,,2010-07-23,,0.58,,pre-market,,,,,,,,,,,,,3.5714,,,,,,,,,,,,
2010-09-30,VZ,,,,,,,,,,,,,,,,,,,,,,,,,,,,,,,,,,,,,,0.02,,,0.54,,,,,,,,,,,,,,,,,,,,,,,,,,,,,,,,,,,,,,,,,,,,,,,,,2010-10-22,,0.56,,pre-market,,,,,,,,,,,,,3.7037,,,,,,,,,,,,
2010-12-31,VZ,,,,,,,,,,,,,,,,,,,,,,,,,,,,,,,,,,,,,,-0.01,,,0.55,,,,,,,,,,,,,,,,,,,,,,,,,,,,,,,,,,,,,,,,,,,,,,,,,2011-01-25,,0.54,,pre-market,,,,,,,,,,,,,-1.8182,,,,,,,,,,,,
2011-03-31,VZ,,,,,,,,,,,,,,,,,,,,,,,,,,,,,,,,,,,,,,0.01,,,0.5,,,,,,,,,,,,,,,,,,,,,,,,,,,,,,,,,,,,,,,,,,,,,,,,,2011-04-21,,0.51,,pre-market,,,,,,,,,,,,,2.0,,,,,,,,,,,,
2011-06-30,VZ,,,,,,,,,,,,,,,,,,,,,,,,,,,,,,,,,,,,,,0.02,,,0.55,,,,,,,,,,,,,,,,,,,,,,,,,,,,,,,,,,,,,,,,,,,,,,,,,2011-07-22,,0.57,,pre-market,,,,,,,,,,,,,3.6364,,,,,,,,,,,,
2011-09-30,VZ,,,,,,,,,,,,,,,,,,,,,,,,,,,,,,,,,,,,,,0.0,,,0.56,,,,,,,,,,,,,,,,,,,,,,,,,,,,,,,,,,,,,,,,,,,,,,,,,2011-10-21,,0.56,,pre-market,,,,,,,,,,,,,0.0,,,,,,,,,,,,
2011-12-31,VZ,,,,,,,,,,,,,,,,,,,,,,,,,,,,,,,,,,,,,,-0.01,,,0.53,,,,,,,,,,,,,,,,,,,,,,,,,,,,,,,,,,,,,,,,,,,,,,,,,2012-01-24,,0.52,,pre-market,,,,,,,,,,,,,-1.8868,,,,,,,,,,,,
2012-03-31,VZ,,,,,,,,,,,,,,,,,,,,,,,,,,,,,,,,,,,,,,0.02,,,0.57,,,,,,,,,,,,,,,,,,,,,,,,,,,,,,,,,,,,,,,,,,,,,,,,,2012-04-19,,0.59,,pre-market,,,,,,,,,,,,,3.5088,,,,,,,,,,,,
2012-06-30,VZ,,,,,,,,,,,,,,,,,,,,,,,,,,,,,,,,,,,,,,0.0,,,0.64,,,,,,,,,,,,,,,,,,,,,,,,,,,,,,,,,,,,,,,,,,,,,,,,,2012-07-19,,0.64,,pre-market,,,,,,,,,,,,,0.0,,,,,,,,,,,,
2012-09-30,VZ,,,,,,,,,,,,,,,,,,,,,,,,,,,,,,,,,,,,,,0.0,,,0.64,,,,,,,,,,,,,,,,,,,,,,,,,,,,,,,,,,,,,,,,,,,,,,,,,2012-10-18,,0.64,,pre-market,,,,,,,,,,,,,0.0,,,,,,,,,,,,
2012-12-31,VZ,,,,,,,,,,,,,,,,,,,,,,,,,,,,,,,,,,,,,,-0.12,,,0.5,,,,,,,,,,,,,,,,,,,,,,,,,,,,,,,,,,,,,,,,,,,,,,,,,2013-01-22,,0.38,,pre-market,,,,,,,,,,,,,-24.0,,,,,,,,,,,,
2013-03-31,VZ,,,,,,,,,,,,,,,,,,,,,,,,,,,,,,,,,,,,,,0.02,,,0.66,,,,,,,,,,,,,,,,,,,,,,,,,,,,,,,,,,,,,,,,,,,,,,,,,2013-04-18,,0.68,,pre-market,,,,,,,,,,,,,3.0303,,,,,,,,,,,,
2013-06-30,VZ,,,,,,,,,,,,,,,,,,,,,,,,,,,,,,,,,,,,,,0.0,,,0.73,,,,,,,,,,,,,,,,,,,,,,,,,,,,,,,,,,,,,,,,,,,,,,,,,2013-07-18,,0.73,,pre-market,,,,,,,,,,,,,0.0,,,,,,,,,,,,
2013-09-30,VZ,,,,,,,,,,,,,,,,,,,,,,,,,,,,,,,,,,,,,,0.03,,,0.74,,,,,,,,,,,,,,,,,,,,,,,,,,,,,,,,,,,,,,,,,,,,,,,,,2013-10-17,,0.77,,pre-market,,,,,,,,,,,,,4.0541,,,,,,,,,,,,
2013-12-31,VZ,,,,,,,,,,,,,,,,,,,,,,,,,,,,,,,,,,,,,,0.04,,,0.62,,,,,,,,,,,,,,,,,,,,,,,,,,,,,,,,,,,,,,,,,,,,,,,,,2014-01-21,,0.66,,pre-market,,,,,,,,,,,,,6.4516,,,,,,,,,,,,
2014-03-31,VZ,,,,,,,,,,,,,,,,,,,,,,,,,,,,,,,,,,,,,,-0.02,,,0.86,,,,,,,,,,,,,,,,,,,,,,,,,,,,,,,,,,,,,,,,,,,,,,,,,2014-04-24,,0.84,,pre-market,,,,,,,,,,,,,-2.3256,,,,,,,,,,,,
2014-06-30,VZ,,,,,,,,,,,,,,,,,,,,,,,,,,,,,,,,,,,,,,0.01,,,0.9,,,,,,,,,,,,,,,,,,,,,,,,,,,,,,,,,,,,,,,,,,,,,,,,,2014-07-22,,0.91,,pre-market,,,,,,,,,,,,,1.1111,,,,,,,,,,,,
2014-09-30,VZ,,,,,,,,,,,,,,,,,,,,,,,,,,,,,,,,,,,,,,-0.02,,,0.91,,,,,,,,,,,,,,,,,,,,,,,,,,,,,,,,,,,,,,,,,,,,,,,,,2014-10-21,,0.89,,pre-market,,,,,,,,,,,,,-2.1978,,,,,,,,,,,,
2014-12-31,VZ,,,,,,,,,,,,,,,,,,,,,,,,,,,,,,,,,,,,,,0.0,,,0.71,,,,,,,,,,,,,,,,,,,,,,,,,,,,,,,,,,,,,,,,,,,,,,,,,2015-01-22,,0.71,,pre-market,,,,,,,,,,,,,0.0,,,,,,,,,,,,
2015-03-31,VZ,,,,,,,,,,,,,,,,,,,,,,,,,,,,,,,,,,,,,,0.07,,,0.95,,,,,,,,,,,,,,,,,,,,,,,,,,,,,,,,,,,,,,,,,,,,,,,,,2015-04-21,,1.02,,pre-market,,,,,,,,,,,,,7.3684,,,,,,,,,,,,
2015-06-30,VZ,,,,,,,,,,,,,,,,,,,,,,,,,,,,,,,,,,,,,,0.03,,,1.01,,,,,,,,,,,,,,,,,,,,,,,,,,,,,,,,,,,,,,,,,,,,,,,,,2015-07-21,,1.04,,pre-market,,,,,,,,,,,,,2.9703,,,,,,,,,,,,
2015-09-30,VZ,,,,,,,,,,,,,,,,,,,,,,,,,,,,,,,,,,,,,,0.02,,,1.02,,,,,,,,,,,,,,,,,,,,,,,,,,,,,,,,,,,,,,,,,,,,,,,,,2015-10-20,,1.04,,pre-market,,,,,,,,,,,,,1.9608,,,,,,,,,,,,
2015-12-31,VZ,,,,,,,,,,,,,,,,,,,,,,,,,,,,,,,,,,,,,,0.01,,,0.88,,,,,,,,,,,,,,,,,,,,,,,,,,,,,,,,,,,,,,,,,,,,,,,,,2016-01-21,,0.89,,pre-market,,,,,,,,,,,,,1.1364,,,,,,,,,,,,
2016-03-31,VZ,,,,,,,,,,,,,,,,,,,,,,,,,,,,,,,,,,,,,,0.0,,,1.06,,,,,,,,,,,,,,,,,,,,,,,,,,,,,,,,,,,,,,,,,,,,,,,,,2016-04-21,,1.06,,pre-market,,,,,,,,,,,,,0.0,,,,,,,,,,,,
2016-06-30,VZ,,,,,,,,,,,,,,,,,,,,,,,,,,,,,,,,,,,,,,0.01,,,0.93,,,,,,,,,,,,,,,,,,,,,,,,,,,,,,,,,,,,,,,,,,,,,,,,,2016-07-26,,0.94,,pre-market,,,,,,,,,,,,,1.0753,,,,,,,,,,,,
2016-09-30,VZ,,,,,,,,,,,,,,,,,,,,,,,,,,,,,,,,,,,,,,0.02,,,0.99,,,,,,,,,,,,,,,,,,,,,,,,,,,,,,,,,,,,,,,,,,,,,,,,,2016-10-20,,1.01,,pre-market,,,,,,,,,,,,,2.0202,,,,,,,,,,,,
2016-12-31,VZ,,,,,,,,,,,,,,,,,,,,,,,,,,,,,,,,,,,,,,-0.03,,,0.89,,,,,,,,,,,,,,,,,,,,,,,,,,,,,,,,,,,,,,,,,,,,,,,,,2017-01-24,,0.86,,pre-market,,,,,,,,,,,,,-3.3708,,,,,,,,,,,,
2017-03-31,VZ,,,,,,,,,,,,,,,,,,,,,,,,,,,,,,,,,,,,,,-0.01,,,0.96,,,,,,,,,,,,,,,,,,,,,,,,,,,,,,,,,,,,,,,,,,,,,,,,,2017-04-20,,0.95,,pre-market,,,,,,,,,,,,,-1.0417,,,,,,,,,,,,
2017-06-30,VZ,,,,,,,,,,,,,,,,,,,,,,,,,,,,,,,,,,,,,,0.0,,,0.96,,,,,,,,,,,,,,,,,,,,,,,,,,,,,,,,,,,,,,,,,,,,,,,,,2017-07-27,,0.96,,pre-market,,,,,,,,,,,,,0.0,,,,,,,,,,,,
2017-09-30,VZ,,,,,,,,,,,,,,,,,,,,,,,,,,,,,,,,,,,,,,0.01,,,0.97,,,,,,,,,,,,,,,,,,,,,,,,,,,,,,,,,,,,,,,,,,,,,,,,,2017-10-19,,0.98,,pre-market,,,,,,,,,,,,,1.0309,,,,,,,,,,,,
2017-12-31,VZ,,,,,,,,,,,,,,,,,,,,,,,,,,,,,,,,,,,,,,-0.02,,,0.88,,,,,,,,,,,,,,,,,,,,,,,,,,,,,,,,,,,,,,,,,,,,,,,,,2018-01-23,,0.86,,pre-market,,,,,,,,,,,,,-2.2727,,,,,,,,,,,,
2018-03-31,VZ,,,,,,,,,,,,,,,,,,,,,,,,,,,,,,,,,,,,,,0.06,,,1.11,,,,,,,,,,,,,,,,,,,,,,,,,,,,,,,,,,,,,,,,,,,,,,,,,2018-04-24,,1.17,,pre-market,,,,,,,,,,,,,5.4054,,,,,,,,,,,,
2018-06-30,VZ,,,,,,,,,,,,,,,,,,,,,,,,,,,,,,,,,,,,,,0.05,,,1.15,,,,,,,,,,,,,,,,,,,,,,,,,,,,,,,,,,,,,,,,,,,,,,,,,2018-07-24,,1.2,,pre-market,,,,,,,,,,,,,4.3478,,,,,,,,,,,,
2018-09-30,VZ,,,,,,,,,,,,,,,,,,,,,,,,,,,,,,,,,,,,,,0.03,,,1.19,,,,,,,,,,,,,,,,,,,,,,,,,,,,,,,,,,,,,,,,,,,,,,,,,2018-10-23,,1.22,,pre-market,,,,,,,,,,,,,2.521,,,,,,,,,,,,
2018-12-31,VZ,,,,,,,,,,,,,,,,,,,,,,,,,,,,,,,,,,,,,,0.03,,,1.09,,,,,,,,,,,,,,,,,,,,,,,,,,,,,,,,,,,,,,,,,,,,,,,,,2019-01-29,,1.12,,pre-market,,,,,,,,,,,,,2.7523,,,,,,,,,,,,
2019-03-31,VZ,,,,,,,,,,,,,,,,,,,,,,,,,,,,,,,,,,,,,,0.04,,,1.16,,,,,,,,,,,,,,,,,,,,,,,,,,,,,,,,,,,,,,,,,,,,,,,,,2019-04-23,,1.2,,pre-market,,,,,,,,,,,,,3.4483,,,,,,,,,,,,
2019-06-30,VZ,,,,,,,,,,,,,,,,,,,,,,,,,,,,,,,,,,,,,,0.03,,,1.2,,,,,,,,,,,,,,,,,,,,,,,,,,,,,,,,,,,,,,,,,,,,,,,,,2019-08-01,,1.23,,pre-market,,,,,,,,,,,,,2.5,,,,,,,,,,,,
2019-09-30,VZ,,,,,,,,,,,,,,,,,,,,,,,,,,,,,,,,,,,,,,0.01,,,1.24,,,,,,,,,,,,,,,,,,,,,,,,,,,,,,,,,,,,,,,,,,,,,,,,,2019-10-25,,1.25,,pre-market,,,,,,,,,,,,,0.8065,,,,,,,,,,,,
2019-12-31,VZ,,,,,,,,,,,,,,,,,,,,,,,,,,,,,,,,,,,,,,-0.02,,,1.15,,,,,,,,,,,,,,,,,,,,,,,,,,,,,,,,,,,,,,,,,,,,,,,,,2020-01-30,,1.13,,pre-market,,,,,,,,,,,,,-1.7391,,,,,,,,,,,,
2020-03-31,VZ,,,,,,,,,,,,,,,,,,,,,,,,,,,,,,,,,,,,,,0.04,,,1.22,,,,,,,,,,,,,,,,,,,,,,,,,,,,,,,,,,,,,,,,,,,,,,,,,2020-04-24,,1.26,,pre-market,,,,,,,,,,,,,3.2787,,,,,,,,,,,,
2020-06-30,VZ,,,,,,,,,,,,,,,,,,,,,,,,,,,,,,,,,,,,,,0.03,,,1.15,,,,,,,,,,,,,,,,,,,,,,,,,,,,,,,,,,,,,,,,,,,,,,,,,2020-07-24,,1.18,,pre-market,,,,,,,,,,,,,2.6087,,,,,,,,,,,,
2020-09-30,VZ,,,,,,,,,,,,,,,,,,,,,,,,,,,,,,,,,,,,,,0.04,,,1.21,,,,,,,,,,,,,,,,,,,,,,,,,,,,,,,,,,,,,,,,,,,,,,,,,2020-10-21,,1.25,,pre-market,,,,,,,,,,,,,3.3058,,,,,,,,,,,,
2020-12-31,VZ,,,,,,,,,,,,,,,,,,,,,,,,,,,,,,,,,,,,,,0.04,,,1.17,,,,,,,,,,,,,,,,,,,,,,,,,,,,,,,,,,,,,,,,,,,,,,,,,2021-01-26,,1.21,,pre-market,,,,,,,,,,,,,3.4188,,,,,,,,,,,,
2021-03-31,VZ,,,,,,,,,,,,,,,,,,,,,,,,,,,,,,,,,,,,,,0.02,,,1.29,,,,,,,,,,,,,,,,,,,,,,,,,,,,,,,,,,,,,,,,,,,,,,,,,2021-04-21,,1.31,,pre-market,,,,,,,,,,,,,1.5504,,,,,,,,,,,,
2021-06-30,VZ,,,,,,,,,,,,,,,,,,,,,,,,,,,,,,,,,,,,,,0.07,,,1.3,,,,,,,,,,,,,,,,,,,,,,,,,,,,,,,,,,,,,,,,,,,,,,,,,2021-07-21,,1.37,,pre-market,,,,,,,,,,,,,5.3846,,,,,,,,,,,,
2021-09-30,VZ,,,,,,,,,,,,,,,,,,,,,,,,,,,,,,,,,,,,,,0.05,,,1.36,,,,,,,,,,,,,,,,,,,,,,,,,,,,,,,,,,,,,,,,,,,,,,,,,2021-10-20,,1.41,,pre-market,,,,,,,,,,,,,3.6765,,,,,,,,,,,,
2021-12-31,VZ,,,,,,,,,,,,,,,,,,,,,,,,,,,,,,,,,,,,,,0.03,,,1.28,,,,,,,,,,,,,,,,,,,,,,,,,,,,,,,,,,,,,,,,,,,,,,,,,2022-01-25,,1.31,,pre-market,,,,,,,,,,,,,2.3438,,,,,,,,,,,,
2022-03-31,VZ,,,,,,,,,,,,,,,,,,,,,,,,,,,,,,,,,,,,,,0.03,,,1.32,,,,,,,,,,,,,,,,,,,,,,,,,,,,,,,,,,,,,,,,,,,,,,,,,2022-04-22,,1.35,,pre-market,,,,,,,,,,,,,2.2727,,,,,,,,,,,,
2022-06-30,VZ,,,,,,,,,,,,,,,,,,,,,,,,,,,,,,,,,,,,,,-0.02,,,1.33,,,,,,,,,,,,,,,,,,,,,,,,,,,,,,,,,,,,,,,,,,,,,,,,,2022-07-22,,1.31,,pre-market,,,,,,,,,,,,,-1.5038,,,,,,,,,,,,
2022-09-30,VZ,,,,,,,,,,,,,,,,,,,,,,,,,,,,,,,,,,,,,,0.03,,,1.29,,,,,,,,,,,,,,,,,,,,,,,,,,,,,,,,,,,,,,,,,,,,,,,,,2022-10-21,,1.32,,pre-market,,,,,,,,,,,,,2.3256,,,,,,,,,,,,
2022-12-31,VZ,,,,,,,,,,,,,,,,,,,,,,,,,,,,,,,,,,,,,,0.0,,,1.19,,,,,,,,,,,,,,,,,,,,,,,,,,,,,,,,,,,,,,,,,,,,,,,,,2023-01-24,,1.19,,pre-market,,,,,,,,,,,,,0.0,,,,,,,,,,,,
2023-03-31,VZ,,,,,,,,,,,,,,,,,,,,,,,,,,,,,,,,,,,,,,0.01,,,1.19,,,,,,,,,,,,,,,,,,,,,,,,,,,,,,,,,,,,,,,,,,,,,,,,,2023-04-25,,1.2,,pre-market,,,,,,,,,,,,,0.8403,,,,,,,,,,,,
2023-06-30,VZ,,,,,,,,,,,,,,,,,,,,,,,,,,,,,,,,,,,,,,0.04,,,1.17,,,,,,,,,,,,,,,,,,,,,,,,,,,,,,,,,,,,,,,,,,,,,,,,,2023-07-25,,1.21,,pre-market,,,,,,,,,,,,,3.4188,,,,,,,,,,,,
2023-09-30,VZ,,,,,,,,,,,,,,,,,,,,,,,,,,,,,,,,,,,,,,0.04,,,1.18,,,,,,,,,,,,,,,,,,,,,,,,,,,,,,,,,,,,,,,,,,,,,,,,,2023-10-24,,1.22,,pre-market,,,,,,,,,,,,,3.3898,,,,,,,,,,,,
2023-12-31,VZ,,,,,,,,,,,,,,,,,,,,,,,,,,,,,,,,,,,,,,0.0,,,1.08,,,,,,,,,,,,,,,,,,,,,,,,,,,,,,,,,,,,,,,,,,,,,,,,,2024-01-23,,1.08,,pre-market,,,,,,,,,,,,,0.0,,,,,,,,,,,,
2024-03-31,VZ,,,,,,,,,,,,,,,,,,,,,,,,,,,,,,,,,,,,,,0.03,,,1.12,,,,,,,,,,,,,,,,,,,,,,,,,,,,,,,,,,,,,,,,,,,,,,,,,2024-04-22,,1.15,,pre-market,,,,,,,,,,,,,2.6786,,,,,,,,,,,,
2024-06-30,VZ,,,,,,,,,,,,,,,,,,,,,,,,,,,,,,,,,,,,,,0.0,,,1.15,,,,,,,,,,,,,,,,,,,,,,,,,,,,,,,,,,,,,,,,,,,,,,,,,2024-07-22,,1.15,,pre-market,,,,,,,,,,,,,0.0,,,,,,,,,,,,
2024-09-30,VZ,,,,,,,,,,,,,,,,,,,,,,,,,,,,,,,,,,,,,,0.01,,,1.18,,,,,,,,,,,,,,,,,,,,,,,,,,,,,,,,,,,,,,,,,,,,,,,,,2024-10-22,,1.19,,pre-market,,,,,,,,,,,,,0.8475,,,,,,,,,,,,
2024-12-31,VZ,,,,,,,,,,,,,,,,,,,,,,,,,,,,,,,,,,,,,,0.13,,,1.05,,,,,,,,,,,,,,,,,,,,,,,,,,,,,,,,,,,,,,,,,,,,,,,,,2025-01-24,,1.18,,pre-market,,,,,,,,,,,,,12.381,,,,,,,,,,,,
2025-03-31,VZ,,,,,,,,,,,,,,,,,,,,,,,,,,,,,,,,,,,,,,0.02,,,1.13,,,,,,,,,,,,,,,,,,,,,,,,,,,,,,,,,,,,,,,,,,,,,,,,,2025-04-22,,1.15,,pre-market,,,,,,,,,,,,,1.7699,,,,,,,,,,,,
2025-06-30,VZ,,,,,,,,,,,,,,,,,,,,,,,,,,,,,,,,,,,,,,0.03,,,1.19,,,,,,,,,,,,,,,,,,,,,,,,,,,,,,,,,,,,,,,,,,,,,,,,,2025-07-21,,1.22,,pre-market,,,,,,,,,,,,,2.521,,,,,,,,,,,,
2025-09-30,VZ,,,,,,,,,,,,,,,,,,,,,,,,,,,,,,,,,,,,,,0.0,,,1.17,,,,,,,,,,,,,,,,,,,,,,,,,,,,,,,,,,,,,,,,,,,,,,,,,2025-10-29,,1.17,,pre-market,,,,,,,,,,,,,0.0,,,,,,,,,,,,
2025-12-28,VZ,4.69,137491005000.0,8.63,,0.32,24.91,,,,,,,,,,,,,,,,,,,,,,,,,,2.723,0.0675,,,,0.5,0.0,,,1.17,,8.45,,81690001000.0,,,,,,,,,,,,,,,,,,,0.239,,,,,,,,,,,,,1.965,1.625,1.241,,,,,,,,0.144,,,2025-10-29,,1.17,,pre-market,,,0.0518,0.199,0.015,32.55,,,,,42.52,40.35,0.0,,,,,,,,,8.63,,45.09,35.79
2025-12-28,VZ,4.69,137491005000.0,8.63,,0.32,24.91,,,,,,,,,,,,,,,None,17964000000,17964000000,,,,,,None,4618000000,,2.723,0.0675,,,,0.5,0.0,8191000000,12809000000,1.17,2025-09-30,8.45,,81690001000.0,15857000000,6527000000,1471000000,,,None,1664000000,68000000,,None,,,,,4950000000,5056000000,-1596000000,None,0.239,,7752000000,8105000000,,,,,None,,,,,1.965,1.625,1.241,,,,,,,,0.144,,,2025-10-29,quarterly,1.17,USD,pre-market,None,,0.0518,0.199,0.015,32.55,7752000000,,,,42.52,40.35,0.0,,,,,,,33821000000,,8.63,,45.09,35.79
2025-12-28,VZ,4.69,137491005000.0,8.63,,0.32,24.91,,,,,,,,,,,,,,,None,18520000000,18520000000,,,,,,None,4635000000,,2.723,0.0675,,,,0.5,0.0,8248000000,12883000000,1.17,2025-06-30,8.45,,81690001000.0,15984000000,6609000000,1488000000,,,None,1639000000,1642000000,,None,,,,,5003000000,5121000000,-1584000000,None,0.239,,7812000000,8172000000,,,,,None,,,,,1.965,1.625,1.241,,,,,,,,0.144,,,2025-10-29,quarterly,1.17,USD,pre-market,None,,0.0518,0.199,0.015,32.55,7812000000,,,,42.52,40.35,0.0,,,,,,,34504000000,,8.63,,45.09,35.79
2025-12-28,VZ,4.69,137491005000.0,8.63,,0.32,24.91,,,,,,,,,,,,,,,None,17633000000,17633000000,,,,,,None,4577000000,,2.723,0.0675,,,,0.5,0.0,8105000000,12682000000,1.17,2025-03-31,8.45,,81690001000.0,15852000000,6473000000,1490000000,,,None,1632000000,63000000,,None,,,,,4879000000,4983000000,-1569000000,None,0.239,,7874000000,7978000000,,,,,None,,,,,1.965,1.625,1.241,,,,,,,,0.144,,,2025-10-29,quarterly,1.17,USD,pre-market,None,,0.0518,0.199,0.015,32.55,7874000000,,,,42.52,40.35,0.0,,,,,,,33485000000,,8.63,,45.09,35.79
2025-12-28,VZ,4.69,137491005000.0,8.63,,0.32,24.91,,,,,,,,,,,,,,,None,20020000000,20020000000,,,,,,None,4506000000,,2.723,0.0675,,,,0.5,0.0,8215000000,12721000000,1.17,2024-12-31,8.45,,81690001000.0,15661000000,6568000000,1454000000,,,None,1647000000,78000000,,None,,,,,5005000000,5114000000,-1566000000,None,0.239,,8240000000,7421000000,,,,,None,,,,,1.965,1.625,1.241,,,,,,,,0.144,,,2025-10-29,quarterly,1.17,USD,pre-market,None,,0.0518,0.199,0.015,32.55,4111000000,,,,42.52,40.35,0.0,,,,,,,35681000000,,8.63,,45.09,35.79
2025-12-28,VZ,4.69,137491005000.0,8.63,,0.32,24.91,,,,,,,,,,,,,,,None,17698000000,17698000000,,,,,,None,4458000000,,2.723,0.0675,,,,0.5,0.0,5972000000,10430000000,1.17,2024-09-30,8.45,,81690001000.0,15632000000,4302000000,891000000,,,None,1670000000,97000000,,None,,,,,3306000000,3411000000,-1575000000,None,0.239,,7788000000,7844000000,,,,,None,,,,,1.965,1.625,1.241,,,,,,,,0.144,,,2025-10-29,quarterly,1.17,USD,pre-market,None,,0.0518,0.199,0.015,32.55,9706000000,,,,42.52,40.35,0.0,,,,,,,33330000000,,8.63,,45.09,35.79
2025-12-28,VZ,4.69,137491005000.0,8.63,,0.32,24.91,,,,,,,,,,,,,,,None,16954000000,16954000000,,,,,,None,4483000000,,2.723,0.0675,,,,0.5,0.0,7733000000,12216000000,1.17,2024-06-30,8.45,,81690001000.0,15842000000,6034000000,1332000000,,,None,1699000000,83000000,,None,,,,,4593000000,4702000000,-1615000000,None,0.239,,8024000000,7818000000,,,,,None,,,,,1.965,1.625,1.241,,,,,,,,0.144,,,2025-10-29,quarterly,1.17,USD,pre-market,None,,0.0518,0.199,0.015,32.55,8024000000,,,,42.52,40.35,0.0,,,,,,,32796000000,,8.63,,45.09,35.79
2025-12-28,VZ,4.69,137491005000.0,8.63,,0.32,24.91,,,,,,,,,,,,,,,None,17317000000,17317000000,,,,,,None,4445000000,,2.723,0.0675,,,,0.5,0.0,7712000000,12157000000,1.17,2024-03-31,8.45,,81690001000.0,15664000000,6075000000,1353000000,,,None,1637000000,78000000,,None,,,,,4602000000,4722000000,-1557000000,None,0.239,,8037000000,7627000000,,,,,None,,,,,1.965,1.625,1.241,,,,,,,,0.144,,,2025-10-29,quarterly,1.17,USD,pre-market,None,,0.0518,0.199,0.015,32.55,8143000000,,,,42.52,40.35,0.0,,,,,,,32981000000,,8.63,,45.09,35.79
2025-12-28,VZ,4.69,137491005000.0,8.63,,0.32,24.91,,,,,,,,,,,,,,,None,19698000000,19698000000,,,,,,None,4516000000,,2.723,0.0675,,,,0.5,0.0,-219000000,4297000000,1.17,2023-12-31,8.45,,81690001000.0,15432000000,-1817000000,756000000,,,None,1598000000,89000000,,None,,,,,-2705000000,-2573000000,-1510000000,None,0.239,,8991000000,6441000000,,,,,None,,,,,1.965,1.625,1.241,,,,,,,,0.144,,,2025-10-29,quarterly,1.17,USD,pre-market,None,,0.0518,0.199,0.015,32.55,5144000000,,,,42.52,40.35,0.0,,,,,,,35130000000,,8.63,,45.09,35.79
2025-12-28,VZ,4.69,137491005000.0,8.63,,0.32,24.91,,,,,,,,,,,,,,,None,17868000000,17868000000,,,,,,None,4431000000,,2.723,0.0675,,,,0.5,0.0,7625000000,12056000000,1.17,2023-09-30,8.45,,81690001000.0,15468000000,6192000000,1308000000,,,None,1433000000,1451000000,,None,,,,,4762000000,4884000000,-1433000000,None,0.239,,7882000000,7586000000,,,,,None,,,,,1.965,1.625,1.241,,,,,,,,0.144,,,2025-10-29,quarterly,1.17,USD,pre-market,None,,0.0518,0.199,0.015,32.55,7995000000,,,,42.52,40.35,0.0,,,,,,,33336000000,,8.63,,45.09,35.79
2025-12-28,VZ,4.69,137491005000.0,8.63,,0.32,24.91,,,,,,,,,,,,,,,None,17123000000,17123000000,,,,,,None,4359000000,,2.723,0.0675,,,,0.5,0.0,7397000000,11756000000,1.17,2023-06-30,8.45,,81690001000.0,15473000000,6112000000,1346000000,,,None,1285000000,1318000000,,None,,,,,4648000000,4766000000,-1285000000,None,0.239,,8016000000,7457000000,,,,,177000000,,,,,1.965,1.625,1.241,,,,,,,,0.144,,,2025-10-29,quarterly,1.17,USD,pre-market,None,,0.0518,0.199,0.015,32.55,8253000000,,,,42.52,40.35,0.0,,,,,,,32596000000,,8.63,,45.09,35.79
2025-12-28,VZ,4.69,137491005000.0,8.63,,0.32,24.91,,,,,,,,,,,,,,,None,17822000000,17822000000,,,,,,None,4318000000,,2.723,0.0675,,,,0.5,0.0,7707000000,12025000000,1.17,2023-03-31,8.45,,81690001000.0,15090000000,6500000000,1482000000,,,None,1207000000,1198000000,,None,,,,,4909000000,5018000000,-1207000000,None,0.239,,7506000000,7584000000,,,,,123000000,,,,,1.965,1.625,1.241,,,,,,,,0.144,,,2025-10-29,quarterly,1.17,USD,pre-market,None,,0.0518,0.199,0.015,32.55,7506000000,,,,42.52,40.35,0.0,,,,,,,32912000000,,8.63,,45.09,35.79
2025-12-28,VZ,4.69,137491005000.0,8.63,,0.32,24.91,,,,,,,,,,,,,,,None,19980000000,19980000000,,,,,,None,4218000000,,2.723,0.0675,,,,0.5,0.0,9916000000,14134000000,1.17,2022-12-31,8.45,,81690001000.0,15271000000,8811000000,2113000000,,,None,1105000000,1101000000,,None,,,,,6577000000,6698000000,-1105000000,None,0.239,,8046000000,7225000000,,,,,2691000000,,,,,1.965,1.625,1.241,,,,,,,,0.144,,,2025-10-29,quarterly,1.17,USD,pre-market,None,,0.0518,0.199,0.015,32.55,4490000000,,,,42.52,40.35,0.0,,,,,,,35251000000,,8.63,,45.09,35.79
2025-12-28,VZ,4.69,137491005000.0,8.63,,0.32,24.91,,,,,,,,,,,,,,,None,18925000000,18925000000,,,,,,None,4324000000,,2.723,0.0675,,,,0.5,0.0,7457000000,11781000000,1.17,2022-09-30,8.45,,81690001000.0,15316000000,6520000000,1496000000,,,None,937000000,935000000,,None,,,,,4900000000,5024000000,-937000000,None,0.239,,7422000000,7894000000,,,,,-437000000,,,,,1.965,1.625,1.241,,,,,,,,0.144,,,2025-10-29,quarterly,1.17,USD,pre-market,None,,0.0518,0.199,0.015,32.55,7422000000,,,,42.52,40.35,0.0,,,,,,,34241000000,,8.63,,45.09,35.79
2025-12-28,VZ,4.69,137491005000.0,8.63,,0.32,24.91,,,,,,,,,,,,,,,None,18741000000,18741000000,,,,,,None,4321000000,,2.723,0.0675,,,,0.5,0.0,7642000000,11963000000,1.17,2022-06-30,8.45,,81690001000.0,15048000000,6857000000,1542000000,,,None,785000000,21000000,,None,,,,,5199000000,5315000000,-785000000,None,0.239,,7496000000,7552000000,,,,,90000000,,,,,1.965,1.625,1.241,,,,,,,,0.144,,,2025-10-29,quarterly,1.17,USD,pre-market,None,,0.0518,0.199,0.015,32.55,7496000000,,,,42.52,40.35,0.0,,,,,,,33789000000,,8.63,,45.09,35.79
2025-12-28,VZ,4.69,137491005000.0,8.63,,0.32,24.91,,,,,,,,,,,,,,,None,18586000000,18586000000,,,,,,None,4236000000,,2.723,0.0675,,,,0.5,0.0,6869000000,11105000000,1.17,2022-03-31,8.45,,81690001000.0,14968000000,6083000000,1372000000,,,None,786000000,10000000,,None,,,,,4580000000,4711000000,-786000000,None,0.239,,7172000000,7796000000,,,,,-927000000,,,,,1.965,1.625,1.241,,,,,,,,0.144,,,2025-10-29,quarterly,1.17,USD,pre-market,None,,0.0518,0.199,0.015,32.55,7172000000,,,,42.52,40.35,0.0,,,,,,,33554000000,,8.63,,45.09,35.79
2025-12-28,VZ,4.69,137491005000.0,8.63,,0.32,24.91,,,,,,,,,,,,,,,None,19047000000,19047000000,,,,,,None,4051000000,,2.723,0.0675,,,,0.5,0.0,6883000000,10934000000,1.17,2021-12-31,8.45,,81690001000.0,15020000000,6144000000,1407000000,,,None,739000000,604000000,,None,,,,,4613000000,4737000000,-739000000,None,0.239,,7412000000,7608000000,,,,,-725000000,,,,,1.965,1.625,1.241,,,,,,,,0.144,,,2025-10-29,quarterly,1.17,USD,pre-market,None,,0.0518,0.199,0.015,32.55,4018000000,,,,42.52,40.35,0.0,,,,,,,34067000000,,8.63,,45.09,35.79
2025-12-28,VZ,4.69,137491005000.0,8.63,,0.32,24.91,,,,,,,,,,,,,,,None,17489000000,17489000000,,,,,,None,3961000000,,2.723,0.0675,,,,0.5,0.0,9175000000,13136000000,1.17,2021-09-30,8.45,,81690001000.0,15426000000,8374000000,1820000000,,,None,801000000,800000000,,None,,,,,6407000000,6554000000,-801000000,None,0.239,,7124000000,8302000000,,,,,270000000,,,,,1.965,1.625,1.241,,,,,,,,0.144,,,2025-10-29,quarterly,1.17,USD,pre-market,None,,0.0518,0.199,0.015,32.55,6521000000,,,,42.52,40.35,0.0,,,,,,,32915000000,,8.63,,45.09,35.79
2025-12-28,VZ,4.69,137491005000.0,8.63,,0.32,24.91,,,,,,,,,,,,,,,None,18275000000,18275000000,,,,,,None,4020000000,,2.723,0.0675,,,,0.5,0.0,8668000000,12688000000,1.17,2021-06-30,8.45,,81690001000.0,15489000000,7824000000,1875000000,,,None,844000000,843000000,,None,,,,,5800000000,5949000000,-844000000,None,0.239,,7324000000,8165000000,,,,,503000000,,,,,1.965,1.625,1.241,,,,,,,,0.144,,,2025-10-29,quarterly,1.17,USD,pre-market,None,,0.0518,0.199,0.015,32.55,7324000000,,,,42.52,40.35,0.0,,,,,,,33764000000,,8.63,,45.09,35.79
2025-12-28,VZ,4.69,137491005000.0,8.63,,0.32,24.91,,,,,,,,,,,,,,,None,17696000000,17696000000,,,,,,None,4174000000,,2.723,0.0675,,,,0.5,0.0,8179000000,12353000000,1.17,2021-03-31,8.45,,81690001000.0,15171000000,7078000000,1700000000,,,None,1101000000,1093000000,,None,,,,,5245000000,5378000000,-1101000000,None,0.239,,7178000000,7993000000,,,,,409000000,,,,,1.965,1.625,1.241,,,,,,,,0.144,,,2025-10-29,quarterly,1.17,USD,pre-market,None,,0.0518,0.199,0.015,32.55,7401000000,,,,42.52,40.35,0.0,,,,,,,32867000000,,8.63,,45.09,35.79
2025-12-28,VZ,4.69,137491005000.0,8.63,,0.32,24.91,,,,,,,,,,,,,,,None,19019000000,19019000000,,,,,,None,4197000000,,2.723,0.0675,,,,0.5,0.0,7333000000,11530000000,1.17,2020-12-31,8.45,,81690001000.0,15673000000,6253000000,1535000000,,,None,1080000000,1091000000,,None,,,,,4588000000,4718000000,-1080000000,None,0.239,,8619000000,7054000000,,,,,153000000,,,,,1.965,1.625,1.241,,,,,,,,0.144,,,2025-10-29,quarterly,1.17,USD,pre-market,None,,0.0518,0.199,0.015,32.55,5386000000,,,,42.52,40.35,0.0,,,,,,,34692000000,,8.63,,45.09,35.79
2025-12-28,VZ,4.69,137491005000.0,8.63,,0.32,24.91,,,,,,,,,,,,,,,None,16526000000,16526000000,,,,,,None,4192000000,,2.723,0.0675,,,,0.5,0.0,6895000000,11087000000,1.17,2020-09-30,8.45,,81690001000.0,15017000000,5851000000,1347000000,,,None,1044000000,1040000000,,None,,,,,4357000000,4504000000,-1031000000,None,0.239,,7339000000,7678000000,,,,,-783000000,,,,,1.965,1.625,1.241,,,,,,,,0.144,,,2025-10-29,quarterly,1.17,USD,pre-market,None,,0.0518,0.199,0.015,32.55,7339000000,,,,42.52,40.35,0.0,,,,,,,31543000000,,8.63,,45.09,35.79
2025-12-28,VZ,4.69,137491005000.0,8.63,,0.32,24.91,,,,,,,,,,,,,,,None,15930000000,15930000000,,,,,,None,4181000000,,2.723,0.0675,,,,0.5,0.0,7303000000,11484000000,1.17,2020-06-30,8.45,,81690001000.0,14517000000,6187000000,1348000000,,,None,1116000000,16000000,,None,,,,,4700000000,4839000000,-1073000000,None,0.239,,7156000000,7361000000,,,,,-85000000,,,,,1.965,1.625,1.241,,,,,,,,0.144,,,2025-10-29,quarterly,1.17,USD,pre-market,None,,0.0518,0.199,0.015,32.55,7156000000,,,,42.52,40.35,0.0,,,,,,,30447000000,,8.63,,45.09,35.79
2025-12-28,VZ,4.69,137491005000.0,8.63,,0.32,24.91,,,,,,,,,,,,,,,None,16446000000,16446000000,,,,,,None,4150000000,,2.723,0.0675,,,,0.5,0.0,6710000000,10860000000,1.17,2020-03-31,8.45,,81690001000.0,15164000000,5676000000,1389000000,,,None,1034000000,20000000,,None,,,,,4156000000,4287000000,-1014000000,None,0.239,,7390000000,7774000000,,,,,131000000,,,,,1.965,1.625,1.241,,,,,,,,0.144,,,2025-10-29,quarterly,1.17,USD,pre-market,None,,0.0518,0.199,0.015,32.55,8585000000,,,,42.52,40.35,0.0,,,,,,,31610000000,,8.63,,45.09,35.79
2025-12-28,VZ,4.69,137491005000.0,8.63,,0.32,24.91,,,,,,,,,,,,,,,None,19736000000,19736000000,,,,,,None,4105000000,,2.723,0.0675,,,,0.5,0.0,4871000000,8976000000,1.17,2019-12-31,8.45,,81690001000.0,15039000000,3712000000,-1505000000,,,None,1159000000,27000000,,None,,,,,5095000000,9291000000,-1132000000,None,0.239,,8010000000,7029000000,,,,,-3093000000,,,,,1.965,1.625,1.241,,,,,,,,0.144,,,2025-10-29,quarterly,1.17,USD,pre-market,None,,0.0518,0.199,0.015,32.55,5237000000,,,,42.52,40.35,0.0,,,,,,,34775000000,,8.63,,45.09,35.79
2025-12-28,VZ,4.69,137491005000.0,8.63,,0.32,24.91,,,,,,,,,,,,,,,None,17498000000,17498000000,,,,,,None,4114000000,,2.723,0.0675,,,,0.5,0.0,8069000000,12183000000,1.17,2019-09-30,8.45,,81690001000.0,15396000000,6923000000,1586000000,,,None,1146000000,34000000,,None,,,,,5194000000,5337000000,-1112000000,None,0.239,,6955000000,8441000000,,,,,-111000000,,,,,1.965,1.625,1.241,,,,,,,,0.144,,,2025-10-29,quarterly,1.17,USD,pre-market,None,,0.0518,0.199,0.015,32.55,7216000000,,,,42.52,40.35,0.0,,,,,,,32894000000,,8.63,,45.09,35.79
2025-12-28,VZ,4.69,137491005000.0,8.63,,0.32,24.91,,,,,,,,,,,,,,,None,16953000000,16953000000,,,,,,None,4232000000,,2.723,0.0675,,,,0.5,0.0,6525000000,10757000000,1.17,2019-06-30,8.45,,81690001000.0,15118000000,5310000000,1236000000,,,None,1215000000,1197000000,,None,,,,,3944000000,4074000000,-1184000000,None,0.239,,7268000000,7850000000,,,,,None,,,,,1.965,1.625,1.241,,,,,,,,0.144,,,2025-10-29,quarterly,1.17,USD,pre-market,None,,0.0518,0.199,0.015,32.55,7268000000,,,,42.52,40.35,0.0,,,,,,,32071000000,,8.63,,45.09,35.79
2025-12-28,VZ,4.69,137491005000.0,8.63,,0.32,24.91,,,,,,,,,,,,,,,None,17221000000,17221000000,,,,,,None,4231000000,,2.723,0.0675,,,,0.5,0.0,7998000000,12229000000,1.17,2019-03-31,8.45,,81690001000.0,14907000000,6788000000,1628000000,,,None,1210000000,29000000,,None,,,,,5032000000,5160000000,-1181000000,None,0.239,,7198000000,7709000000,,,,,289000000,,,,,1.965,1.625,1.241,,,,,,,,0.144,,,2025-10-29,quarterly,1.17,USD,pre-market,None,,0.0518,0.199,0.015,32.55,7198000000,,,,42.52,40.35,0.0,,,,,,,32128000000,,8.63,,45.09,35.79
2025-12-28,VZ,4.69,137491005000.0,8.63,,0.32,24.91,,,,,,,,,,,,,,,None,19643000000,19643000000,,,,,,None,4352000000,,2.723,0.0675,,,,0.5,0.0,2566000000,6918000000,1.17,2018-12-31,8.45,,81690001000.0,14638000000,1367000000,-698000000,,,None,1199000000,None,,None,,,,,1939000000,2065000000,None,None,0.239,,7405000000,7233000000,,,,,1929000000,,,,,1.965,1.625,1.241,,,,,,,,0.144,,,2025-10-29,quarterly,1.17,USD,pre-market,0,,0.0518,0.199,0.015,32.55,4505000000,,,,42.52,40.35,0.0,,,,,,,34281000000,,8.63,,45.09,35.79
2025-12-28,VZ,4.69,137491005000.0,8.63,,0.32,24.91,,,,,,,,,,,,,,,None,17708000000,17708000000,,,,,,None,4377000000,,2.723,0.0675,,,,0.5,0.0,7886000000,12263000000,1.17,2018-09-30,8.45,,81690001000.0,14899000000,6675000000,1613000000,,,None,1211000000,None,,None,,,,,4924000000,5062000000,None,None,0.239,,7094000000,7805000000,,,,,211000000,,,,,1.965,1.625,1.241,,,,,,,,0.144,,,2025-10-29,quarterly,1.17,USD,pre-market,0,,0.0518,0.199,0.015,32.55,7224000000,,,,42.52,40.35,0.0,,,,,,,32607000000,,8.63,,45.09,35.79
2025-12-28,VZ,4.69,137491005000.0,8.63,,0.32,24.91,,,,,,,,,,,,,,,None,17678000000,17678000000,,,,,,None,4350000000,,2.723,0.0675,,,,0.5,0.0,6749000000,11099000000,1.17,2018-06-30,8.45,,81690001000.0,14525000000,5527000000,1281000000,,,None,1222000000,None,,None,,,,,4120000000,4246000000,None,None,0.239,,6656000000,7869000000,,,,,132000000,,,,,1.965,1.625,1.241,,,,,,,,0.144,,,2025-10-29,quarterly,1.17,USD,pre-market,0,,0.0518,0.199,0.015,32.55,7605000000,,,,42.52,40.35,0.0,,,,,,,32203000000,,8.63,,45.09,35.79
2025-12-28,VZ,4.69,137491005000.0,8.63,,0.32,24.91,,,,,,,,,,,,,,,None,17979000000,17979000000,,,,,,None,4324000000,,2.723,0.0675,,,,0.5,0.0,7655000000,11979000000,1.17,2018-03-31,8.45,,81690001000.0,13793000000,6054000000,1388000000,,,None,1201000000,None,,None,,,,,4545000000,4666000000,None,None,0.239,,6339000000,7454000000,,,,,-94000000,,,,,1.965,1.625,1.241,,,,,,,,0.144,,,2025-10-29,quarterly,1.17,USD,pre-market,0,,0.0518,0.199,0.015,32.55,6844000000,,,,42.52,40.35,0.0,,,,,,,31772000000,,8.63,,45.09,35.79
2025-12-28,VZ,4.69,137491005000.0,8.63,,0.32,24.91,,,,,,,,,,,,,,,None,19631000000,19631000000,,,,,,None,4456000000,,2.723,0.0675,,,,0.5,0.0,4153000000,8609000000,1.17,2017-12-31,8.45,,81690001000.0,14324000000,2934000000,-15849000000,,,None,1219000000,None,,None,,,,,18669000000,18783000000,None,None,0.239,,9163000000,5161000000,,,,,-640000000,,,,,1.965,1.625,1.241,,,,,,,,0.144,,,2025-10-29,quarterly,1.17,USD,pre-market,0,,0.0518,0.199,0.015,32.55,5005000000,,,,42.52,40.35,0.0,,,,,,,33955000000,,8.63,,45.09,35.79
2025-12-28,VZ,4.69,137491005000.0,8.63,,0.32,24.91,,,,,,,,,,,,,,,None,17246000000,17246000000,,,,,,None,4272000000,,2.723,0.0675,,,,0.5,0.0,6675000000,10947000000,1.17,2017-09-30,8.45,,81690001000.0,14471000000,5511000000,1775000000,,,None,1164000000,None,,None,,,,,3620000000,3736000000,None,None,0.239,,7317000000,7154000000,,,,,-533000000,,,,,1.965,1.625,1.241,,,,,,,,0.144,,,2025-10-29,quarterly,1.17,USD,pre-market,0,,0.0518,0.199,0.015,32.55,7632000000,,,,42.52,40.35,0.0,,,,,,,31717000000,,8.63,,45.09,35.79
2025-12-28,VZ,4.69,137491005000.0,8.63,,0.32,24.91,,,,,,,,,,,,,,,None,16651000000,16651000000,,,,,,None,4167000000,,2.723,0.0675,,,,0.5,0.0,8185000000,12352000000,1.17,2017-06-30,8.45,,81690001000.0,13897000000,6967000000,2489000000,,,None,1218000000,None,,None,,,,,4362000000,4478000000,None,None,0.239,,6685000000,7212000000,,,,,-47000000,,,,,1.965,1.625,1.241,,,,,,,,0.144,,,2025-10-29,quarterly,1.17,USD,pre-market,0,,0.0518,0.199,0.015,32.55,4265000000,,,,42.52,40.35,0.0,,,,,,,30548000000,,8.63,,45.09,35.79
2025-12-28,VZ,4.69,137491005000.0,8.63,,0.32,24.91,,,,,,,,,,,,,,,None,15725000000,15725000000,,,,,,None,4059000000,,2.723,0.0675,,,,0.5,0.0,6314000000,10373000000,1.17,2017-03-31,8.45,,81690001000.0,14089000000,5182000000,1629000000,,,None,1132000000,None,,None,,,,,3450000000,3553000000,None,None,0.239,,7034000000,7055000000,,,,,-867000000,,,,,1.965,1.625,1.241,,,,,,,,0.144,,,2025-10-29,quarterly,1.17,USD,pre-market,0,,0.0518,0.199,0.015,32.55,6908000000,,,,42.52,40.35,0.0,,,,,,,29814000000,,8.63,,45.09,35.79
2025-12-28,VZ,4.69,137491005000.0,8.63,,0.32,24.91,,,,,,,,,,,,,,,None,18349000000,18349000000,,,,,,None,3987000000,,2.723,0.0675,,,,0.5,0.0,8086000000,12073000000,1.17,2016-12-31,8.45,,81690001000.0,13991000000,6949000000,2349000000,,,None,1137000000,None,,None,,,,,4495000000,4600000000,None,None,0.239,,5968000000,8023000000,,,,,63000000,,,,,1.965,1.625,1.241,,,,,,,,0.144,,,2025-10-29,quarterly,1.17,USD,pre-market,0,,0.0518,0.199,0.015,32.55,3224000000,,,,42.52,40.35,0.0,,,,,,,32340000000,,8.63,,45.09,35.79
2025-12-28,VZ,4.69,137491005000.0,8.63,,0.32,24.91,,,,,,,,,,,,,,,None,16171000000,16171000000,,,,,,None,3942000000,,2.723,0.0675,,,,0.5,0.0,6614000000,10556000000,1.17,2016-09-30,8.45,,81690001000.0,14766000000,5576000000,1829000000,,,None,1038000000,None,,None,,,,,3620000000,3747000000,None,None,0.239,,8226000000,6540000000,,,,,74000000,,,,,1.965,1.625,1.241,,,,,,,,0.144,,,2025-10-29,quarterly,1.17,USD,pre-market,0,,0.0518,0.199,0.015,32.55,8226000000,,,,42.52,40.35,0.0,,,,,,,30937000000,,8.63,,45.09,35.79
2025-12-28,VZ,4.69,137491005000.0,8.63,,0.32,24.91,,,,,,,,,,,,,,,None,12221000000,12221000000,,,,,,None,3982000000,,2.723,0.0675,,,,0.5,0.0,8104000000,12086000000,1.17,2016-06-30,8.45,,81690001000.0,18311000000,1695000000,864000000,,,None,1013000000,None,,None,,,,,702000000,831000000,None,None,0.239,,13757000000,4554000000,,,,,-1846000000,,,,,1.965,1.625,1.241,,,,,,,,0.144,,,2025-10-29,quarterly,1.17,USD,pre-market,0,,0.0518,0.199,0.015,32.55,9775000000,,,,42.52,40.35,0.0,,,,,,,30532000000,,8.63,,45.09,35.79
2025-12-28,VZ,4.69,137491005000.0,8.63,,0.32,24.91,,,,,,,,,,,,,,,None,12612000000,12612000000,,,,,,None,4017000000,,2.723,0.0675,,,,0.5,0.0,7942000000,11959000000,1.17,2016-03-31,8.45,,81690001000.0,19559000000,6766000000,2336000000,,,None,1188000000,None,,None,,,,,4310000000,4430000000,None,None,0.239,,11617000000,7942000000,,,,,12000000,,,,,1.965,1.625,1.241,,,,,,,,0.144,,,2025-10-29,quarterly,1.17,USD,pre-market,0,,0.0518,0.199,0.015,32.55,7600000000,,,,42.52,40.35,0.0,,,,,,,32171000000,,8.63,,45.09,35.79
2025-12-28,VZ,4.69,137491005000.0,8.63,,0.32,24.91,,,,,,,,,,,,,,,None,14707000000,14707000000,,,,,,None,4039000000,,2.723,0.0675,,,,0.5,0.0,9953000000,13992000000,1.17,2015-12-31,8.45,,81690001000.0,19547000000,8578000000,3065000000,,,None,1178000000,None,,None,,,,,5391000000,18375000000,None,None,0.239,,9803000000,9744000000,,,,,None,,,,,1.965,1.625,1.241,,,,,,,,0.144,,,2025-10-29,quarterly,1.17,USD,pre-market,0,,0.0518,0.199,0.015,32.55,3015000000,,,,42.52,40.35,0.0,,,,,,,34254000000,,8.63,,45.09,35.79
2025-12-28,VZ,4.69,137491005000.0,8.63,,0.32,24.91,,,,,,,,,,,,,,,None,13305000000,13305000000,,,,,,None,4009000000,,2.723,0.0675,,,,0.5,0.0,7877000000,11886000000,1.17,2015-09-30,8.45,,81690001000.0,19853000000,6366000000,2195000000,,,None,1202000000,None,,None,,,,,4038000000,4171000000,None,None,0.239,,12318000000,7535000000,,,,,33000000,,,,,1.965,1.625,1.241,,,,,,,,0.144,,,2025-10-29,quarterly,1.17,USD,pre-market,0,,0.0518,0.199,0.015,32.55,8309000000,,,,42.52,40.35,0.0,,,,,,,33158000000,,8.63,,45.09,35.79
2025-12-28,VZ,4.69,137491005000.0,8.63,,0.32,24.91,,,,,,,,,,,,,,,None,12449000000,12449000000,,,,,,None,3980000000,,2.723,0.0675,,,,0.5,0.0,7821000000,11801000000,1.17,2015-06-30,8.45,,81690001000.0,19775000000,6627000000,2274000000,,,None,1208000000,None,,None,,,,,4231000000,4353000000,None,None,0.239,,11954000000,7821000000,,,,,14000000,,,,,1.965,1.625,1.241,,,,,,,,0.144,,,2025-10-29,quarterly,1.17,USD,pre-market,0,,0.0518,0.199,0.015,32.55,7974000000,,,,42.52,40.35,0.0,,,,,,,32224000000,,8.63,,45.09,35.79
2025-12-28,VZ,4.69,137491005000.0,8.63,,0.32,24.91,,,,,,,,,,,,,,,None,12096000000,12096000000,,,,,,None,3989000000,,2.723,0.0675,,,,0.5,0.0,7960000000,11949000000,1.17,2015-03-31,8.45,,81690001000.0,19888000000,6669000000,2331000000,,,None,1332000000,None,,None,,,,,4219000000,0,None,None,0.239,,11928000000,7960000000,,,,,None,,,,,1.965,1.625,1.241,,,,,,,,0.144,,,2025-10-29,quarterly,1.17,USD,pre-market,0,,0.0518,0.199,0.015,32.55,7939000000,,,,42.52,40.35,0.0,,,,,,,31984000000,,8.63,,45.09,35.79
2025-12-28,VZ,4.69,137491005000.0,8.63,,0.32,24.91,,,,,,,,,,,,,,,None,14403000000,14403000000,,,,,,None,4068000000,,2.723,0.0675,,,,0.5,0.0,-1636000000,2432000000,1.17,2014-12-31,8.45,,81690001000.0,18789000000,-3886000000,-1738000000,,,None,1282000000,None,,None,,,,,-2231000000,-2148000000,None,None,0.239,,20925000000,-2136000000,,,,,-468000000,,,,,1.965,1.625,1.241,,,,,,,,0.144,,,2025-10-29,quarterly,1.17,USD,pre-market,0,,0.0518,0.199,0.015,32.55,14331000000,,,,42.52,40.35,0.0,,,,,,,33192000000,,8.63,,45.09,35.79
2025-12-28,VZ,4.69,137491005000.0,8.63,,0.32,24.91,,,,,,,,,,,,,,,None,12252000000,12252000000,,,,,,None,4167000000,,2.723,0.0675,,,,0.5,0.0,6890000000,11057000000,1.17,2014-09-30,8.45,,81690001000.0,19334000000,5658000000,1864000000,,,None,1255000000,None,,None,,,,,3695000000,3794000000,None,None,0.239,,12444000000,6890000000,,,,,23000000,,,,,1.965,1.625,1.241,,,,,,,,0.144,,,2025-10-29,quarterly,1.17,USD,pre-market,0,,0.0518,0.199,0.015,32.55,8277000000,,,,42.52,40.35,0.0,,,,,,,31586000000,,8.63,,45.09,35.79
2025-12-28,VZ,4.69,137491005000.0,8.63,,0.32,24.91,,,,,,,,,,,,,,,None,12087000000,12087000000,,,,,,None,4161000000,,2.723,0.0675,,,,0.5,0.0,7685000000,11846000000,1.17,2014-06-30,8.45,,81690001000.0,19396000000,6544000000,2220000000,,,None,1164000000,None,,None,,,,,4214000000,4324000000,None,None,0.239,,11711000000,7685000000,,,,,23000000,,,,,1.965,1.625,1.241,,,,,,,,0.144,,,2025-10-29,quarterly,1.17,USD,pre-market,0,,0.0518,0.199,0.015,32.55,7550000000,,,,42.52,40.35,0.0,,,,,,,31483000000,,8.63,,45.09,35.79
2025-12-28,VZ,4.69,137491005000.0,8.63,,0.32,24.91,,,,,,,,,,,,,,,None,11189000000,11189000000,,,,,,None,4137000000,,2.723,0.0675,,,,0.5,0.0,7160000000,11297000000,1.17,2014-03-31,8.45,,81690001000.0,19629000000,6954000000,968000000,,,None,1214000000,None,,None,,,,,3947000000,5986000000,None,None,0.239,,12469000000,7160000000,,,,,1008000000,,,,,1.965,1.625,1.241,,,,,,,,0.144,,,2025-10-29,quarterly,1.17,USD,pre-market,0,,0.0518,0.199,0.015,32.55,8332000000,,,,42.52,40.35,0.0,,,,,,,30818000000,,8.63,,45.09,35.79
2025-12-28,VZ,4.69,137491005000.0,8.63,,0.32,24.91,,,,,,,,,,,,,,,None,11962000000,11962000000,,,,,,None,4183000000,,2.723,0.0675,,,,0.5,0.0,12063000000,16246000000,1.17,2013-12-31,8.45,,81690001000.0,19103000000,10760000000,2844000000,,,None,1061000000,None,,None,,,,,5067000000,0,None,None,0.239,,7040000000,12063000000,,,,,None,,,,,1.965,1.625,1.241,,,,,,,,0.144,,,2025-10-29,quarterly,1.17,USD,pre-market,0,,0.0518,0.199,0.015,32.55,419000000,,,,42.52,40.35,0.0,,,,,,,31065000000,,8.63,,45.09,35.79
2025-12-28,VZ,4.69,137491005000.0,8.63,,0.32,24.91,,,,,,,,,,,,,,,None,10960000000,10960000000,,,,,,None,4154000000,,2.723,0.0675,,,,0.5,0.0,7128000000,11282000000,1.17,2013-09-30,8.45,,81690001000.0,19319000000,6612000000,1034000000,,,None,555000000,None,,None,,,,,2232000000,0,None,None,0.239,,12191000000,7128000000,,,,,None,,,,,1.965,1.625,1.241,,,,,,,,0.144,,,2025-10-29,quarterly,1.17,USD,pre-market,0,,0.0518,0.199,0.015,32.55,8037000000,,,,42.52,40.35,0.0,,,,,,,30279000000,,8.63,,45.09,35.79
2025-12-28,VZ,4.69,137491005000.0,8.63,,0.32,24.91,,,,,,,,,,,,,,,None,11033000000,11033000000,,,,,,None,4151000000,,2.723,0.0675,,,,0.5,0.0,6700000000,10851000000,1.17,2013-06-30,8.45,,81690001000.0,18753000000,6186000000,988000000,,,None,514000000,None,,None,,,,,2246000000,5198000000,None,None,0.239,,12198000000,6555000000,,,,,145000000,,,,,1.965,1.625,1.241,,,,,,,,0.144,,,2025-10-29,quarterly,1.17,USD,pre-market,0,,0.0518,0.199,0.015,32.55,8047000000,,,,42.52,40.35,0.0,,,,,,,29786000000,,8.63,,45.09,35.79
2025-12-28,VZ,4.69,137491005000.0,8.63,,0.32,24.91,,,,,,,,,,,,,,,None,10932000000,10932000000,,,,,,None,4118000000,,2.723,0.0675,,,,0.5,0.0,6256000000,10374000000,1.17,2013-03-31,8.45,,81690001000.0,18488000000,5719000000,864000000,,,None,537000000,None,,None,,,,,1952000000,4855000000,None,None,0.239,,12266000000,6222000000,,,,,34000000,,,,,1.965,1.625,1.241,,,,,,,,0.144,,,2025-10-29,quarterly,1.17,USD,pre-market,0,,0.0518,0.199,0.015,32.55,8148000000,,,,42.52,40.35,0.0,,,,,,,29420000000,,8.63,,45.09,35.79
2025-12-28,VZ,4.69,137491005000.0,8.63,,0.32,24.91,,,,,,,,,,,,,,,None,13069000000,13069000000,,,,,,None,4137000000,,2.723,0.0675,,,,0.5,0.0,-2385000000,1752000000,1.17,2012-12-31,8.45,,81690001000.0,16976000000,-4736000000,-2810000000,,,None,575000000,None,,None,,,,,-4229000000,0,None,None,0.239,,20145000000,-3169000000,,,,,None,,,,,1.965,1.625,1.241,,,,,,,,0.144,,,2025-10-29,quarterly,1.17,USD,pre-market,0,,0.0518,0.199,0.015,32.55,23943000000,,,,42.52,40.35,0.0,,,,,,,30045000000,,8.63,,45.09,35.79
2025-12-28,VZ,4.69,137491005000.0,8.63,,0.32,24.91,,,,,,,,,,,,,,,None,10991000000,10991000000,,,,,,None,4167000000,,2.723,0.0675,,,,0.5,0.0,5555000000,9722000000,1.17,2012-09-30,8.45,,81690001000.0,18016000000,4923000000,631000000,,,None,632000000,None,,None,,,,,1593000000,0,None,None,0.239,,12533000000,5483000000,,,,,None,,,,,1.965,1.625,1.241,,,,,,,,0.144,,,2025-10-29,quarterly,1.17,USD,pre-market,0,,0.0518,0.199,0.015,32.55,8366000000,,,,42.52,40.35,0.0,,,,,,,29007000000,,8.63,,45.09,35.79
2025-12-28,VZ,4.69,137491005000.0,8.63,,0.32,24.91,,,,,,,,,,,,,,,None,10896000000,10896000000,,,,,,None,4128000000,,2.723,0.0675,,,,0.5,0.0,5757000000,9885000000,1.17,2012-06-30,8.45,,81690001000.0,17656000000,5078000000,793000000,,,None,679000000,None,,None,,,,,1825000000,0,None,None,0.239,,12005000000,5651000000,,,,,None,,,,,1.965,1.625,1.241,,,,,,,,0.144,,,2025-10-29,quarterly,1.17,USD,pre-market,0,,0.0518,0.199,0.015,32.55,7877000000,,,,42.52,40.35,0.0,,,,,,,28552000000,,8.63,,45.09,35.79
2025-12-28,VZ,4.69,137491005000.0,8.63,,0.32,24.91,,,,,,,,,,,,,,,None,11319000000,11319000000,,,,,,None,4028000000,,2.723,0.0675,,,,0.5,0.0,5317000000,9345000000,1.17,2012-03-31,8.45,,81690001000.0,16923000000,4632000000,726000000,,,None,685000000,None,,None,,,,,1686000000,0,None,None,0.239,,11728000000,5195000000,,,,,None,,,,,1.965,1.625,1.241,,,,,,,,0.144,,,2025-10-29,quarterly,1.17,USD,pre-market,0,,0.0518,0.199,0.015,32.55,7700000000,,,,42.52,40.35,0.0,,,,,,,28242000000,,8.63,,45.09,35.79
2025-12-28,VZ,4.69,137491005000.0,8.63,,0.32,24.91,,,,,,,,,,,,,,,None,12090000000,12090000000,,,,,,None,4180000000,,2.723,0.0675,,,,0.5,0.0,-1099000000,3081000000,1.17,2011-12-31,8.45,,81690001000.0,16346000000,-1802000000,-1590000000,,,None,703000000,None,,None,,,,,-2023000000,0,None,None,0.239,,17458000000,-1112000000,,,,,None,,,,,1.965,1.625,1.241,,,,,,,,0.144,,,2025-10-29,quarterly,1.17,USD,pre-market,0,,0.0518,0.199,0.015,32.55,22346000000,,,,42.52,40.35,0.0,,,,,,,28436000000,,8.63,,45.09,35.79
2025-12-28,VZ,4.69,137491005000.0,8.63,,0.32,24.91,,,,,,,,,,,,,,,None,11398000000,11398000000,,,,,,None,4179000000,,2.723,0.0675,,,,0.5,0.0,4796000000,8975000000,1.17,2011-09-30,8.45,,81690001000.0,16515000000,4098000000,556000000,,,None,698000000,None,,None,,,,,1379000000,4654000000,None,None,0.239,,11868000000,4647000000,,,,,125000000,,,,,1.965,1.625,1.241,,,,,,,,0.144,,,2025-10-29,quarterly,1.17,USD,pre-market,0,,0.0518,0.199,0.015,32.55,7689000000,,,,42.52,40.35,0.0,,,,,,,27913000000,,8.63,,45.09,35.79
2025-12-28,VZ,4.69,137491005000.0,8.63,,0.32,24.91,,,,,,,,,,,,,,,None,11158000000,11158000000,,,,,,None,4113000000,,2.723,0.0675,,,,0.5,0.0,5023000000,9136000000,1.17,2011-06-30,8.45,,81690001000.0,16378000000,4306000000,702000000,,,None,717000000,None,,None,,,,,1609000000,5008000000,None,None,0.239,,11486000000,4892000000,,,,,121000000,,,,,1.965,1.625,1.241,,,,,,,,0.144,,,2025-10-29,quarterly,1.17,USD,pre-market,0,,0.0518,0.199,0.015,32.55,7373000000,,,,42.52,40.35,0.0,,,,,,,27536000000,,8.63,,45.09,35.79
2025-12-28,VZ,4.69,137491005000.0,8.63,,0.32,24.91,,,,,,,,,,,,,,,None,11229000000,11229000000,,,,,,None,4024000000,,2.723,0.0675,,,,0.5,0.0,4590000000,8614000000,1.17,2011-03-31,8.45,,81690001000.0,15761000000,3881000000,617000000,,,None,709000000,None,,None,,,,,1439000000,4498000000,None,None,0.239,,11308000000,4453000000,,,,,101000000,,,,,1.965,1.625,1.241,,,,,,,,0.144,,,2025-10-29,quarterly,1.17,USD,pre-market,0,,0.0518,0.199,0.015,32.55,7284000000,,,,42.52,40.35,0.0,,,,,,,26990000000,,8.63,,45.09,35.79
2025-12-28,VZ,4.69,137491005000.0,8.63,,0.32,24.91,,,,,,,,,,,,,,,None,9943000000,9943000000,,,,,,None,4086000000,,2.723,0.0675,,,,0.5,0.0,4663000000,8749000000,1.17,2010-12-31,8.45,,81690001000.0,16452000000,4096000000,1352000000,,,None,567000000,None,,None,,,,,2639000000,0,None,None,0.239,,11944000000,4508000000,,,,,None,,,,,1.965,1.625,1.241,,,,,,,,0.144,,,2025-10-29,quarterly,1.17,USD,pre-market,0,,0.0518,0.199,0.015,32.55,23508000000,,,,42.52,40.35,0.0,,,,,,,26395000000,,8.63,,45.09,35.79
2025-12-28,VZ,4.69,137491005000.0,8.63,,0.32,24.91,,,,,,,,,,,,,,,None,10671000000,10671000000,,,,,,None,4023000000,,2.723,0.0675,,,,0.5,0.0,3473000000,7496000000,1.17,2010-09-30,8.45,,81690001000.0,15813000000,2876000000,321000000,,,None,597000000,None,,None,,,,,881000000,0,None,None,0.239,,12430000000,3383000000,,,,,None,,,,,1.965,1.625,1.241,,,,,,,,0.144,,,2025-10-29,quarterly,1.17,USD,pre-market,0,,0.0518,0.199,0.015,32.55,7465000000,,,,42.52,40.35,0.0,,,,,,,26484000000,,8.63,,45.09,35.79
2025-12-28,VZ,4.69,137491005000.0,8.63,,0.32,24.91,,,,,,,,,,,,,,,None,12216000000,12216000000,,,,,,None,4177000000,,2.723,0.0675,,,,0.5,0.0,547000000,4724000000,1.17,2010-06-30,8.45,,81690001000.0,14557000000,-132000000,-49000000,,,None,679000000,None,,None,,,,,1745000000,0,None,None,0.239,,14147000000,410000000,,,,,None,,,,,1.965,1.625,1.241,,,,,,,,0.144,,,2025-10-29,quarterly,1.17,USD,pre-market,0,,0.0518,0.199,0.015,32.55,8319000000,,,,42.52,40.35,0.0,,,,,,,26773000000,,8.63,,45.09,35.79
2025-12-28,VZ,4.69,137491005000.0,8.63,,0.32,24.91,,,,,,,,,,,,,,,None,10652000000,10652000000,,,,,,None,4122000000,,2.723,0.0675,,,,0.5,0.0,4620000000,8742000000,1.17,2010-03-31,8.45,,81690001000.0,16261000000,3940000000,1565000000,,,None,680000000,None,,None,,,,,443000000,0,None,None,0.239,,11820000000,4441000000,,,,,None,,,,,1.965,1.625,1.241,,,,,,,,0.144,,,2025-10-29,quarterly,1.17,USD,pre-market,0,,0.0518,0.199,0.015,32.55,7724000000,,,,42.52,40.35,0.0,,,,,,,26913000000,,8.63,,45.09,35.79
2025-12-28,VZ,4.69,137491005000.0,8.63,,0.32,24.91,,,,,,,,,,,,,,,None,12514000000,12514000000,,,,,,None,4241000000,,2.723,0.0675,,,,0.5,0.0,1073000000,5314000000,1.17,2009-12-31,8.45,,81690001000.0,14577000000,387000000,-714000000,,,None,686000000,None,,None,,,,,-653000000,0,None,None,0.239,,13648000000,929000000,,,,,None,,,,,1.965,1.625,1.241,,,,,,,,0.144,,,2025-10-29,quarterly,1.17,USD,pre-market,0,,0.0518,0.199,0.015,32.55,23543000000,,,,42.52,40.35,0.0,,,,,,,27091000000,,8.63,,45.09,35.79
2025-12-28,VZ,4.69,137491005000.0,8.63,,0.32,24.91,,,,,,,,,,,,,,,None,10996000000,10996000000,,,,,,None,4172000000,,2.723,0.0675,,,,0.5,0.0,4165000000,8337000000,1.17,2009-09-30,8.45,,81690001000.0,16269000000,3461000000,574000000,,,None,704000000,None,,None,,,,,1176000000,0,None,None,0.239,,12283000000,3986000000,,,,,None,,,,,1.965,1.625,1.241,,,,,,,,0.144,,,2025-10-29,quarterly,1.17,USD,pre-market,0,,0.0518,0.199,0.015,32.55,8111000000,,,,42.52,40.35,0.0,,,,,,,27265000000,,8.63,,45.09,35.79
2025-12-28,VZ,4.69,137491005000.0,8.63,,0.32,24.91,,,,,,,,,,,,,,,None,10481000000,10481000000,,,,,,None,4091000000,,2.723,0.0675,,,,0.5,0.0,4557000000,8648000000,1.17,2009-06-30,8.45,,81690001000.0,16380000000,3770000000,610000000,,,None,787000000,None,,None,,,,,3160000000,0,None,None,0.239,,11962000000,4418000000,,,,,None,,,,,1.965,1.625,1.241,,,,,,,,0.144,,,2025-10-29,quarterly,1.17,USD,pre-market,0,,0.0518,0.199,0.015,32.55,7871000000,,,,42.52,40.35,0.0,,,,,,,26861000000,,8.63,,45.09,35.79
2025-12-28,VZ,4.69,137491005000.0,8.63,,0.32,24.91,,,,,,,,,,,,,,,None,10308000000,10308000000,,,,,,None,4028000000,,2.723,0.0675,,,,0.5,0.0,4875000000,8903000000,1.17,2009-03-31,8.45,,81690001000.0,16283000000,3950000000,740000000,,,None,925000000,None,,None,,,,,1645000000,0,None,None,0.239,,11589000000,4694000000,,,,,None,,,,,1.965,1.625,1.241,,,,,,,,0.144,,,2025-10-29,quarterly,1.17,USD,pre-market,0,,0.0518,0.199,0.015,32.55,7561000000,,,,42.52,40.35,0.0,,,,,,,26591000000,,8.63,,45.09,35.79
2025-12-28,VZ,4.69,137491005000.0,8.63,,0.32,24.91,,,,,,,,,,,,,,,None,9976000000,9976000000,,,,,,None,3747000000,,2.723,0.0675,,,,0.5,0.0,4681000000,8428000000,1.17,2008-12-31,8.45,,81690001000.0,14669000000,7945000000,555000000,,,None,750000000,None,,None,,,,,1235000000,0,None,None,0.239,,10837000000,3832000000,,,,,None,,,,,1.965,1.625,1.241,,,,,,,,0.144,,,2025-10-29,quarterly,1.17,USD,pre-market,0,,0.0518,0.199,0.015,32.55,19808000000,,,,42.52,40.35,0.0,,,,,,,24645000000,,8.63,,45.09,35.79
2025-12-28,VZ,4.69,137491005000.0,8.63,,0.32,24.91,,,,,,,,,,,,,,,None,10048000000,10048000000,,,,,,None,3652000000,,2.723,0.0675,,,,0.5,0.0,4489000000,8141000000,1.17,2008-09-30,8.45,,81690001000.0,14704000000,4049000000,850000000,,,None,440000000,None,,None,,,,,1669000000,0,None,None,0.239,,10531000000,4173000000,,,,,None,,,,,1.965,1.625,1.241,,,,,,,,0.144,,,2025-10-29,quarterly,1.17,USD,pre-market,0,,0.0518,0.199,0.015,32.55,6879000000,,,,42.52,40.35,0.0,,,,,,,24752000000,,8.63,,45.09,35.79
2025-12-28,VZ,4.69,137491005000.0,8.63,,0.32,24.91,,,,,,,,,,,,,,,None,9466000000,9466000000,,,,,,None,3584000000,,2.723,0.0675,,,,0.5,0.0,4788000000,8372000000,1.17,2008-06-30,8.45,,81690001000.0,14658000000,4385000000,981000000,,,None,403000000,None,,None,,,,,1882000000,0,None,None,0.239,,10112000000,4546000000,,,,,None,,,,,1.965,1.625,1.241,,,,,,,,0.144,,,2025-10-29,quarterly,1.17,USD,pre-market,0,,0.0518,0.199,0.015,32.55,6528000000,,,,42.52,40.35,0.0,,,,,,,24124000000,,8.63,,45.09,35.79
2025-12-28,VZ,4.69,137491005000.0,8.63,,0.32,24.91,,,,,,,,,,,,,,,None,9517000000,9517000000,,,,,,None,3582000000,,2.723,0.0675,,,,0.5,0.0,4453000000,8035000000,1.17,2008-03-31,8.45,,81690001000.0,14316000000,3994000000,945000000,,,None,459000000,None,,None,,,,,1642000000,0,None,None,0.239,,9983000000,4333000000,,,,,None,,,,,1.965,1.625,1.241,,,,,,,,0.144,,,2025-10-29,quarterly,1.17,USD,pre-market,0,,0.0518,0.199,0.015,32.55,6401000000,,,,42.52,40.35,0.0,,,,,,,23833000000,,8.63,,45.09,35.79
2025-12-28,VZ,4.69,137491005000.0,8.63,,0.32,24.91,,,,,,,,,,,,,,,None,9796000000,9796000000,,,,,,None,3666000000,,2.723,0.0675,,,,0.5,0.0,4219000000,7885000000,1.17,2007-12-31,8.45,,81690001000.0,14044000000,6884000000,759000000,,,None,536000000,None,,None,,,,,1072000000,0,None,None,0.239,,10621000000,3423000000,,,,,None,,,,,1.965,1.625,1.241,,,,,,,,0.144,,,2025-10-29,quarterly,1.17,USD,pre-market,0,,0.0518,0.199,0.015,32.55,19012000000,,,,42.52,40.35,0.0,,,,,,,23840000000,,8.63,,45.09,35.79
2025-12-28,VZ,4.69,137491005000.0,8.63,,0.32,24.91,,,,,,,,,,,,,,,None,9608000000,9608000000,,,,,,None,3605000000,,2.723,0.0675,,,,0.5,0.0,4210000000,7815000000,1.17,2007-09-30,8.45,,81690001000.0,14164000000,2658000000,1387000000,,,None,572000000,None,,None,,,,,1271000000,0,None,None,0.239,,9954000000,4210000000,,,,,None,,,,,1.965,1.625,1.241,,,,,,,,0.144,,,2025-10-29,quarterly,1.17,USD,pre-market,0,,0.0518,0.199,0.015,32.55,6349000000,,,,42.52,40.35,0.0,,,,,,,23772000000,,8.63,,45.09,35.79
2025-12-28,VZ,4.69,137491005000.0,8.63,,0.32,24.91,,,,,,,,,,,,,,,None,9231000000,9231000000,,,,,,None,3573000000,,2.723,0.0675,,,,0.5,0.0,4149000000,7722000000,1.17,2007-06-30,8.45,,81690001000.0,14042000000,2638000000,955000000,,,None,455000000,None,,None,,,,,728000000,0,None,None,0.239,,9893000000,4149000000,,,,,None,,,,,1.965,1.625,1.241,,,,,,,,0.144,,,2025-10-29,quarterly,1.17,USD,pre-market,0,,0.0518,0.199,0.015,32.55,6320000000,,,,42.52,40.35,0.0,,,,,,,23273000000,,8.63,,45.09,35.79
2025-12-28,VZ,4.69,137491005000.0,8.63,,0.32,24.91,,,,,,,,,,,,,,,None,8912000000,8912000000,,,,,,None,3533000000,,2.723,0.0675,,,,0.5,0.0,3796000000,7329000000,1.17,2007-03-31,8.45,,81690001000.0,13672000000,2365000000,881000000,,,None,485000000,None,,None,,,,,1495000000,0,None,None,0.239,,9876000000,3796000000,,,,,None,,,,,1.965,1.625,1.241,,,,,,,,0.144,,,2025-10-29,quarterly,1.17,USD,pre-market,0,,0.0518,0.199,0.015,32.55,6343000000,,,,42.52,40.35,0.0,,,,,,,22584000000,,8.63,,45.09,35.79
2025-12-28,VZ,4.69,137491005000.0,8.63,,0.32,24.91,,,,,,,,,,,,,,,None,8645000000,8645000000,,,,,,None,3598000000,,2.723,0.0675,,,,0.5,0.0,3434000000,7032000000,1.17,2006-12-31,8.45,,81690001000.0,11509000000,4945000000,253000000,,,None,663000000,None,,None,,,,,1032000000,0,None,None,0.239,,9243000000,2266000000,,,,,None,,,,,1.965,1.625,1.241,,,,,,,,0.144,,,2025-10-29,quarterly,1.17,USD,pre-market,0,,0.0518,0.199,0.015,32.55,5645000000,,,,42.52,40.35,0.0,,,,,,,20154000000,,8.63,,45.09,35.79
2025-12-28,VZ,4.69,137491005000.0,8.63,,0.32,24.91,,,,,,,,,,,,,,,None,8932000000,8932000000,,,,,,None,3628000000,,2.723,0.0675,,,,0.5,0.0,3537000000,7165000000,1.17,2006-09-30,8.45,,81690001000.0,13527000000,2265000000,855000000,,,None,572000000,None,,None,,,,,1922000000,0,None,None,0.239,,9990000000,3537000000,,,,,None,,,,,1.965,1.625,1.241,,,,,,,,0.144,,,2025-10-29,quarterly,1.17,USD,pre-market,0,,0.0518,0.199,0.015,32.55,6720000000,,,,42.52,40.35,0.0,,,,,,,22459000000,,8.63,,45.09,35.79
2025-12-28,VZ,4.69,137491005000.0,8.63,,0.32,24.91,,,,,,,,,,,,,,,None,8709000000,8709000000,,,,,,None,3652000000,,2.723,0.0675,,,,0.5,0.0,3217000000,6869000000,1.17,2006-06-30,8.45,,81690001000.0,13177000000,1872000000,754000000,,,None,590000000,None,,None,,,,,1611000000,0,None,None,0.239,,9960000000,3217000000,,,,,None,,,,,1.965,1.625,1.241,,,,,,,,0.144,,,2025-10-29,quarterly,1.17,USD,pre-market,0,,0.0518,0.199,0.015,32.55,6679000000,,,,42.52,40.35,0.0,,,,,,,21886000000,,8.63,,45.09,35.79
2025-12-28,VZ,4.69,137491005000.0,8.63,,0.32,24.91,,,,,,,,,,,,,,,None,8516000000,8516000000,,,,,,None,3667000000,,2.723,0.0675,,,,0.5,0.0,3175000000,6842000000,1.17,2006-03-31,8.45,,81690001000.0,12715000000,1933000000,877000000,,,None,649000000,None,,None,,,,,1632000000,0,None,None,0.239,,9540000000,3175000000,,,,,None,,,,,1.965,1.625,1.241,,,,,,,,0.144,,,2025-10-29,quarterly,1.17,USD,pre-market,0,,0.0518,0.199,0.015,32.55,6363000000,,,,42.52,40.35,0.0,,,,,,,21231000000,,8.63,,45.09,35.79
2025-12-28,VZ,4.69,137491005000.0,8.63,,0.32,24.91,,,,,,,,,,,,,,,None,6552000000,6552000000,,,,,,None,3573000000,,2.723,0.0675,,,,0.5,0.0,4725000000,8298000000,1.17,2005-12-31,8.45,,81690001000.0,12774000000,5415000000,712000000,,,None,617000000,None,,None,,,,,1658000000,0,None,None,0.239,,9597000000,3707000000,,,,,None,,,,,1.965,1.625,1.241,,,,,,,,0.144,,,2025-10-29,quarterly,1.17,USD,pre-market,0,,0.0518,0.199,0.015,32.55,5494000000,,,,42.52,40.35,0.0,,,,,,,19326000000,,8.63,,45.09,35.79
2025-12-28,VZ,4.69,137491005000.0,8.63,,0.32,24.91,,,,,,,,,,,,,,,None,6361000000,6361000000,,,,,,None,3688000000,,2.723,0.0675,,,,0.5,0.0,3497000000,7185000000,1.17,2005-09-30,8.45,,81690001000.0,12125000000,2494000000,737000000,,,None,539000000,None,,None,,,,,1869000000,0,None,None,0.239,,8628000000,3497000000,,,,,None,,,,,1.965,1.625,1.241,,,,,,,,0.144,,,2025-10-29,quarterly,1.17,USD,pre-market,0,,0.0518,0.199,0.015,32.55,5351000000,,,,42.52,40.35,0.0,,,,,,,18486000000,,8.63,,45.09,35.79
2025-12-28,VZ,4.69,137491005000.0,8.63,,0.32,24.91,,,,,,,,,,,,,,,None,71989000000,71989000000,,,,,,None,17892000000,,2.723,0.0675,,,,0.5,0.0,29632000000,47524000000,1.17,2024-12-31,8.45,,81690001000.0,62799000000,22979000000,5030000000,,,None,6653000000,336000000,,None,,,,,17506000000,17949000000,-6313000000,None,0.239,,32195000000,30604000000,,,,,None,,,,,1.965,1.625,1.241,,,,,,,,0.144,,,2025-10-29,annual,1.17,USD,pre-market,None,,0.0518,0.199,0.015,32.55,28113000000,,,,42.52,40.35,0.0,,,,,,,134788000000,,8.63,,45.09,35.79
2025-12-28,VZ,4.69,137491005000.0,8.63,,0.32,24.91,,,,,,,,,,,,,,,None,72511000000,72511000000,,,,,,None,17624000000,,2.723,0.0675,,,,0.5,0.0,22512000000,40136000000,1.17,2023-12-31,8.45,,81690001000.0,61463000000,16987000000,4892000000,,,None,5525000000,348000000,,None,,,,,11614000000,21366000000,-4682000000,None,0.239,,32632000000,28831000000,,,,,None,,,,,1.965,1.625,1.241,,,,,,,,0.144,,,2025-10-29,annual,1.17,USD,pre-market,None,,0.0518,0.199,0.015,32.55,27452000000,,,,42.52,40.35,0.0,,,,,,,133974000000,,8.63,,45.09,35.79
2025-12-28,VZ,4.69,137491005000.0,8.63,,0.32,24.91,,,,,,,,,,,,,,,None,76232000000,76232000000,,,,,,None,17099000000,,2.723,0.0675,,,,0.5,0.0,31853000000,48952000000,1.17,2022-12-31,8.45,,81690001000.0,60603000000,28271000000,6523000000,,,None,3582000000,3569000000,,None,,,,,21256000000,21748000000,-3613000000,None,0.239,,30136000000,30467000000,,,,,1417000000,,,,,1.965,1.625,1.241,,,,,,,,0.144,,,2025-10-29,annual,1.17,USD,pre-market,None,,0.0518,0.199,0.015,32.55,26580000000,,,,42.52,40.35,0.0,,,,,,,136835000000,,8.63,,45.09,35.79
2025-12-28,VZ,4.69,137491005000.0,8.63,,0.32,24.91,,,,,,,,,,,,,,,None,72507000000,72507000000,,,,,,None,16206000000,,2.723,0.0675,,,,0.5,0.0,32918000000,49124000000,1.17,2021-12-31,8.45,,81690001000.0,61106000000,29420000000,6802000000,,,None,3498000000,3340000000,,None,,,,,22065000000,22618000000,-3485000000,None,0.239,,29141000000,31965000000,,,,,457000000,,,,,1.965,1.625,1.241,,,,,,,,0.144,,,2025-10-29,annual,1.17,USD,pre-market,None,,0.0518,0.199,0.015,32.55,25264000000,,,,42.52,40.35,0.0,,,,,,,133613000000,,8.63,,45.09,35.79
2025-12-28,VZ,4.69,137491005000.0,8.63,,0.32,24.91,,,,,,,,,,,,,,,None,67921000000,67921000000,,,,,,None,16720000000,,2.723,0.0675,,,,0.5,0.0,28241000000,44961000000,1.17,2020-12-31,8.45,,81690001000.0,60371000000,23967000000,5619000000,,,None,4274000000,4292000000,,None,,,,,17801000000,18348000000,-4247000000,None,0.239,,30504000000,29867000000,,,,,-584000000,,,,,1.965,1.625,1.241,,,,,,,,0.144,,,2025-10-29,annual,1.17,USD,pre-market,None,,0.0518,0.199,0.015,32.55,28466000000,,,,42.52,40.35,0.0,,,,,,,128292000000,,8.63,,45.09,35.79
2025-12-28,VZ,4.69,137491005000.0,8.63,,0.32,24.91,,,,,,,,,,,,,,,None,71408000000,71408000000,,,,,,None,16682000000,,2.723,0.0675,,,,0.5,0.0,27463000000,44145000000,1.17,2019-12-31,8.45,,81690001000.0,60460000000,22733000000,2945000000,,,None,4730000000,121000000,,None,,,,,19265000000,19788000000,-4609000000,None,0.239,,29431000000,31029000000,,,,,-2915000000,,,,,1.965,1.625,1.241,,,,,,,,0.144,,,2025-10-29,annual,1.17,USD,pre-market,None,,0.0518,0.199,0.015,32.55,26825000000,,,,42.52,40.35,0.0,,,,,,,131868000000,,8.63,,45.09,35.79
2025-12-28,VZ,4.69,137491005000.0,8.63,,0.32,24.91,,,,,,,,,,,,,,,None,72608000000,72608000000,,,,,,None,17403000000,,2.723,0.0675,,,,0.5,0.0,24456000000,41859000000,1.17,2018-12-31,8.45,,81690001000.0,58255000000,19623000000,3584000000,,,None,4833000000,94000000,,None,,,,,15528000000,16039000000,-4739000000,None,0.239,,28248000000,30007000000,,,,,2178000000,,,,,1.965,1.625,1.241,,,,,,,,0.144,,,2025-10-29,annual,1.17,USD,pre-market,0,,0.0518,0.199,0.015,32.55,28401000000,,,,42.52,40.35,0.0,,,,,,,130863000000,,8.63,,45.09,35.79
2025-12-28,VZ,4.69,137491005000.0,8.63,,0.32,24.91,,,,,,,,,,,,,,,None,68510000000,68510000000,,,,,,None,16954000000,,2.723,0.0675,,,,0.5,0.0,25327000000,42281000000,1.17,2017-12-31,8.45,,81690001000.0,57524000000,20594000000,-9956000000,,,None,4733000000,82000000,,None,,,,,30101000000,30550000000,-4651000000,None,0.239,,31005000000,26519000000,,,,,-2087000000,,,,,1.965,1.625,1.241,,,,,,,,0.144,,,2025-10-29,annual,1.17,USD,pre-market,0,,0.0518,0.199,0.015,32.55,24175000000,,,,42.52,40.35,0.0,,,,,,,126034000000,,8.63,,45.09,35.79
2025-12-28,VZ,4.69,137491005000.0,8.63,,0.32,24.91,,,,,,,,,,,,,,,None,67352000000,67352000000,,,,,,None,15928000000,,2.723,0.0675,,,,0.5,0.0,25362000000,41290000000,1.17,2016-12-31,8.45,,81690001000.0,58628000000,20986000000,7378000000,,,None,4376000000,59000000,,None,,,,,13127000000,13608000000,-4317000000,None,0.239,,32718000000,25910000000,,,,,-1697000000,,,,,1.965,1.625,1.241,,,,,,,,0.144,,,2025-10-29,annual,1.17,USD,pre-market,0,,0.0518,0.199,0.015,32.55,24351000000,,,,42.52,40.35,0.0,,,,,,,125980000000,,8.63,,45.09,35.79
2025-12-28,VZ,4.69,137491005000.0,8.63,,0.32,24.91,,,,,,,,,,,,,,,None,68574000000,68574000000,,,,,,None,16017000000,,2.723,0.0675,,,,0.5,0.0,33160000000,49177000000,1.17,2015-12-31,8.45,,81690001000.0,63046000000,28240000000,9865000000,,,None,4920000000,4891000000,,None,,,,,17879000000,18375000000,None,None,0.239,,30240000000,32806000000,,,,,100000000,,,,,1.965,1.625,1.241,,,,,,,,0.144,,,2025-10-29,annual,1.17,USD,pre-market,0,,0.0518,0.199,0.015,32.55,27237000000,,,,42.52,40.35,0.0,,,,,,,131620000000,,8.63,,45.09,35.79
2025-12-28,VZ,4.69,137491005000.0,8.63,,0.32,24.91,,,,,,,,,,,,,,,None,66464000000,66464000000,,,,,,None,16533000000,,2.723,0.0675,,,,0.5,0.0,20185000000,36718000000,1.17,2014-12-31,8.45,,81690001000.0,60615000000,15270000000,3314000000,,,None,4915000000,None,,None,,,,,9625000000,11956000000,None,None,0.239,,41723000000,18892000000,,,,,586000000,,,,,1.965,1.625,1.241,,,,,,,,0.144,,,2025-10-29,annual,1.17,USD,pre-market,0,,0.0518,0.199,0.015,32.55,38490000000,,,,42.52,40.35,0.0,,,,,,,127079000000,,8.63,,45.09,35.79
2025-12-28,VZ,4.69,137491005000.0,8.63,,0.32,24.91,,,,,,,,,,,,,,,None,61493000000,61493000000,,,,,,None,16606000000,,2.723,0.0675,,,,0.5,0.0,31944000000,48550000000,1.17,2013-12-31,8.45,,81690001000.0,59057000000,29277000000,5730000000,,,None,2667000000,None,,None,,,,,11497000000,23547000000,None,None,0.239,,27367000000,31690000000,,,,,-24000000,,,,,1.965,1.625,1.241,,,,,,,,0.144,,,2025-10-29,annual,1.17,USD,pre-market,0,,0.0518,0.199,0.015,32.55,24651000000,,,,42.52,40.35,0.0,,,,,,,120550000000,,8.63,,45.09,35.79
2025-12-28,VZ,4.69,137491005000.0,8.63,,0.32,24.91,,,,,,,,,,,,,,,None,62695000000,62695000000,,,,,,None,16460000000,,2.723,0.0675,,,,0.5,0.0,12468000000,28928000000,1.17,2012-12-31,8.45,,81690001000.0,53151000000,9897000000,-660000000,,,None,2571000000,None,,None,,,,,875000000,10557000000,None,None,0.239,,32145000000,21006000000,,,,,-692000000,,,,,1.965,1.625,1.241,,,,,,,,0.144,,,2025-10-29,annual,1.17,USD,pre-market,0,,0.0518,0.199,0.015,32.55,37570000000,,,,42.52,40.35,0.0,,,,,,,115846000000,,8.63,,45.09,35.79
2025-12-28,VZ,4.69,137491005000.0,8.63,,0.32,24.91,,,,,,,,,,,,,,,None,62371000000,62371000000,,,,,,None,16496000000,,2.723,0.0675,,,,0.5,0.0,13310000000,29806000000,1.17,2011-12-31,8.45,,81690001000.0,48504000000,10483000000,285000000,,,None,2827000000,None,,None,,,,,2404000000,None,None,None,0.239,,29670000000,18834000000,,,,,None,,,,,1.965,1.625,1.241,,,,,,,,0.144,,,2025-10-29,annual,1.17,USD,pre-market,0,,0.0518,0.199,0.015,32.55,35624000000,,,,42.52,40.35,0.0,,,,,,,110875000000,,8.63,,45.09,35.79
2025-12-28,VZ,4.69,137491005000.0,8.63,,0.32,24.91,,,,,,,,,,,,,,,None,58311000000,58311000000,,,,,,None,16405000000,,2.723,0.0675,,,,0.5,0.0,15105000000,31510000000,1.17,2010-12-31,8.45,,81690001000.0,48254000000,12684000000,2467000000,,,None,2523000000,None,,None,,,,,2549000000,20143000000,None,None,0.239,,29281000000,18973000000,,,,,508000000,,,,,1.965,1.625,1.241,,,,,,,,0.144,,,2025-10-29,annual,1.17,USD,pre-market,0,,0.0518,0.199,0.015,32.55,31366000000,,,,42.52,40.35,0.0,,,,,,,106565000000,,8.63,,45.09,35.79
2025-12-28,VZ,4.69,137491005000.0,8.63,,0.32,24.91,,,,,,,,,,,,,,,None,58837000000,58837000000,,,,,,None,16534000000,,2.723,0.0675,,,,0.5,0.0,14351000000,30885000000,1.17,2009-12-31,8.45,,81690001000.0,48971000000,13520000000,1210000000,,,None,3102000000,None,,None,,,,,3651000000,None,None,None,0.239,,29491000000,19480000000,,,,,None,,,,,1.965,1.625,1.241,,,,,,,,0.144,,,2025-10-29,annual,1.17,USD,pre-market,0,,0.0518,0.199,0.015,32.55,32950000000,,,,42.52,40.35,0.0,,,,,,,107808000000,,8.63,,45.09,35.79
2025-12-28,VZ,4.69,137491005000.0,8.63,,0.32,24.91,,,,,,,,,,,,,,,None,53467000000,53467000000,,,,,,None,14610000000,,2.723,0.0675,,,,0.5,0.0,17688000000,32298000000,1.17,2008-12-31,8.45,,81690001000.0,43887000000,1643000000,3331000000,,,None,1819000000,None,,None,,,,,6428000000,None,None,None,0.239,,25776000000,18111000000,,,,,None,,,,,1.965,1.625,1.241,,,,,,,,0.144,,,2025-10-29,annual,1.17,USD,pre-market,None,,0.0518,0.199,0.015,32.55,26898000000,,,,42.52,40.35,0.0,,,,,,,97354000000,,8.63,,45.09,35.79
2025-12-28,VZ,4.69,137491005000.0,8.63,,0.32,24.91,,,,,,,,,,,,,,,None,51892000000,51892000000,,,,,,None,14377000000,,2.723,0.0675,,,,0.5,0.0,16374000000,30751000000,1.17,2007-12-31,8.45,,81690001000.0,41577000000,14545000000,3982000000,,,None,1829000000,None,,None,,,,,5521000000,None,None,None,0.239,,24865000000,16712000000,,,,,None,,,,,1.965,1.625,1.241,,,,,,,,0.144,,,2025-10-29,annual,1.17,USD,pre-market,None,,0.0518,0.199,0.015,32.55,25967000000,,,,42.52,40.35,0.0,,,,,,,93469000000,,8.63,,45.09,35.79
2025-12-28,VZ,4.69,137491005000.0,8.63,,0.32,24.91,,,,,,,,,,,,,,,None,49514000000,49514000000,,,,,,None,14545000000,,2.723,0.0675,,,,0.5,0.0,14541000000,29086000000,1.17,2006-12-31,8.45,,81690001000.0,38630000000,12192000000,2674000000,,,None,2349000000,None,,None,,,,,6197000000,None,None,None,0.239,,24416000000,14214000000,,,,,None,,,,,1.965,1.625,1.241,,,,,,,,0.144,,,2025-10-29,annual,1.17,USD,pre-market,None,,0.0518,0.199,0.015,32.55,25232000000,,,,42.52,40.35,0.0,,,,,,,88182000000,,8.63,,45.09,35.79
2025-12-28,VZ,4.69,137491005000.0,8.63,,0.32,24.91,,,,,,,,,,,,,,,None,37815000000,37815000000,,,,,,None,13615000000,,2.723,0.0675,,,,0.5,0.0,13578000000,27193000000,1.17,2005-12-31,8.45,,81690001000.0,31703000000,11449000000,3210000000,,,None,2129000000,None,,None,,,,,7397000000,None,None,None,0.239,,19341000000,12362000000,,,,,None,,,,,1.965,1.625,1.241,,,,,,,,0.144,,,2025-10-29,annual,1.17,USD,pre-market,None,,0.0518,0.199,0.015,32.55,21312000000,,,,42.52,40.35,0.0,,,,,,,69518000000,,8.63,,45.09,35.79
2025-12-28,VZ,4.69,137491005000.0,8.63,None,0.32,24.91,,23677000000,7706000000,7706000000,,,,,,,,,429000000,4233000000,None,37815000000,37815000000,20700000000,None,20146000000,25920000000,None,None,13615000000,,2.723,0.0675,,,,0.5,0.0,13578000000,27193000000,1.17,2025-09-30,8.45,22841000000,81690001000.0,31703000000,11449000000,3210000000,10516000000,10516000000,None,2129000000,None,2700000000,None,None,126629000000,None,799000000,7397000000,None,None,None,0.239,,19341000000,12362000000,7684000000,14216000000,None,17320000000,None,,,,,1.965,1.625,1.241,,,,,,,,0.144,,132227000000,2025-10-29,quarterly,1.17,USD,pre-market,None,95316000000,0.0518,0.199,0.015,32.55,21312000000,170452000000,24647000000,None,42.52,40.35,0.0,388331000000,44010000000,59563000000,281986000000,344321000000,222423000000,69518000000,105042000000,8.63,None,45.09,35.79
2025-12-28,VZ,4.69,137491005000.0,8.63,None,0.32,24.91,,23895000000,3435000000,3435000000,,,,,,,,,429000000,4228000000,None,37815000000,37815000000,19880000000,None,22067000000,26275000000,None,None,13615000000,,2.723,0.0675,,,,0.5,0.0,13578000000,27193000000,1.17,2025-06-30,8.45,22841000000,81690001000.0,31703000000,11449000000,3210000000,10635000000,10635000000,None,2129000000,None,2137000000,None,None,123929000000,None,807000000,7397000000,None,None,None,0.239,,19341000000,12362000000,6967000000,14274000000,None,17141000000,None,,,,,1.965,1.625,1.241,,,,,,,,0.144,,132018000000,2025-10-29,quarterly,1.17,USD,pre-market,None,93275000000,0.0518,0.199,0.015,32.55,21312000000,169891000000,26798000000,27000000,42.52,40.35,0.0,383285000000,38846000000,60952000000,278924000000,344439000000,217972000000,69518000000,103063000000,8.63,None,45.09,35.79
2025-12-28,VZ,4.69,137491005000.0,8.63,None,0.32,24.91,,24065000000,2257000000,2257000000,,,,,,,,,429000000,4226000000,None,37815000000,37815000000,19413000000,None,22629000000,27033000000,None,None,13615000000,,2.723,0.0675,,,,0.5,0.0,13578000000,27193000000,1.17,2025-03-31,8.45,22842000000,81690001000.0,31703000000,11449000000,3210000000,167573000000,167573000000,None,2129000000,None,2197000000,None,None,121020000000,None,820000000,7397000000,None,None,None,0.239,,19341000000,12362000000,5839000000,6800000000,None,18426000000,None,,,,,1.965,1.625,1.241,,,,,,,,0.144,,132098000000,2025-10-29,quarterly,1.17,USD,pre-market,None,91128000000,0.0518,0.199,0.015,32.55,21312000000,167714000000,27315000000,26000000,42.52,40.35,0.0,380364000000,37353000000,61066000000,278327000000,343011000000,217261000000,69518000000,100722000000,8.63,None,45.09,35.79
2025-12-28,VZ,4.69,137491005000.0,8.63,None,0.32,24.91,,24343000000,4194000000,4194000000,,,,,,,,,429000000,4221500000,None,37815000000,37815000000,10425000000,None,22633000000,26109000000,None,None,13615000000,,2.723,0.0675,,,,0.5,0.0,13578000000,27193000000,1.17,2024-12-31,8.45,22841000000,81690001000.0,31703000000,11449000000,3210000000,167742000000,167742000000,None,2129000000,None,2247000000,None,None,121381000000,None,842000000,7397000000,None,None,None,0.239,,19341000000,12362000000,7973000000,17904000000,None,19327000000,None,,,,,1.965,1.625,1.241,,,,,,,,0.144,,132994000000,2025-10-29,quarterly,1.17,USD,pre-market,None,89110000000,0.0518,0.199,0.015,32.55,21312000000,168357000000,27048000000,None,42.52,40.35,0.0,384711000000,40523000000,64771000000,284136000000,344188000000,219365000000,69518000000,99237000000,8.63,None,45.09,35.79
2025-12-28,VZ,4.69,137491005000.0,8.63,None,0.32,24.91,,23559000000,4987000000,4987000000,,,,,,,,,429000000,4225000000,None,37815000000,37815000000,22222000000,None,21763000000,25954000000,None,None,13615000000,,2.723,0.0675,,,,0.5,0.0,13578000000,27193000000,1.17,2024-09-30,8.45,22844000000,81690001000.0,31703000000,11449000000,3210000000,167155000000,167155000000,None,2129000000,None,2523000000,None,None,128878000000,None,867000000,7397000000,None,None,None,0.239,,19341000000,12362000000,7177000000,13519000000,None,14946000000,None,,,,,1.965,1.625,1.241,,,,,,,,0.144,,131141000000,2025-10-29,quarterly,1.17,USD,pre-market,None,86958000000,0.0518,0.199,0.015,32.55,21312000000,174200000000,26075000000,None,42.52,40.35,0.0,381164000000,40641000000,61816000000,283496000000,340523000000,221680000000,69518000000,96326000000,8.63,None,45.09,35.79
2025-12-28,VZ,4.69,137491005000.0,8.63,None,0.32,24.91,,23703000000,2432000000,2432000000,,,,,,,,,429000000,4221000000,None,37815000000,37815000000,19727000000,None,23255000000,25607000000,None,None,13615000000,,2.723,0.0675,,,,0.5,0.0,13578000000,27193000000,1.17,2024-06-30,8.45,22842000000,81690001000.0,31703000000,11449000000,3210000000,166971000000,166971000000,None,2129000000,None,1841000000,None,None,126022000000,None,908000000,7397000000,None,None,None,0.239,,19341000000,12362000000,8176000000,13577000000,None,16429000000,None,,,,,1.965,1.625,1.241,,,,,,,,0.144,,None,2025-10-29,quarterly,1.17,USD,pre-market,None,86504000000,0.0518,0.199,0.015,32.55,21312000000,172980000000,27502000000,15000000,42.52,40.35,0.0,379146000000,38056000000,60806000000,281607000000,341090000000,220801000000,69518000000,96172000000,8.63,None,45.09,35.79
2025-12-28,VZ,4.69,137491005000.0,8.63,None,0.32,24.91,,23936000000,2365000000,2365000000,,,,,,,,,429000000,4219000000,None,37815000000,37815000000,20139000000,None,15594000000,25319000000,None,None,13615000000,,2.723,0.0675,,,,0.5,0.0,13578000000,27193000000,1.17,2024-03-31,8.45,22842000000,81690001000.0,31703000000,11449000000,3210000000,166946000000,166946000000,None,2129000000,None,2076000000,None,None,136104000000,None,941000000,7397000000,None,None,None,0.239,,19341000000,12362000000,8197000000,13616000000,None,16258000000,None,,,,,1.965,1.625,1.241,,,,,,,,0.144,,None,2025-10-29,quarterly,1.17,USD,pre-market,None,84714000000,0.0518,0.199,0.015,32.55,21312000000,175634000000,19876000000,19000000,42.52,40.35,0.0,380158000000,37957000000,53631000000,284432000000,342201000000,230801000000,69518000000,94334000000,8.63,None,45.09,35.79
2025-12-28,VZ,4.69,137491005000.0,8.63,None,0.32,24.91,,24268000000,2065000000,2065000000,,,,,,,,,429000000,4214000000,None,37815000000,37815000000,10021000000,None,12973000000,25085000000,None,None,13615000000,,2.723,0.0675,,,,0.5,0.0,13578000000,27193000000,1.17,2023-12-31,8.45,22843000000,81690001000.0,31703000000,11449000000,3210000000,166724000000,166724000000,None,2129000000,None,2057000000,None,None,137701000000,None,953000000,7397000000,None,None,None,0.239,,19341000000,12362000000,7607000000,19008000000,None,16560000000,None,,,,,1.965,1.625,1.241,,,,,,,,0.144,,None,2025-10-29,quarterly,1.17,USD,pre-market,None,82915000000,0.0518,0.199,0.015,32.55,21312000000,174942000000,17239000000,-261000000,42.52,40.35,0.0,380255000000,36814000000,53223000000,286456000000,343441000000,233233000000,69518000000,92430000000,8.63,None,45.09,35.79
2025-12-28,VZ,4.69,137491005000.0,8.63,None,0.32,24.91,,24679000000,4210000000,4210000000,,,,,,,,,429000000,4216000000,None,37815000000,37815000000,26140000000,None,12950000000,23602000000,None,None,13615000000,,2.723,0.0675,,,,0.5,0.0,13578000000,27193000000,1.17,2023-09-30,8.45,28642000000,81690001000.0,31703000000,11449000000,3210000000,166417000000,166417000000,None,2129000000,None,2240000000,None,None,134441000000,None,929000000,7397000000,None,None,None,0.239,,19341000000,12362000000,8067000000,12681000000,None,18191000000,None,,,,,1.965,1.625,1.241,,,,,,,,0.144,,132576000000,2025-10-29,quarterly,1.17,USD,pre-market,None,88416000000,0.0518,0.199,0.015,32.55,21312000000,172070000000,16856000000,32000000,42.52,40.35,0.0,384830000000,38119000000,55677000000,285742000000,346711000000,230065000000,69518000000,97741000000,8.63,None,45.09,35.79
2025-12-28,VZ,4.69,137491005000.0,8.63,-206154000000,0.32,24.91,,24956000000,4803000000,4803000000,,,,,,,,,429000000,4213000000,None,37815000000,37815000000,20067000000,None,14827000000,23186000000,None,None,13615000000,,2.723,0.0675,,,,0.5,0.0,13578000000,27193000000,1.17,2023-06-30,8.45,28647000000,81690001000.0,31703000000,11449000000,3210000000,162434000000,162434000000,None,2129000000,None,1896000000,None,None,137871000000,None,1015000000,7397000000,None,None,None,0.239,,19341000000,12362000000,7503000000,12299000000,None,17021000000,None,,,,,1.965,1.625,1.241,,,,,,,,0.144,,132615000000,2025-10-29,quarterly,1.17,USD,pre-market,None,86448000000,0.0518,0.199,0.015,32.55,21312000000,177654000000,19038000000,41000000,42.52,40.35,0.0,379955000000,37388000000,51404000000,283453000000,342567000000,232049000000,69518000000,95193000000,8.63,None,45.09,35.79
2025-12-28,VZ,4.69,137491005000.0,8.63,-203532000000,0.32,24.91,,25480000000,2234000000,2234000000,,,,,,,,,429000000,4211000000,None,37815000000,37815000000,19273000000,None,12081000000,22856000000,None,None,13615000000,,2.723,0.0675,,,,0.5,0.0,13578000000,27193000000,1.17,2023-03-31,8.45,28674000000,81690001000.0,31703000000,11449000000,3210000000,161731000000,161731000000,None,2129000000,None,2381000000,None,None,140772000000,None,1052000000,7397000000,None,None,None,0.239,,19341000000,12362000000,8251000000,12237000000,None,17237000000,None,,,,,1.965,1.625,1.241,,,,,,,,0.144,,132934000000,2025-10-29,quarterly,1.17,USD,pre-market,None,84543000000,0.0518,0.199,0.015,32.55,21312000000,178333000000,16258000000,59000000,42.52,40.35,0.0,377716000000,35722000000,47768000000,283497000000,341994000000,235729000000,69518000000,92883000000,8.63,None,45.09,35.79
2025-12-28,VZ,4.69,137491005000.0,8.63,-200255000000,0.32,24.91,,25692000000,2605000000,2605000000,,,,,,,,,429000000,4207000000,None,37815000000,37815000000,8750000000,None,9963000000,24506000000,None,None,13615000000,,2.723,0.0675,,,,0.5,0.0,13578000000,27193000000,1.17,2022-12-31,8.45,28671000000,81690001000.0,31703000000,11449000000,3210000000,161257000000,161257000000,None,2129000000,None,2388000000,None,None,140676000000,None,1071000000,7397000000,None,None,None,0.239,,19341000000,12362000000,8358000000,20741000000,None,18397000000,None,,,,,1.965,1.625,1.241,,,,,,,,0.144,,133564000000,2025-10-29,quarterly,1.17,USD,pre-market,None,82380000000,0.0518,0.199,0.015,32.55,21312000000,176331000000,14097000000,37000000,42.52,40.35,0.0,379680000000,37857000000,50171000000,287217000000,341823000000,237046000000,69518000000,91144000000,8.63,None,45.09,35.79
2025-12-28,VZ,4.69,137491005000.0,8.63,-197866000000,0.32,24.91,,26136000000,2082000000,2082000000,,,,,,,,,429000000,4204000000,None,37815000000,37815000000,22235000000,None,14995000000,23670000000,None,None,13615000000,,2.723,0.0675,,,,0.5,0.0,13578000000,27193000000,1.17,2022-09-30,8.45,28548000000,81690001000.0,31703000000,11449000000,3210000000,160488000000,160488000000,None,2129000000,None,3133000000,None,None,132912000000,None,1083000000,7397000000,None,None,None,0.239,,19341000000,12362000000,10861000000,11950000000,None,20073000000,None,,,,,1.965,1.625,1.241,,,,,,,,0.144,,129592000000,2025-10-29,quarterly,1.17,USD,pre-market,None,78545000000,0.0518,0.199,0.015,32.55,21312000000,174043000000,18956000000,32000000,42.52,40.35,0.0,375090000000,39746000000,53141000000,286307000000,335344000000,233166000000,69518000000,87468000000,8.63,-4015000000,45.09,35.79
2025-12-28,VZ,4.69,137491005000.0,8.63,-195390000000,0.32,24.91,,26509000000,1857000000,1857000000,,,,,,,,,429000000,4202000000,None,37815000000,37815000000,20956000000,None,12873000000,23909000000,None,None,13615000000,,2.723,0.0675,,,,0.5,0.0,13578000000,27193000000,1.17,2022-06-30,8.45,28638000000,81690001000.0,31703000000,11449000000,3210000000,160010000000,160010000000,None,2129000000,None,3646000000,None,None,136184000000,None,1113000000,7397000000,None,None,None,0.239,,19341000000,12362000000,8087000000,11483000000,None,17506000000,None,,,,,1.965,1.625,1.241,,,,,,,,0.144,,128408000000,2025-10-29,quarterly,1.17,USD,pre-market,None,76401000000,0.0518,0.199,0.015,32.55,21312000000,175566000000,16785000000,19000000,42.52,40.35,0.0,370147000000,37499000000,49224000000,282790000000,332648000000,233566000000,69518000000,86016000000,8.63,-4020000000,45.09,35.79
2025-12-28,VZ,4.69,137491005000.0,8.63,-192725000000,0.32,24.91,,26779000000,1661000000,1661000000,,,,,,,,,429000000,4202000000,None,37815000000,37815000000,18169000000,None,13421000000,23615000000,None,None,13615000000,,2.723,0.0675,,,,0.5,0.0,13578000000,27193000000,1.17,2022-03-31,8.45,28629000000,81690001000.0,31703000000,11449000000,3210000000,159515000000,159515000000,None,2129000000,None,3659000000,None,None,139961000000,None,1074000000,7397000000,None,None,None,0.239,,19341000000,12362000000,6645000000,11148000000,None,14618000000,None,,,,,1.965,1.625,1.241,,,,,,,,0.144,,99843000000,2025-10-29,quarterly,1.17,USD,pre-market,None,73891000000,0.0518,0.199,0.015,32.55,21312000000,180161000000,17268000000,None,42.52,40.35,0.0,365716000000,35580000000,46585000000,280541000000,330136000000,233956000000,69518000000,83762000000,8.63,-4023000000,45.09,35.79
2025-12-28,VZ,4.69,137491005000.0,8.63,-190201000000,0.32,24.91,,27062000000,2921000000,2921000000,,,,,,,,,429000000,4169000000,None,37815000000,37815000000,8040000000,None,7443000000,23846000000,None,None,13615000000,,2.723,0.0675,,,,0.5,0.0,13578000000,27193000000,1.17,2021-12-31,8.45,28603000000,81690001000.0,31703000000,11449000000,3210000000,159296000000,159296000000,None,2129000000,None,3055000000,None,None,143425000000,None,1061000000,7397000000,None,None,None,0.239,,19341000000,12362000000,6906000000,21765000000,None,13513000000,None,,,,,1.965,1.625,1.241,,,,,,,,0.144,,127579000000,2025-10-29,quarterly,1.17,USD,pre-market,None,71993000000,0.0518,0.199,0.015,32.55,21312000000,177930000000,11302000000,None,42.52,40.35,0.0,366596000000,36728000000,47160000000,283396000000,329868000000,236236000000,69518000000,81790000000,8.63,-4104000000,45.09,35.79
2025-12-28,VZ,4.69,137491005000.0,8.63,-191665000000,0.32,24.91,,27113000000,9936000000,9936000000,,,,,,,,,429000000,4144000000,None,37815000000,37815000000,20153000000,None,7623000000,22195000000,None,None,13615000000,,2.723,0.0675,,,,0.5,0.0,13578000000,27193000000,1.17,2021-09-30,8.45,24887000000,81690001000.0,31703000000,11449000000,3210000000,152789000000,152789000000,None,2129000000,None,2303000000,None,None,143352000000,None,1100000000,7397000000,None,None,None,0.239,,19341000000,12362000000,5843000000,9976000000,None,11754000000,None,,,,,1.965,1.625,1.241,,,,,,,,0.144,,123725000000,2025-10-29,quarterly,1.17,USD,pre-market,None,70062000000,0.0518,0.199,0.015,32.55,21312000000,178088000000,11229000000,1100000000,42.52,40.35,0.0,353457000000,40277000000,41358000000,274968000000,313180000000,233610000000,69518000000,77044000000,8.63,-6630000000,45.09,35.79
2025-12-28,VZ,4.69,137491005000.0,8.63,-189452000000,0.32,24.91,,27241000000,4657000000,4657000000,,,,,,,,,429000000,4143000000,None,37815000000,37815000000,17328000000,None,7023000000,21257000000,None,None,13615000000,,2.723,0.0675,,,,0.5,0.0,13578000000,27193000000,1.17,2021-06-30,8.45,24915000000,81690001000.0,31703000000,11449000000,3210000000,150946000000,150946000000,None,2129000000,None,1421000000,None,None,144894000000,None,560000000,7397000000,None,None,None,0.239,,19341000000,12362000000,8291000000,11846000000,None,11499000000,None,,,,,1.965,1.625,1.241,,,,,,,,0.144,,122382000000,2025-10-29,quarterly,1.17,USD,pre-market,None,66310000000,0.0518,0.199,0.015,32.55,21312000000,179158000000,10904000000,560000000,42.52,40.35,0.0,349190000000,35626000000,40078000000,274078000000,313564000000,234000000000,69518000000,73684000000,8.63,-6632000000,45.09,35.79
2025-12-28,VZ,4.69,137491005000.0,8.63,-187866000000,0.32,24.91,,21302000000,10205000000,10205000000,,,,,,,,,429000000,4142000000,None,37815000000,37815000000,17219000000,None,8802000000,22507000000,None,None,13615000000,,2.723,0.0675,,,,0.5,0.0,13578000000,27193000000,1.17,2021-03-31,8.45,24837000000,81690001000.0,31703000000,11449000000,3210000000,152806000000,152806000000,None,2129000000,None,1303000000,None,None,149700000000,None,555000000,7397000000,None,None,None,0.239,,19341000000,12362000000,5632000000,9173000000,None,47713000000,None,,,,,1.965,1.625,1.241,,,,,,,,0.144,,94876000000,2025-10-29,quarterly,1.17,USD,pre-market,None,63107000000,0.0518,0.199,0.015,32.55,21312000000,179804000000,12338000000,555000000,42.52,40.35,0.0,345573000000,39647000000,38730000000,272890000000,305926000000,234160000000,69518000000,71232000000,8.63,-6634000000,45.09,35.79
2025-12-28,VZ,4.69,137491005000.0,8.63,-184904000000,0.32,24.91,,21485000000,22171000000,22171000000,,,,,,,,,429000000,4143000000,None,37815000000,37815000000,6667000000,None,5889000000,23917000000,None,None,13615000000,,2.723,0.0675,,,,0.5,0.0,13578000000,27193000000,1.17,2020-12-31,8.45,24773000000,81690001000.0,31703000000,11449000000,3210000000,108282000000,108282000000,None,2129000000,None,1796000000,None,None,123173000000,None,589000000,7397000000,None,None,None,0.239,,19341000000,12362000000,6710000000,18776000000,None,48665000000,None,,,,,1.965,1.625,1.241,,,,,,,,0.144,,94833000000,2025-10-29,quarterly,1.17,USD,pre-market,None,60464000000,0.0518,0.199,0.015,32.55,21312000000,150547000000,9374000000,589000000,42.52,40.35,0.0,316481000000,54594000000,39660000000,247209000000,261887000000,207549000000,69518000000,67842000000,8.63,-6719000000,45.09,35.79
2025-12-28,VZ,4.69,137491005000.0,8.63,-183028000000,0.32,24.91,,21649000000,8983000000,8983000000,,,,,,,,,429000000,4142000000,None,37815000000,37815000000,17391000000,None,5770000000,22617000000,None,None,13615000000,,2.723,0.0675,,,,0.5,0.0,13578000000,27193000000,1.17,2020-09-30,8.45,24799000000,81690001000.0,31703000000,11449000000,3210000000,105557000000,105557000000,None,2129000000,None,1457000000,None,None,109790000000,None,535000000,7397000000,None,None,None,0.239,,19341000000,12362000000,5515000000,9530000000,None,49922000000,None,,,,,1.965,1.625,1.241,,,,,,,,0.144,,93182000000,2025-10-29,quarterly,1.17,USD,pre-market,None,58473000000,0.0518,0.199,0.015,32.55,21312000000,137209000000,9264000000,535000000,42.52,40.35,0.0,296994000000,38572000000,36185000000,230464000000,258422000000,194279000000,69518000000,65069000000,8.63,-6721000000,45.09,35.79
2025-12-28,VZ,4.69,137491005000.0,8.63,-179960000000,0.32,24.91,,21428000000,7882000000,7882000000,,,,,,,,,429000000,4141000000,None,37815000000,37815000000,19297000000,None,6651000000,22672000000,None,None,13615000000,,2.723,0.0675,,,,0.5,0.0,13578000000,27193000000,1.17,2020-06-30,8.45,24667000000,81690001000.0,31703000000,11449000000,3210000000,105367000000,105367000000,None,2129000000,None,1289000000,None,None,106190000000,None,529000000,7397000000,None,None,None,0.239,,19341000000,12362000000,5490000000,9668000000,None,50272000000,None,,,,,1.965,1.625,1.241,,,,,,,,0.144,,92754000000,2025-10-29,quarterly,1.17,USD,pre-market,None,56746000000,0.0518,0.199,0.015,32.55,21312000000,134269000000,9921000000,None,42.52,40.35,0.0,293259000000,37333000000,38886000000,229146000000,255926000000,190260000000,69518000000,62697000000,8.63,-6722000000,45.09,35.79
2025-12-28,VZ,4.69,137491005000.0,8.63,-176816000000,0.32,24.91,,21448000000,7047000000,7047000000,,,,,,,,,429000000,4141000000,None,37815000000,37815000000,17419000000,None,11175000000,23797000000,None,None,13615000000,,2.723,0.0675,,,,0.5,0.0,13578000000,27193000000,1.17,2020-03-31,8.45,24382000000,81690001000.0,31703000000,11449000000,3210000000,101842000000,101842000000,None,2129000000,None,1633000000,None,None,106561000000,None,543000000,7397000000,None,None,None,0.239,,19341000000,12362000000,8228000000,9132000000,None,51520000000,None,,,,,1.965,1.625,1.241,,,,,,,,0.144,,92177000000,2025-10-29,quarterly,1.17,USD,pre-market,None,54557000000,0.0518,0.199,0.015,32.55,21312000000,139184000000,14506000000,None,42.52,40.35,0.0,294500000000,40705000000,41057000000,232847000000,253795000000,191790000000,69518000000,60210000000,8.63,-6725000000,45.09,35.79
2025-12-28,VZ,4.69,137491005000.0,8.63,-173819000000,0.32,24.91,,22770000000,2594000000,2594000000,,,,,,,,,429000000,4141000000,None,37815000000,37815000000,7725000000,None,10441000000,25429000000,None,None,13615000000,,2.723,0.0675,,,,0.5,0.0,13578000000,27193000000,1.17,2019-12-31,8.45,24389000000,81690001000.0,31703000000,11449000000,3210000000,104557000000,104557000000,None,2129000000,None,1422000000,None,None,99932000000,None,558000000,7397000000,None,None,None,0.239,,19341000000,12362000000,8028000000,18454000000,None,48609000000,None,,,,,1.965,1.625,1.241,,,,,,,,0.144,,91915000000,2025-10-29,quarterly,1.17,USD,pre-market,None,53147000000,0.0518,0.199,0.015,32.55,21312000000,133143000000,14038000000,None,42.52,40.35,0.0,291727000000,37473000000,44868000000,228892000000,254254000000,184024000000,69518000000,61395000000,8.63,-6820000000,45.09,35.79
2025-12-28,VZ,4.69,137491005000.0,8.63,-171204000000,0.32,24.91,,22167000000,3020000000,3020000000,,,,,,,,,429000000,4140000000,None,37815000000,37815000000,19566000000,None,7503000000,24713000000,None,None,13615000000,,2.723,0.0675,,,,0.5,0.0,13578000000,27193000000,1.17,2019-09-30,8.45,24570000000,81690001000.0,31703000000,11449000000,3210000000,103697000000,103697000000,None,2129000000,None,1538000000,None,None,101102000000,None,628000000,7397000000,None,None,None,0.239,,19341000000,12362000000,5624000000,8854000000,None,48993000000,None,,,,,1.965,1.625,1.241,,,,,,,,0.144,,88849000000,2025-10-29,quarterly,1.17,USD,pre-market,None,50595000000,0.0518,0.199,0.015,32.55,21312000000,130772000000,10789000000,None,42.52,40.35,0.0,284875000000,34895000000,39209000000,224563000000,249980000000,185354000000,69518000000,58921000000,8.63,-6822000000,45.09,35.79
2025-12-28,VZ,4.69,137491005000.0,8.63,-169577000000,0.32,24.91,,21408000000,1949000000,1949000000,,,,,,,,,429000000,4139000000,None,37815000000,37815000000,17633000000,None,8773000000,24926000000,None,None,13615000000,,2.723,0.0675,,,,0.5,0.0,13578000000,27193000000,1.17,2019-06-30,8.45,24632000000,81690001000.0,31703000000,11449000000,3210000000,103807000000,103807000000,None,2129000000,None,1167000000,None,None,104598000000,None,650000000,7397000000,None,None,None,0.239,,19341000000,12362000000,5266000000,8654000000,None,48124000000,None,,,,,1.965,1.625,1.241,,,,,,,,0.144,,87818000000,2025-10-29,quarterly,1.17,USD,pre-market,None,47945000000,0.0518,0.199,0.015,32.55,21312000000,134779000000,11927000000,None,42.52,40.35,0.0,283108000000,33308000000,38214000000,225161000000,249800000000,186947000000,69518000000,56582000000,8.63,-6823000000,45.09,35.79
2025-12-28,VZ,4.69,137491005000.0,8.63,-166608000000,0.32,24.91,,21968000000,2322000000,2322000000,,,,,,,,,429000000,4140000000,None,37815000000,37815000000,18664000000,None,8614000000,24469000000,None,None,13615000000,,2.723,0.0675,,,,0.5,0.0,13578000000,27193000000,1.17,2019-03-31,8.45,24635000000,81690001000.0,31703000000,11449000000,3210000000,103845000000,103845000000,None,2129000000,None,1417000000,None,None,105045000000,None,674000000,7397000000,None,None,None,0.239,,19341000000,12362000000,5189000000,8332000000,None,48491000000,None,,,,,1.965,1.625,1.241,,,,,,,,0.144,,87849000000,2025-10-29,quarterly,1.17,USD,pre-market,None,46493000000,0.0518,0.199,0.015,32.55,21312000000,135627000000,11611000000,None,42.52,40.35,0.0,283947000000,33397000000,38607000000,226487000000,250550000000,187880000000,69518000000,55856000000,8.63,-6825000000,45.09,35.79
2025-12-28,VZ,4.69,137491005000.0,8.63,-163549000000,0.32,24.91,,None,2745000000,2745000000,,,,,,,,,429000000,4141000000,None,37815000000,37815000000,7232000000,None,6724000000,25102000000,None,None,13615000000,,2.723,0.0675,,,,0.5,0.0,13578000000,27193000000,1.17,2018-12-31,8.45,24614000000,81690001000.0,31703000000,11449000000,3210000000,103905000000,103905000000,None,2129000000,None,1336000000,None,None,106161000000,None,671000000,7397000000,None,None,None,0.239,,19341000000,12362000000,5453000000,19301000000,None,32521000000,None,,,,,1.965,1.625,1.241,,,,,,,,0.144,,89286000000,2025-10-29,quarterly,1.17,USD,pre-market,None,43542000000,0.0518,0.199,0.015,32.55,21312000000,113063000000,7190000000,None,42.52,40.35,0.0,264829000000,34636000000,37930000000,210119000000,230193000000,172189000000,69518000000,53145000000,8.63,-6986000000,45.09,35.79
2025-12-28,VZ,4.69,137491005000.0,8.63,-164566000000,0.32,24.91,,None,2538000000,2538000000,,,,,,,,,429000000,4140000000,None,37815000000,37815000000,19342000000,None,6502000000,24012000000,None,None,13615000000,,2.723,0.0675,,,,0.5,0.0,13578000000,27193000000,1.17,2018-09-30,8.45,29200000000,81690001000.0,31703000000,11449000000,3210000000,103737000000,103737000000,None,2129000000,None,1270000000,None,None,107753000000,None,732000000,7397000000,None,None,None,0.239,,19341000000,12362000000,5334000000,8323000000,None,33156000000,None,,,,,1.965,1.625,1.241,,,,,,,,0.144,,87464000000,2025-10-29,quarterly,1.17,USD,pre-market,None,44091000000,0.0518,0.199,0.015,32.55,21312000000,112942000000,6502000000,915000000,42.52,40.35,0.0,265562000000,33154000000,34167000000,209475000000,232408000000,175308000000,69518000000,54495000000,8.63,-6987000000,45.09,35.79
2025-12-28,VZ,4.69,137491005000.0,8.63,-161513000000,0.32,24.91,,None,1750000000,1750000000,,,,,,,,,429000000,4139000000,None,37815000000,37815000000,18560000000,None,5166000000,23099000000,None,None,13615000000,,2.723,0.0675,,,,0.5,0.0,13578000000,27193000000,1.17,2018-06-30,8.45,29200000000,81690001000.0,31703000000,11449000000,3210000000,103716000000,103716000000,None,2129000000,None,1102000000,None,None,110232000000,None,787000000,7397000000,None,None,None,0.239,,19341000000,12362000000,4925000000,8303000000,None,33156000000,None,,,,,1.965,1.625,1.241,,,,,,,,0.144,,87781000000,2025-10-29,quarterly,1.17,USD,pre-market,None,41657000000,0.0518,0.199,0.015,32.55,21312000000,114640000000,5466000000,851000000,42.52,40.35,0.0,263303000000,30876000000,32329000000,209728000000,232427000000,177399000000,69518000000,52024000000,8.63,-6990000000,45.09,35.79
2025-12-28,VZ,4.69,137491005000.0,8.63,-158955000000,0.32,24.91,,None,1923000000,1923000000,,,,,,,,,429000000,4107000000,None,37815000000,37815000000,17052000000,None,5023000000,22595000000,None,None,13615000000,,2.723,0.0675,,,,0.5,0.0,13578000000,27193000000,1.17,2018-03-31,8.45,29121000000,81690001000.0,31703000000,11449000000,3210000000,103691000000,103691000000,None,2129000000,None,1285000000,None,None,112734000000,None,994000000,7397000000,None,None,None,0.239,,19341000000,12362000000,5222000000,8240000000,None,33408000000,None,,,,,1.965,1.625,1.241,,,,,,,,0.144,,87922000000,2025-10-29,quarterly,1.17,USD,pre-market,None,39974000000,0.0518,0.199,0.015,32.55,21312000000,119057000000,6323000000,885000000,42.52,40.35,0.0,264516000000,31025000000,31615000000,212171000000,233491000000,180556000000,69518000000,50781000000,8.63,-6992000000,45.09,35.79
2025-12-28,VZ,4.69,137491005000.0,8.63,-157930000000,0.32,24.91,,None,2079000000,2079000000,,,,,,,,,424000000,4090000000,None,37815000000,37815000000,7063000000,None,3303000000,23493000000,None,None,13615000000,,2.723,0.0675,,,,0.5,0.0,13578000000,27193000000,1.17,2017-12-31,8.45,29172000000,81690001000.0,31703000000,11449000000,3210000000,98664000000,98664000000,None,2129000000,None,1034000000,None,None,113642000000,None,1039000000,7397000000,None,None,None,0.239,,19341000000,12362000000,3307000000,18471000000,None,34545000000,None,,,,,1.965,1.625,1.241,,,,,,,,0.144,,88568000000,2025-10-29,quarterly,1.17,USD,pre-market,None,35635000000,0.0518,0.199,0.015,32.55,21312000000,117095000000,3453000000,0,42.52,40.35,0.0,257143000000,29913000000,33037000000,212456000000,227230000000,179419000000,69518000000,43096000000,8.63,-7139000000,45.09,35.79
2025-12-28,VZ,4.69,137491005000.0,8.63,-155986000000,0.32,24.91,,None,4487000000,4487000000,,,,,,,,,424000000,4089000000,None,37815000000,37815000000,18434000000,None,2180000000,21549000000,None,None,13615000000,,2.723,0.0675,,,,0.5,0.0,13578000000,27193000000,1.17,2017-09-30,8.45,28725000000,81690001000.0,31703000000,11449000000,3210000000,98876000000,98876000000,None,2129000000,None,1276000000,None,None,115317000000,None,1054000000,7397000000,None,None,None,0.239,,19341000000,12362000000,3555000000,8316000000,None,33639000000,None,,,,,1.965,1.625,1.241,,,,,,,,0.144,,86622000000,2025-10-29,quarterly,1.17,USD,pre-market,None,19373000000,0.0518,0.199,0.015,32.55,21312000000,117497000000,2180000000,0,42.52,40.35,0.0,254682000000,30867000000,28930000000,226231000000,223815000000,197301000000,69518000000,26848000000,8.63,-7141000000,45.09,35.79
2025-12-28,VZ,4.69,137491005000.0,8.63,-152705000000,0.32,24.91,,None,4583000000,4583000000,,,,,,,,,424000000,4087000000,None,37815000000,37815000000,17825000000,None,117724000000,19771000000,None,None,13615000000,,2.723,0.0675,,,,0.5,0.0,13578000000,27193000000,1.17,2017-06-30,8.45,28527000000,81690001000.0,31703000000,11449000000,3210000000,99147000000,99147000000,None,2129000000,None,1116000000,None,None,116390000000,None,1075000000,7397000000,None,None,None,0.239,,19341000000,12362000000,3353000000,8780000000,None,34563000000,None,,,,,1.965,1.625,1.241,,,,,,,,0.144,,86521000000,2025-10-29,quarterly,1.17,USD,pre-market,None,18159000000,0.0518,0.199,0.015,32.55,21312000000,117543000000,1153000000,0,42.52,40.35,0.0,252978000000,28823000000,27758000000,226217000000,224155000000,198459000000,69518000000,25189000000,8.63,-7142000000,45.09,35.79
2025-12-28,VZ,4.69,137491005000.0,8.63,-150337000000,0.32,24.91,,None,4307000000,4307000000,,,,,,,,,424000000,4087000000,None,37815000000,37815000000,14826000000,None,3707000000,16863000000,None,None,13615000000,,2.723,0.0675,,,,0.5,0.0,13578000000,27193000000,1.17,2017-03-31,8.45,27630000000,81690001000.0,31703000000,11449000000,3210000000,96666000000,96666000000,None,2129000000,None,1194000000,None,None,112839000000,None,1080000000,7397000000,None,None,None,0.239,,19341000000,12362000000,4794000000,8131000000,None,34344000000,None,,,,,1.965,1.625,1.241,,,,,,,,0.144,,85213000000,2025-10-29,quarterly,1.17,USD,pre-market,None,16153000000,0.0518,0.199,0.015,32.55,21312000000,116546000000,3707000000,0,42.52,40.35,0.0,246731000000,27158000000,26664000000,221694000000,219573000000,195030000000,69518000000,23493000000,8.63,-7144000000,45.09,35.79
2025-12-28,VZ,4.69,137491005000.0,8.63,-147464000000,0.32,24.91,,None,2880000000,2880000000,,,,,,,,,424000000,4087000000,None,37815000000,37815000000,7084000000,None,2477000000,17513000000,None,None,13615000000,,2.723,0.0675,,,,0.5,0.0,13578000000,27193000000,1.17,2016-12-31,8.45,27205000000,81690001000.0,31703000000,11449000000,3210000000,95570000000,95570000000,None,2129000000,None,1202000000,None,None,105433000000,None,1110000000,7397000000,None,None,None,0.239,,19341000000,12362000000,4800000000,17697000000,None,38411000000,None,,,,,1.965,1.625,1.241,,,,,,,,0.144,,84751000000,2025-10-29,quarterly,1.17,USD,pre-market,None,15059000000,0.0518,0.199,0.015,32.55,21312000000,108078000000,2645000000,0,42.52,40.35,0.0,244180000000,26395000000,30340000000,220148000000,217785000000,189808000000,69518000000,22524000000,8.63,-7263000000,45.09,35.79
2025-12-28,VZ,4.69,137491005000.0,8.63,-145495000000,0.32,24.91,,None,6441000000,6441000000,,,,,,,,,424000000,4086000000,None,37815000000,37815000000,18002000000,None,3852000000,14832000000,None,None,13615000000,,2.723,0.0675,,,,0.5,0.0,13578000000,27193000000,1.17,2016-09-30,8.45,25970000000,81690001000.0,31703000000,11449000000,3210000000,95099000000,95099000000,None,2129000000,None,1318000000,None,None,102739000000,None,1119000000,7397000000,None,None,None,0.239,,19341000000,12362000000,3030000000,8444000000,None,39861000000,None,,,,,1.965,1.625,1.241,,,,,,,,0.144,,83414000000,2025-10-29,quarterly,1.17,USD,pre-market,None,12918000000,0.0518,0.199,0.015,32.55,21312000000,106591000000,3852000000,0,42.52,40.35,0.0,239498000000,25621000000,30298000000,217515000000,213877000000,187217000000,69518000000,20460000000,8.63,-7264000000,45.09,35.79
2025-12-28,VZ,4.69,137491005000.0,8.63,-142584000000,0.32,24.91,,None,2857000000,2857000000,,,,,,,,,424000000,4085000000,None,37815000000,37815000000,19090000000,None,6803000000,13294000000,None,None,13615000000,,2.723,0.0675,,,,0.5,0.0,13578000000,27193000000,1.17,2016-06-30,8.45,25417000000,81690001000.0,31703000000,11449000000,3210000000,94380000000,94380000000,None,2129000000,None,931000000,None,None,92922000000,None,822000000,7397000000,None,None,None,0.239,,19341000000,12362000000,3762000000,8515000000,None,39971000000,None,,,,,1.965,1.625,1.241,,,,,,,,0.144,,83172000000,2025-10-29,quarterly,1.17,USD,pre-market,None,11652000000,0.0518,0.199,0.015,32.55,21312000000,99725000000,6803000000,0,42.52,40.35,0.0,231870000000,20844000000,34408000000,211126000000,211026000000,176718000000,69518000000,19244000000,8.63,-7279000000,45.09,35.79
2025-12-28,VZ,4.69,137491005000.0,8.63,-139658000000,0.32,24.91,,None,5846000000,5846000000,,,,,,,,,424000000,4085000000,None,37815000000,37815000000,18118000000,None,None,12485000000,None,None,13615000000,,2.723,0.0675,,,,0.5,0.0,13578000000,27193000000,1.17,2016-03-31,8.45,25364000000,81690001000.0,31703000000,11449000000,3210000000,95046000000,95046000000,None,2129000000,None,1142000000,None,None,103615000000,None,821000000,7397000000,None,None,None,0.239,,19341000000,12362000000,4142000000,8929000000,None,41989000000,None,,,,,1.965,1.625,1.241,,,,,,,,0.144,,83011000000,2025-10-29,quarterly,1.17,USD,pre-market,None,13253000000,0.0518,0.199,0.015,32.55,21312000000,109880000000,6265000000,0,42.52,40.35,0.0,244587000000,23615000000,33312000000,224484000000,220972000000,191172000000,69518000000,18641000000,8.63,-7279000000,45.09,35.79
2025-12-28,VZ,4.69,137491005000.0,8.63,-136622000000,0.32,24.91,,None,4470000000,4470000000,,,,,,,,,424000000,4083000000,None,37815000000,37815000000,5700000000,None,6325000000,13457000000,None,None,13615000000,,2.723,0.0675,,,,0.5,0.0,13578000000,27193000000,1.17,2015-12-31,8.45,25331000000,81690001000.0,31703000000,11449000000,3210000000,94167000000,94167000000,None,2129000000,None,1252000000,None,None,103705000000,None,796000000,7397000000,None,None,None,0.239,,19341000000,12362000000,2826000000,19894000000,None,42557000000,None,,,,,1.965,1.625,1.241,,,,,,,,0.144,,83541000000,2025-10-29,quarterly,1.17,USD,pre-market,None,11246000000,0.0518,0.199,0.015,32.55,21312000000,109729000000,6489000000,350000000,42.52,40.35,0.0,244175000000,22355000000,35052000000,226333000000,221820000000,191281000000,69518000000,16428000000,8.63,-7416000000,45.09,35.79
2025-12-28,VZ,4.69,137491005000.0,8.63,-134112000000,0.32,24.91,,None,3875000000,3875000000,,,,,,,,,424000000,4078000000,None,37815000000,37815000000,17721000000,None,None,13105000000,None,None,13615000000,,2.723,0.0675,,,,0.5,0.0,13578000000,27193000000,1.17,2015-09-30,8.45,25124000000,81690001000.0,31703000000,11449000000,3210000000,94653000000,94653000000,None,2129000000,None,1319000000,None,None,105060000000,None,779000000,7397000000,None,None,None,0.239,,19341000000,12362000000,3163000000,9507000000,None,45083000000,None,,,,,1.965,1.625,1.241,,,,,,,,0.144,,82562000000,2025-10-29,quarterly,1.17,USD,pre-market,None,8156000000,0.0518,0.199,0.015,32.55,21312000000,112324000000,7264000000,306000000,42.52,40.35,0.0,242073000000,21768000000,34492000000,227531000000,220305000000,193039000000,69518000000,13138000000,8.63,-7604000000,45.09,35.79
2025-12-28,VZ,4.69,137491005000.0,8.63,-131129000000,0.32,24.91,,None,3008000000,3008000000,,,,,,,,,424000000,4085000000,None,37815000000,37815000000,16953000000,None,None,13444000000,None,None,13615000000,,2.723,0.0675,,,,0.5,0.0,13578000000,27193000000,1.17,2015-06-30,8.45,25429000000,81690001000.0,31703000000,11449000000,3210000000,94304000000,94304000000,None,2129000000,None,1149000000,None,None,109465000000,None,794000000,7397000000,None,None,None,0.239,,19341000000,12362000000,3592000000,9486000000,None,44824000000,None,,,,,1.965,1.625,1.241,,,,,,,,0.144,,82532000000,2025-10-29,quarterly,1.17,USD,pre-market,None,6418000000,0.0518,0.199,0.015,32.55,21312000000,113671000000,4206000000,309000000,42.52,40.35,0.0,240753000000,21502000000,30645000000,227879000000,219251000000,197234000000,69518000000,11415000000,8.63,-7741000000,45.09,35.79
2025-12-28,VZ,4.69,137491005000.0,8.63,None,0.32,24.91,,None,4386000000,4386000000,,,,,,,,,424000000,4121000000,None,37815000000,37815000000,15189000000,None,None,12698000000,None,None,13615000000,,2.723,0.0675,,,,0.5,0.0,13578000000,27193000000,1.17,2015-03-31,8.45,23303000000,81690001000.0,31703000000,11449000000,3210000000,91902000000,91902000000,None,2129000000,None,1076000000,None,None,108949000000,None,None,7397000000,None,None,None,0.239,,19341000000,12362000000,4129000000,9085000000,None,None,None,,,,,1.965,1.625,1.241,,,,,,,,0.144,,81642000000,2025-10-29,quarterly,1.17,USD,pre-market,None,4422000000,0.0518,0.199,0.015,32.55,21312000000,113388000000,4439000000,547000000,42.52,40.35,0.0,235790000000,22836000000,28713000000,225031000000,212954000000,196318000000,69518000000,9339000000,8.63,-7093000000,45.09,35.79
2025-12-28,VZ,4.69,137491005000.0,8.63,-140561000000,0.32,24.91,,None,10598000000,10598000000,,,,,,,,,424000000,4157000000,None,37815000000,37815000000,5598000000,None,2397000000,13993000000,None,None,13615000000,,2.723,0.0675,,,,0.5,0.0,13578000000,27193000000,1.17,2014-12-31,8.45,24639000000,81690001000.0,31703000000,11449000000,3210000000,81990000000,81990000000,None,2129000000,None,1153000000,None,None,110536000000,None,802000000,7397000000,None,None,None,0.239,,19341000000,12362000000,3200000000,16529000000,None,38854000000,None,,,,,1.965,1.625,1.241,,,,,,,,0.144,,89947000000,2025-10-29,quarterly,1.17,USD,pre-market,None,2447000000,0.0518,0.199,0.015,32.55,21312000000,113271000000,2735000000,555000000,42.52,40.35,0.0,232616000000,29499000000,27987000000,218940000000,203117000000,190953000000,69518000000,12298000000,8.63,-3263000000,45.09,35.79
2025-12-28,VZ,4.69,137491005000.0,8.63,-140520000000,0.32,24.91,,None,7218000000,7218000000,,,,,,,,,424000000,4159000000,None,37815000000,37815000000,17055000000,None,None,13283000000,None,None,13615000000,,2.723,0.0675,,,,0.5,0.0,13578000000,27193000000,1.17,2014-09-30,8.45,24617000000,81690001000.0,31703000000,11449000000,3210000000,81041000000,81041000000,None,2129000000,None,1206000000,None,None,107627000000,None,818000000,7397000000,None,None,None,0.239,,19341000000,12362000000,2431000000,8231000000,None,31520000000,None,,,,,1.965,1.625,1.241,,,,,,,,0.144,,89932000000,2025-10-29,quarterly,1.17,USD,pre-market,None,6964000000,0.0518,0.199,0.015,32.55,21312000000,109230000000,1603000000,635000000,42.52,40.35,0.0,226293000000,24773000000,26889000000,208325000000,201520000000,181436000000,69518000000,16577000000,8.63,-3465000000,45.09,35.79
2025-12-28,VZ,4.69,137491005000.0,8.63,-137763000000,0.32,24.91,,None,5776000000,5776000000,,,,,,,,,424000000,4153000000,None,37815000000,37815000000,16521000000,None,None,12966000000,None,None,13615000000,,2.723,0.0675,,,,0.5,0.0,13578000000,27193000000,1.17,2014-06-30,8.45,24663000000,81690001000.0,31703000000,11449000000,3210000000,81051000000,81051000000,None,2129000000,None,1073000000,None,None,107696000000,None,852000000,7397000000,None,None,None,0.239,,19341000000,12362000000,2424000000,7689000000,None,32199000000,None,,,,,1.965,1.625,1.241,,,,,,,,0.144,,89712000000,2025-10-29,quarterly,1.17,USD,pre-market,None,5551000000,0.0518,0.199,0.015,32.55,21312000000,109979000000,2283000000,648000000,42.52,40.35,0.0,224427000000,22887000000,26493000000,208415000000,201540000000,181922000000,69518000000,14901000000,8.63,-3638000000,45.09,35.79
2025-12-28,VZ,4.69,137491005000.0,8.63,-134785000000,0.32,24.91,,None,2907000000,2907000000,,,,,,,,,424000000,3430000000,None,37815000000,37815000000,14984000000,None,None,12131000000,None,None,13615000000,,2.723,0.0675,,,,0.5,0.0,13578000000,27193000000,1.17,2014-03-31,8.45,24647000000,81690001000.0,31703000000,11449000000,3210000000,78552000000,78552000000,None,2129000000,None,881000000,None,None,107617000000,None,889000000,7397000000,None,None,None,0.239,,19341000000,12362000000,6716000000,8217000000,None,33144000000,None,,,,,1.965,1.625,1.241,,,,,,,,0.144,,89056000000,2025-10-29,quarterly,1.17,USD,pre-market,None,3534000000,0.0518,0.199,0.015,32.55,21312000000,109769000000,2152000000,637000000,42.52,40.35,0.0,221562000000,23272000000,25353000000,207711000000,198290000000,182358000000,69518000000,12711000000,8.63,-3794000000,45.09,35.79
2025-12-28,VZ,4.69,137491005000.0,8.63,-131909000000,0.32,24.91,,None,53528000000,53528000000,,,,,,,,,297000000,2875000000,None,37815000000,37815000000,4954000000,None,None,12439000000,None,None,13615000000,,2.723,0.0675,,,,0.5,0.0,13578000000,27193000000,1.17,2013-12-31,8.45,24634000000,81690001000.0,31703000000,11449000000,3210000000,81547000000,81547000000,None,2129000000,None,1020000000,None,None,89658000000,None,3432000000,7397000000,None,None,None,0.239,,19341000000,12362000000,3406000000,15334000000,None,33335000000,None,,,,,1.965,1.625,1.241,,,,,,,,0.144,,88956000000,2025-10-29,quarterly,1.17,USD,pre-market,None,1782000000,0.0518,0.199,0.015,32.55,21312000000,93591000000,3933000000,601000000,42.52,40.35,0.0,274098000000,70994000000,27050000000,178682000000,203104000000,151632000000,69518000000,38836000000,8.63,-3961000000,45.09,35.79
2025-12-28,VZ,4.69,137491005000.0,8.63,None,0.32,24.91,,None,56710000000,56710000000,,,,,,,,,297000000,2874000000,None,37815000000,37815000000,15622000000,None,None,12111000000,None,None,13615000000,,2.723,0.0675,,,,0.5,0.0,13578000000,27193000000,1.17,2013-09-30,8.45,24339000000,81690001000.0,31703000000,11449000000,3210000000,82235000000,82235000000,None,2129000000,None,1193000000,None,None,90938000000,None,None,7397000000,None,None,None,0.239,,19341000000,12362000000,3060000000,6467000000,None,None,None,,,,,1.965,1.625,1.241,,,,,,,,0.144,,88527000000,2025-10-29,quarterly,1.17,USD,pre-market,None,-1768000000,0.0518,0.199,0.015,32.55,21312000000,99140000000,8202000000,631000000,42.52,40.35,0.0,276675000000,73705000000,30291000000,186410000000,202970000000,156119000000,69518000000,34985000000,8.63,-3970000000,45.09,35.79
2025-12-28,VZ,4.69,137491005000.0,8.63,-126892000000,0.32,24.91,,None,1788000000,1788000000,,,,,,,,,297000000,2872000000,None,37815000000,37815000000,14671000000,None,None,12216000000,None,None,13615000000,,2.723,0.0675,,,,0.5,0.0,13578000000,27193000000,1.17,2013-06-30,8.45,24336000000,81690001000.0,31703000000,11449000000,3210000000,81601000000,81601000000,None,2129000000,None,1040000000,None,None,41791000000,None,3319000000,7397000000,None,None,None,0.239,,19341000000,12362000000,6295000000,21230000000,None,39512000000,None,,,,,1.965,1.625,1.241,,,,,,,,0.144,,88332000000,2025-10-29,quarterly,1.17,USD,pre-market,None,-2483000000,0.0518,0.199,0.015,32.55,21312000000,49752000000,7961000000,618000000,42.52,40.35,0.0,223346000000,21957000000,29191000000,136190000000,201389000000,106999000000,69518000000,34061000000,8.63,-3974000000,45.09,35.79
2025-12-28,VZ,4.69,137491005000.0,8.63,-123901000000,0.32,24.91,,None,5475000000,5475000000,,,,,,,,,297000000,2872000000,None,37815000000,37815000000,14030000000,None,None,11814000000,None,None,13615000000,,2.723,0.0675,,,,0.5,0.0,13578000000,27193000000,1.17,2013-03-31,8.45,24132000000,81690001000.0,31703000000,11449000000,3210000000,81472000000,81472000000,None,2129000000,None,798000000,None,None,41993000000,None,3321000000,7397000000,None,None,None,0.239,,19341000000,12362000000,6511000000,20601000000,None,40123000000,None,,,,,1.965,1.625,1.241,,,,,,,,0.144,,88181000000,2025-10-29,quarterly,1.17,USD,pre-market,None,-3255000000,0.0518,0.199,0.015,32.55,21312000000,52881000000,10888000000,660000000,42.52,40.35,0.0,226186000000,25258000000,31489000000,138598000000,200928000000,107109000000,69518000000,33310000000,8.63,-3994000000,45.09,35.79
2025-12-28,VZ,4.69,137491005000.0,8.63,-120933000000,0.32,24.91,,None,3093000000,3093000000,,,,,,,,,297000000,2862000000,None,37815000000,37815000000,4454000000,None,None,12576000000,None,None,13615000000,,2.723,0.0675,,,,0.5,0.0,13578000000,27193000000,1.17,2012-12-31,8.45,24139000000,81690001000.0,31703000000,11449000000,3210000000,83677000000,83677000000,None,2129000000,None,1075000000,None,None,47618000000,None,3401000000,7397000000,None,None,None,0.239,,19341000000,12362000000,4021000000,14579000000,None,40438000000,None,,,,,1.965,1.625,1.241,,,,,,,,0.144,,88642000000,2025-10-29,quarterly,1.17,USD,pre-market,None,-3734000000,0.0518,0.199,0.015,32.55,21312000000,51987000000,4369000000,470000000,42.52,40.35,0.0,225222000000,21235000000,26956000000,139689000000,203987000000,112733000000,69518000000,33157000000,8.63,-4071000000,45.09,35.79
2025-12-28,VZ,4.69,137491005000.0,8.63,None,0.32,24.91,,None,9714000000,9714000000,,,,,,,,,297000000,2866000000,None,37815000000,37815000000,16003000000,None,None,12030000000,None,None,13615000000,,2.723,0.0675,,,,0.5,0.0,13578000000,27193000000,1.17,2012-09-30,8.45,24048000000,81690001000.0,31703000000,11449000000,3210000000,83421000000,83421000000,None,2129000000,None,1223000000,None,None,46467000000,None,None,7397000000,None,None,None,0.239,,19341000000,12362000000,4103000000,22435000000,None,None,None,,,,,1.965,1.625,1.241,,,,,,,,0.144,,87810000000,2025-10-29,quarterly,1.17,USD,pre-market,None,1968000000,0.0518,0.199,0.015,32.55,21312000000,52802000000,6335000000,593000000,42.52,40.35,0.0,231082000000,27663000000,28770000000,138454000000,203419000000,109684000000,69518000000,37645000000,8.63,-4247000000,45.09,35.79
2025-12-28,VZ,4.69,137491005000.0,8.63,None,0.32,24.91,,None,10001000000,10001000000,,,,,,,,,297000000,2858000000,None,37815000000,37815000000,13973000000,None,None,11595000000,None,None,13615000000,,2.723,0.0675,,,,0.5,0.0,13578000000,27193000000,1.17,2012-06-30,8.45,23478000000,81690001000.0,31703000000,11449000000,3210000000,79029000000,79029000000,None,2129000000,None,856000000,None,None,46479000000,None,None,7397000000,None,None,None,0.239,,19341000000,12362000000,3901000000,20441000000,None,None,None,,,,,1.965,1.625,1.241,,,,,,,,0.144,,87895000000,2025-10-29,quarterly,1.17,USD,pre-market,None,1845000000,0.0518,0.199,0.015,32.55,21312000000,52391000000,5912000000,777000000,42.52,40.35,0.0,226072000000,27130000000,26353000000,135644000000,198942000000,109291000000,69518000000,37150000000,8.63,-4438000000,45.09,35.79
2025-12-28,VZ,4.69,137491005000.0,8.63,None,0.32,24.91,,None,5909000000,5909000000,,,,,,,,,297000000,2849000000,None,37815000000,37815000000,13231000000,None,None,11234000000,None,None,13615000000,,2.723,0.0675,,,,0.5,0.0,13578000000,27193000000,1.17,2012-03-31,8.45,23465000000,81690001000.0,31703000000,11449000000,3210000000,79038000000,79038000000,None,2129000000,None,1063000000,None,None,48476000000,None,None,7397000000,None,None,None,0.239,,19341000000,12362000000,4683000000,19792000000,None,None,None,,,,,1.965,1.625,1.241,,,,,,,,0.144,,88186000000,2025-10-29,quarterly,1.17,USD,pre-market,None,1444000000,0.0518,0.199,0.015,32.55,21312000000,51597000000,3121000000,623000000,42.52,40.35,0.0,222921000000,23512000000,22913000000,134500000000,199409000000,111587000000,69518000000,36671000000,8.63,-4735000000,45.09,35.79
2025-12-28,VZ,4.69,137491005000.0,8.63,None,0.32,24.91,,None,13362000000,13362000000,,,,,,,,,297000000,2835000000,None,37815000000,37815000000,4194000000,None,None,11776000000,None,None,13615000000,,2.723,0.0675,,,,0.5,0.0,13578000000,27193000000,1.17,2011-12-31,8.45,23357000000,81690001000.0,31703000000,11449000000,3210000000,79128000000,79128000000,None,2129000000,None,940000000,None,None,50303000000,None,None,7397000000,None,None,None,0.239,,19341000000,12362000000,4269000000,17229000000,None,None,None,,,,,1.965,1.625,1.241,,,,,,,,0.144,,88434000000,2025-10-29,quarterly,1.17,USD,pre-market,None,1179000000,0.0518,0.199,0.015,32.55,21312000000,55152000000,4849000000,592000000,42.52,40.35,0.0,230461000000,30939000000,30761000000,144553000000,199522000000,113792000000,69518000000,35970000000,8.63,-5002000000,45.09,35.79
2025-12-28,VZ,4.69,137491005000.0,8.63,-125955000000,0.32,24.91,,None,10324000000,10324000000,,,,,,,,,297000000,2839000000,None,37815000000,37815000000,14486000000,None,None,11648000000,None,None,13615000000,,2.723,0.0675,,,,0.5,0.0,13578000000,27193000000,1.17,2011-09-30,8.45,23541000000,81690001000.0,31703000000,11449000000,3210000000,79118000000,79118000000,None,2129000000,None,1153000000,None,None,46285000000,None,3461000000,7397000000,None,None,None,0.239,,19341000000,12362000000,4111000000,26006000000,None,33184000000,None,,,,,1.965,1.625,1.241,,,,,,,,0.144,,88843000000,2025-10-29,quarterly,1.17,USD,pre-market,None,4619000000,0.0518,0.199,0.015,32.55,21312000000,54915000000,8630000000,534000000,42.52,40.35,0.0,228032000000,27770000000,34636000000,140517000000,200262000000,105881000000,69518000000,39051000000,8.63,-5112000000,45.09,35.79
2025-12-28,VZ,4.69,137491005000.0,8.63,-123552000000,0.32,24.91,,None,6240000000,6240000000,,,,,,,,,297000000,2838000000,None,37815000000,37815000000,14238000000,None,None,11483000000,None,None,13615000000,,2.723,0.0675,,,,0.5,0.0,13578000000,27193000000,1.17,2011-06-30,8.45,23480000000,81690001000.0,31703000000,11449000000,3210000000,79096000000,79096000000,None,2129000000,None,1270000000,None,None,47927000000,None,3908000000,7397000000,None,None,None,0.239,,19341000000,12362000000,2891000000,21319000000,None,33140000000,None,,,,,1.965,1.625,1.241,,,,,,,,0.144,,89397000000,2025-10-29,quarterly,1.17,USD,pre-market,None,4656000000,0.0518,0.199,0.015,32.55,21312000000,53982000000,6055000000,588000000,42.52,40.35,0.0,223756000000,22472000000,27374000000,133044000000,201284000000,105670000000,69518000000,39348000000,8.63,-5132000000,45.09,35.79
2025-12-28,VZ,4.69,137491005000.0,8.63,-123459000000,0.32,24.91,,None,14007000000,14007000000,,,,,,,,,297000000,2834000000,None,37815000000,37815000000,13810000000,None,None,11028000000,None,None,13615000000,,2.723,0.0675,,,,0.5,0.0,13578000000,27193000000,1.17,2011-03-31,8.45,21993000000,81690001000.0,31703000000,11449000000,3210000000,78704000000,78704000000,None,2129000000,None,1245000000,None,None,49374000000,None,3732000000,7397000000,None,None,None,0.239,,19341000000,12362000000,2920000000,20924000000,None,33545000000,None,,,,,1.965,1.625,1.241,,,,,,,,0.144,,88245000000,2025-10-29,quarterly,1.17,USD,pre-market,None,4427000000,0.0518,0.199,0.015,32.55,21312000000,61197000000,11823000000,723000000,42.52,40.35,0.0,228108000000,29923000000,32747000000,139244000000,198185000000,106497000000,69518000000,38988000000,8.63,-5189000000,45.09,35.79
2025-12-28,VZ,4.69,137491005000.0,8.63,-123944000000,0.32,24.91,,None,6668000000,6668000000,,,,,,,,,297000000,2831000000,None,37815000000,37815000000,3936000000,None,None,11781000000,None,None,13615000000,,2.723,0.0675,,,,0.5,0.0,13578000000,27193000000,1.17,2010-12-31,8.45,21988000000,81690001000.0,31703000000,11449000000,3210000000,78826000000,78826000000,None,2129000000,None,1131000000,None,None,45252000000,None,3497000000,7397000000,None,None,None,0.239,,19341000000,12362000000,2223000000,17962000000,None,34426000000,None,,,,,1.965,1.625,1.241,,,,,,,,0.144,,87711000000,2025-10-29,quarterly,1.17,USD,pre-market,None,4368000000,0.0518,0.199,0.015,32.55,21312000000,52794000000,7542000000,545000000,42.52,40.35,0.0,220005000000,22348000000,30597000000,133093000000,197657000000,102496000000,69518000000,38569000000,8.63,-5267000000,45.09,35.79
2025-12-28,VZ,4.69,137491005000.0,8.63,None,0.32,24.91,,None,5394000000,5394000000,,,,,,,,,297000000,2830000000,None,37815000000,37815000000,22957000000,None,None,11973000000,None,None,13615000000,,2.723,0.0675,,,,0.5,0.0,13578000000,27193000000,1.17,2010-09-30,8.45,21933000000,81690001000.0,31703000000,11449000000,3210000000,11973000000,11973000000,None,2129000000,None,1010000000,None,None,47360000000,None,None,7397000000,None,None,None,0.239,,19341000000,12362000000,2383000000,6865000000,None,None,None,,,,,1.965,1.625,1.241,,,,,,,,0.144,,87430000000,2025-10-29,quarterly,1.17,USD,pre-market,None,14621000000,0.0518,0.199,0.015,32.55,21312000000,53170000000,5810000000,581000000,42.52,40.35,0.0,220852000000,21341000000,28767000000,136228000000,199511000000,107461000000,69518000000,37917000000,8.63,-5276000000,45.09,35.79
2025-12-28,VZ,4.69,137491005000.0,8.63,None,0.32,24.91,,None,4761000000,4761000000,,,,,,,,,297000000,2827000000,None,37815000000,37815000000,16905000000,None,None,12058000000,None,None,13615000000,,2.723,0.0675,,,,0.5,0.0,13578000000,27193000000,1.17,2010-06-30,8.45,22467000000,81690001000.0,31703000000,11449000000,3210000000,78759000000,78759000000,None,2129000000,None,985000000,None,None,49594000000,None,None,7397000000,None,None,None,0.239,,19341000000,12362000000,2793000000,23960000000,None,None,None,,,,,1.965,1.625,1.241,,,,,,,,0.144,,92101000000,2025-10-29,quarterly,1.17,USD,pre-market,None,15117000000,0.0518,0.199,0.015,32.55,21312000000,57468000000,7874000000,464000000,42.52,40.35,0.0,226251000000,21061000000,31834000000,141778000000,205190000000,109944000000,69518000000,39254000000,8.63,-5277000000,45.09,35.79
2025-12-28,VZ,4.69,137491005000.0,8.63,None,0.32,24.91,,None,3037000000,3037000000,,,,,,,,,297000000,2837000000,None,37815000000,37815000000,14569000000,None,None,11969000000,None,None,13615000000,,2.723,0.0675,,,,0.5,0.0,13578000000,27193000000,1.17,2010-03-31,8.45,22472000000,81690001000.0,31703000000,11449000000,3210000000,78766000000,78766000000,None,2129000000,None,1113000000,None,None,54424000000,None,None,7397000000,None,None,None,0.239,,19341000000,12362000000,5766000000,20934000000,None,None,None,,,,,1.965,1.625,1.241,,,,,,,,0.144,,91834000000,2025-10-29,quarterly,1.17,USD,pre-market,None,16658000000,0.0518,0.199,0.015,32.55,21312000000,61553000000,7129000000,520000000,42.52,40.35,0.0,227347000000,22405000000,28063000000,142695000000,204942000000,114632000000,69518000000,40462000000,8.63,-5277000000,45.09,35.79
2025-12-28,VZ,4.69,137491005000.0,8.63,None,0.32,24.91,,None,2009000000,2009000000,,,,,,,,,297000000,2841000000,None,37815000000,37815000000,4337000000,None,None,12573000000,None,None,13615000000,,2.723,0.0675,,,,0.5,0.0,13578000000,27193000000,1.17,2009-12-31,8.45,22472000000,81690001000.0,31703000000,11449000000,3210000000,78831000000,78831000000,None,2129000000,None,1426000000,None,None,55051000000,None,None,7397000000,None,None,None,0.239,,19341000000,12362000000,5247000000,13506000000,None,None,None,,,,,1.965,1.625,1.241,,,,,,,,0.144,,91466000000,2025-10-29,quarterly,1.17,USD,pre-market,None,7260000000,0.0518,0.199,0.015,32.55,21312000000,62256000000,7205000000,490000000,42.52,40.35,0.0,226907000000,21745000000,29136000000,142764000000,205162000000,113628000000,69518000000,41382000000,8.63,-5000000000,45.09,35.79
2025-12-28,VZ,4.69,137491005000.0,8.63,None,0.32,24.91,,None,1216000000,1216000000,,,,,,,,,297000000,2841000000,None,37815000000,37815000000,14643000000,None,None,12489000000,None,None,13615000000,,2.723,0.0675,,,,0.5,0.0,13578000000,27193000000,1.17,2009-09-30,8.45,22190000000,81690001000.0,31703000000,11449000000,3210000000,78847000000,78847000000,None,2129000000,None,2554000000,None,None,57374000000,None,None,7397000000,None,None,None,0.239,,19341000000,12362000000,5290000000,21862000000,None,None,None,,,,,1.965,1.625,1.241,,,,,,,,0.144,,90834000000,2025-10-29,quarterly,1.17,USD,pre-market,None,19591000000,0.0518,0.199,0.015,32.55,21312000000,62817000000,5443000000,474000000,42.52,40.35,0.0,226404000000,22023000000,27305000000,141822000000,204381000000,114517000000,69518000000,43186000000,8.63,-4834000000,45.09,35.79
2025-12-28,VZ,4.69,137491005000.0,8.63,None,0.32,24.91,,None,820000000,820000000,,,,,,,,,297000000,2841000000,None,37815000000,37815000000,20928000000,None,None,12170000000,None,None,13615000000,,2.723,0.0675,,,,0.5,0.0,13578000000,27193000000,1.17,2009-06-30,8.45,22189000000,81690001000.0,31703000000,11449000000,3210000000,12170000000,12170000000,None,2129000000,None,2775000000,None,None,59469000000,None,None,7397000000,None,None,None,0.239,,19341000000,12362000000,5339000000,6243000000,None,None,None,,,,,1.965,1.625,1.241,,,,,,,,0.144,,90302000000,2025-10-29,quarterly,1.17,USD,pre-market,None,19765000000,0.0518,0.199,0.015,32.55,21312000000,64909000000,5440000000,360000000,42.52,40.35,0.0,224999000000,21464000000,26368000000,142178000000,203535000000,115810000000,69518000000,42672000000,8.63,-4836000000,45.09,35.79
2025-12-28,VZ,4.69,137491005000.0,8.63,None,0.32,24.91,,None,3979000000,3979000000,,,,,,,,,297000000,2841000000,None,37815000000,37815000000,14403000000,None,None,11989000000,None,None,13615000000,,2.723,0.0675,,,,0.5,0.0,13578000000,27193000000,1.17,2009-03-31,8.45,22531000000,81690001000.0,31703000000,11449000000,3210000000,78172000000,78172000000,None,2129000000,None,2195000000,None,None,55674000000,None,None,7397000000,None,None,None,0.239,,19341000000,12362000000,3343000000,21610000000,None,None,None,,,,,1.965,1.625,1.241,,,,,,,,0.144,,89855000000,2025-10-29,quarterly,1.17,USD,pre-market,None,19588000000,0.0518,0.199,0.015,32.55,21312000000,69133000000,13459000000,372000000,42.52,40.35,0.0,226851000000,21878000000,35069000000,146297000000,204973000000,111228000000,69518000000,41851000000,8.63,-4837000000,45.09,35.79
2025-12-28,VZ,4.69,137491005000.0,8.63,None,0.32,24.91,,None,9782000000,9782000000,,,,,,,,,297000000,2841000000,None,37815000000,37815000000,3856000000,None,None,11703000000,None,None,13615000000,,2.723,0.0675,,,,0.5,0.0,13578000000,27193000000,1.17,2008-12-31,8.45,6035000000,81690001000.0,31703000000,11449000000,3210000000,67173000000,67173000000,None,2129000000,None,2092000000,None,None,46959000000,None,None,7397000000,None,None,None,0.239,,19341000000,12362000000,1989000000,12270000000,None,None,None,,,,,1.965,1.625,1.241,,,,,,,,0.144,,86546000000,2025-10-29,quarterly,1.17,USD,pre-market,None,19250000000,0.0518,0.199,0.015,32.55,21312000000,51952000000,4993000000,509000000,42.52,40.35,0.0,202352000000,26075000000,25906000000,123447000000,176277000000,97541000000,69518000000,41706000000,8.63,-4839000000,45.09,35.79
2025-12-28,VZ,4.69,137491005000.0,8.63,None,0.32,24.91,,None,696000000,696000000,,,,,,,,,297000000,2845000000,None,37815000000,37815000000,13715000000,None,None,11724000000,None,None,13615000000,,2.723,0.0675,,,,0.5,0.0,13578000000,27193000000,1.17,2008-09-30,8.45,6124000000,81690001000.0,31703000000,11449000000,3210000000,66688000000,66688000000,None,2129000000,None,2485000000,None,None,37478000000,None,None,7397000000,None,None,None,0.239,,19341000000,12362000000,3248000000,7263000000,None,None,None,,,,,1.965,1.625,1.241,,,,,,,,0.144,,85689000000,2025-10-29,quarterly,1.17,USD,pre-market,None,19322000000,0.0518,0.199,0.015,32.55,21312000000,44775000000,7297000000,978000000,42.52,40.35,0.0,204861000000,19131000000,28275000000,118015000000,185730000000,89740000000,69518000000,50954000000,8.63,-4841000000,45.09,35.79
2025-12-28,VZ,4.69,137491005000.0,8.63,None,0.32,24.91,,None,582000000,582000000,,,,,,,,,297000000,2851000000,None,37815000000,37815000000,13299000000,None,None,11584000000,None,None,13615000000,,2.723,0.0675,,,,0.5,0.0,13578000000,27193000000,1.17,2008-06-30,8.45,5218000000,81690001000.0,31703000000,11449000000,3210000000,65397000000,65397000000,None,2129000000,None,2216000000,None,None,33778000000,None,None,7397000000,None,None,None,0.239,,19341000000,12362000000,2122000000,7270000000,None,None,None,,,,,1.965,1.625,1.241,,,,,,,,0.144,,85155000000,2025-10-29,quarterly,1.17,USD,pre-market,None,18958000000,0.0518,0.199,0.015,32.55,21312000000,43109000000,9331000000,1492000000,42.52,40.35,0.0,200646000000,17996000000,29900000000,115126000000,182650000000,85226000000,69518000000,50887000000,8.63,-4591000000,45.09,35.79
2025-12-28,VZ,4.69,137491005000.0,8.63,None,0.32,24.91,,None,5485000000,5485000000,,,,,,,,,297000000,2865000000,None,37815000000,37815000000,13661000000,None,None,11048000000,None,None,13615000000,,2.723,0.0675,,,,0.5,0.0,13578000000,27193000000,1.17,2008-03-31,8.45,5233000000,81690001000.0,31703000000,11449000000,3210000000,55700000000,55700000000,None,2129000000,None,1672000000,None,None,32134000000,None,None,7397000000,None,None,None,0.239,,19341000000,12362000000,2286000000,7371000000,None,None,None,,,,,1.965,1.625,1.241,,,,,,,,0.144,,84484000000,2025-10-29,quarterly,1.17,USD,pre-market,None,18301000000,0.0518,0.199,0.015,32.55,21312000000,35846000000,3712000000,1957000000,42.52,40.35,0.0,191293000000,22448000000,24744000000,107614000000,168845000000,82870000000,69518000000,50280000000,8.63,-4481000000,45.09,35.79
2025-12-28,VZ,4.69,137491005000.0,8.63,None,0.32,24.91,,None,1153000000,1153000000,,,,,,,,,297000000,2865000000,None,37815000000,37815000000,4491000000,None,None,11736000000,None,None,13615000000,,2.723,0.0675,,,,0.5,0.0,13578000000,27193000000,1.17,2007-12-31,8.45,5245000000,81690001000.0,31703000000,11449000000,3210000000,55784000000,55784000000,None,2129000000,None,1729000000,None,None,28203000000,None,None,7397000000,None,None,None,0.239,,19341000000,12362000000,1836000000,12550000000,None,None,None,,,,,1.965,1.625,1.241,,,,,,,,0.144,,85294000000,2025-10-29,quarterly,1.17,USD,pre-market,None,17884000000,0.0518,0.199,0.015,32.55,21312000000,31157000000,2954000000,2244000000,42.52,40.35,0.0,186959000000,18698000000,24741000000,104090000000,168261000000,79349000000,69518000000,50581000000,8.63,-3489000000,45.09,35.79
2025-12-28,VZ,4.69,137491005000.0,8.63,None,0.32,24.91,,None,715000000,715000000,,,,,,,,,297000000,2900000000,None,37815000000,37815000000,14244000000,None,None,11509000000,None,None,13615000000,,2.723,0.0675,,,,0.5,0.0,13578000000,27193000000,1.17,2007-09-30,8.45,5442000000,81690001000.0,31703000000,11449000000,3210000000,55833000000,55833000000,None,2129000000,None,1786000000,None,None,29383000000,None,None,7397000000,None,None,None,0.239,,19341000000,12362000000,1833000000,7850000000,None,None,None,,,,,1.965,1.625,1.241,,,,,,,,0.144,,84329000000,2025-10-29,quarterly,1.17,USD,pre-market,None,18049000000,0.0518,0.199,0.015,32.55,21312000000,31447000000,2064000000,1194000000,42.52,40.35,0.0,185619000000,17037000000,24158000000,104696000000,168582000000,80538000000,69518000000,49689000000,8.63,-2832000000,45.09,35.79
2025-12-28,VZ,4.69,137491005000.0,8.63,None,0.32,24.91,,None,656000000,656000000,,,,,,,,,297000000,2907000000,None,37815000000,37815000000,13542000000,None,None,10689000000,None,None,13615000000,,2.723,0.0675,,,,0.5,0.0,13578000000,27193000000,1.17,2007-06-30,8.45,5149000000,81690001000.0,31703000000,11449000000,3210000000,55761000000,55761000000,None,2129000000,None,1793000000,None,None,29374000000,None,None,7397000000,None,None,None,0.239,,19341000000,12362000000,2190000000,7758000000,None,None,None,,,,,1.965,1.625,1.241,,,,,,,,0.144,,83729000000,2025-10-29,quarterly,1.17,USD,pre-market,None,18020000000,0.0518,0.199,0.015,32.55,21312000000,32526000000,3152000000,1700000000,42.52,40.35,0.0,184760000000,17028000000,24452000000,104728000000,167732000000,80276000000,69518000000,49831000000,8.63,-2284000000,45.09,35.79
2025-12-28,VZ,4.69,137491005000.0,8.63,None,0.32,24.91,,None,1301000000,1301000000,,,,,,,,,297000000,2911000000,None,37815000000,37815000000,13309000000,None,None,10177000000,None,None,13615000000,,2.723,0.0675,,,,0.5,0.0,13578000000,27193000000,1.17,2007-03-31,8.45,5247000000,81690001000.0,31703000000,11449000000,3210000000,55761000000,55761000000,None,2129000000,None,1780000000,None,None,28073000000,None,None,7397000000,None,None,None,0.239,,19341000000,12362000000,2487000000,7993000000,None,None,None,,,,,1.965,1.625,1.241,,,,,,,,0.144,,82978000000,2025-10-29,quarterly,1.17,USD,pre-market,None,17485000000,0.0518,0.199,0.015,32.55,21312000000,34677000000,6604000000,2149000000,42.52,40.35,0.0,184284000000,17894000000,27906000000,106265000000,166390000000,78359000000,69518000000,48782000000,8.63,-2185000000,45.09,35.79
2025-12-28,VZ,4.69,137491005000.0,8.63,None,0.32,24.91,,None,3219000000,3219000000,,,,,,,,,297000000,2911000000,None,37815000000,37815000000,4392000000,None,None,10891000000,None,None,13615000000,,2.723,0.0675,,,,0.5,0.0,13578000000,27193000000,1.17,2006-12-31,8.45,5655000000,81690001000.0,31703000000,11449000000,3210000000,56099000000,56099000000,None,2129000000,None,1514000000,None,None,28646000000,None,None,7397000000,None,None,None,0.239,,19341000000,12362000000,4480000000,15190000000,None,None,None,,,,,1.965,1.625,1.241,,,,,,,,0.144,,82356000000,2025-10-29,quarterly,1.17,USD,pre-market,None,17324000000,0.0518,0.199,0.015,32.55,21312000000,36361000000,7715000000,2434000000,42.52,40.35,0.0,188804000000,22538000000,32280000000,111932000000,166266000000,79652000000,69518000000,48535000000,8.63,-1871000000,45.09,35.79
2025-12-28,VZ,4.69,137491005000.0,8.63,None,0.32,24.91,,None,1846000000,1846000000,,,,,,,,,297000000,2923000000,None,37815000000,37815000000,14501000000,None,None,10834000000,None,None,13615000000,,2.723,0.0675,,,,0.5,0.0,13578000000,27193000000,1.17,2006-09-30,8.45,5709000000,81690001000.0,31703000000,11449000000,3210000000,53538000000,53538000000,None,2129000000,None,1650000000,None,None,30154000000,None,None,7397000000,None,None,None,0.239,,19341000000,12362000000,5696000000,9283000000,None,None,None,,,,,1.965,1.625,1.241,,,,,,,,0.144,,81402000000,2025-10-29,quarterly,1.17,USD,pre-market,None,17471000000,0.0518,0.199,0.015,32.55,21312000000,41683000000,11529000000,1589000000,42.52,40.35,0.0,185679000000,21615000000,35313000000,111877000000,164064000000,76564000000,69518000000,46279000000,8.63,-1575000000,45.09,35.79
2025-12-28,VZ,4.69,137491005000.0,8.63,None,0.32,24.91,,None,1186000000,1186000000,,,,,,,,,294000000,2949000000,None,37815000000,37815000000,14335000000,None,None,10451000000,None,None,13615000000,,2.723,0.0675,,,,0.5,0.0,13578000000,27193000000,1.17,2006-06-30,8.45,5387000000,81690001000.0,31703000000,11449000000,3210000000,53540000000,53540000000,None,2129000000,None,1698000000,None,None,32030000000,None,None,7397000000,None,None,None,0.239,,19341000000,12362000000,5866000000,9678000000,None,None,None,,,,,1.965,1.625,1.241,,,,,,,,0.144,,80997000000,2025-10-29,quarterly,1.17,USD,pre-market,None,16729000000,0.0518,0.199,0.015,32.55,21312000000,42356000000,10326000000,2075000000,42.52,40.35,0.0,183843000000,21276000000,34339000000,111319000000,162567000000,76980000000,69518000000,44779000000,8.63,-1284000000,45.09,35.79
2025-12-28,VZ,4.69,137491005000.0,8.63,None,0.32,24.91,,None,1249000000,1249000000,,,,,,,,,294000000,2963000000,None,37815000000,37815000000,14442000000,None,None,10617000000,None,None,13615000000,,2.723,0.0675,,,,0.5,0.0,13578000000,27193000000,1.17,2006-03-31,8.45,5740000000,81690001000.0,31703000000,11449000000,3210000000,53718000000,53718000000,None,2129000000,None,1647000000,None,None,34614000000,None,None,7397000000,None,None,None,0.239,,19341000000,12362000000,2438000000,8034000000,None,None,None,,,,,1.965,1.625,1.241,,,,,,,,0.144,,82270000000,2025-10-29,quarterly,1.17,USD,pre-market,None,16290000000,0.0518,0.199,0.015,32.55,21312000000,43050000000,8436000000,2678000000,42.52,40.35,0.0,182814000000,18629000000,30912000000,110665000000,164185000000,79753000000,69518000000,44771000000,8.63,-677000000,45.09,35.79
2025-12-28,VZ,4.69,137491005000.0,8.63,None,0.32,24.91,,None,760000000,760000000,,,,,,,,,277000000,2963000000,None,37815000000,37815000000,2620000000,None,None,8534000000,None,None,13615000000,,2.723,0.0675,,,,0.5,0.0,13578000000,27193000000,1.17,2005-12-31,8.45,315000000,81690001000.0,31703000000,11449000000,3210000000,51849000000,51849000000,None,2129000000,None,1522000000,None,None,31869000000,None,None,7397000000,None,None,None,0.239,,19341000000,12362000000,6358000000,12823000000,None,None,None,,,,,1.965,1.625,1.241,,,,,,,,0.144,,75305000000,2025-10-29,quarterly,1.17,USD,pre-market,None,15905000000,0.0518,0.199,0.015,32.55,21312000000,38257000000,6688000000,2146000000,42.52,40.35,0.0,168130000000,19320000000,26700000000,102017000000,148810000000,75317000000,69518000000,39680000000,8.63,-353000000,45.09,35.79
2025-12-28,VZ,4.69,137491005000.0,8.63,None,0.32,24.91,,None,616000000,616000000,,,,,,,,,277000000,2817000000,None,37815000000,37815000000,12760000000,None,None,9337000000,None,None,13615000000,,2.723,0.0675,,,,0.5,0.0,13578000000,27193000000,1.17,2005-09-30,8.45,836000000,81690001000.0,31703000000,11449000000,3210000000,52924000000,52924000000,None,2129000000,None,1503000000,None,None,34391000000,None,None,7397000000,None,None,None,0.239,,19341000000,12362000000,2608000000,5831000000,None,None,None,,,,,1.965,1.625,1.241,,,,,,,,0.144,,75192000000,2025-10-29,quarterly,1.17,USD,pre-market,None,15365000000,0.0518,0.199,0.015,32.55,21312000000,39439000000,5048000000,1208000000,42.52,40.35,0.0,168301000000,15272000000,23639000000,103105000000,153029000000,79466000000,69518000000,39223000000,8.63,-303000000,45.09,35.79
2025-12-28,VZ,4.69,137491005000.0,8.63,None,0.32,24.91,,24343000000,4194000000,4194000000,,,,,,,,,429000000,4218000000,None,37815000000,37815000000,10425000000,None,22633000000,26109000000,None,None,13615000000,,2.723,0.0675,,,,0.5,0.0,13578000000,27193000000,1.17,2024-12-31,8.45,22841000000,81690001000.0,31703000000,11449000000,3210000000,167742000000,167742000000,None,2129000000,None,2247000000,None,None,121381000000,None,842000000,7397000000,None,None,None,0.239,,19341000000,12362000000,7973000000,17904000000,None,19327000000,None,,,,,1.965,1.625,1.241,,,,,,,,0.144,,132994000000,2025-10-29,annual,1.17,USD,pre-market,None,89110000000,0.0518,0.199,0.015,32.55,21312000000,168357000000,27048000000,None,42.52,40.35,0.0,384711000000,40523000000,64771000000,284136000000,344188000000,219365000000,69518000000,99237000000,8.63,None,45.09,35.79
2025-12-28,VZ,4.69,137491005000.0,8.63,None,0.32,24.91,,24268000000,2065000000,2065000000,,,,,,,,,429000000,4215000000,None,37815000000,37815000000,10021000000,None,12973000000,25085000000,None,None,13615000000,,2.723,0.0675,,,,0.5,0.0,13578000000,27193000000,1.17,2023-12-31,8.45,22843000000,81690001000.0,31703000000,11449000000,3210000000,166724000000,166724000000,None,2129000000,None,2057000000,None,None,137701000000,None,953000000,7397000000,None,None,None,0.239,,19341000000,12362000000,7607000000,16396000000,None,16560000000,None,,,,,1.965,1.625,1.241,,,,,,,,0.144,,133036000000,2025-10-29,annual,1.17,USD,pre-market,None,82915000000,0.0518,0.199,0.015,32.55,21312000000,174942000000,17239000000,-261000000,42.52,40.35,0.0,380255000000,36814000000,53223000000,286456000000,343441000000,233233000000,69518000000,92430000000,8.63,None,45.09,35.79
2025-12-28,VZ,4.69,137491005000.0,8.63,-200255000000,0.32,24.91,,25692000000,2605000000,2605000000,,,,,,,,,429000000,4204000000,None,37815000000,37815000000,8750000000,None,9963000000,24506000000,None,None,13615000000,,2.723,0.0675,,,,0.5,0.0,13578000000,27193000000,1.17,2022-12-31,8.45,28671000000,81690001000.0,31703000000,11449000000,3210000000,161257000000,161257000000,None,2129000000,None,2388000000,None,None,140676000000,None,1071000000,7397000000,None,None,None,0.239,,19341000000,12362000000,8358000000,20741000000,None,18397000000,None,,,,,1.965,1.625,1.241,,,,,,,,0.144,,133564000000,2025-10-29,annual,1.17,USD,pre-market,None,82380000000,0.0518,0.199,0.015,32.55,21312000000,176331000000,14097000000,-379000000,42.52,40.35,0.0,379680000000,37857000000,50171000000,287217000000,341823000000,237046000000,69518000000,91144000000,8.63,None,45.09,35.79
2025-12-28,VZ,4.69,137491005000.0,8.63,-190201000000,0.32,24.91,,27062000000,2921000000,2921000000,,,,,,,,,429000000,4150000000,None,37815000000,37815000000,8040000000,None,7443000000,23846000000,None,None,13615000000,,2.723,0.0675,,,,0.5,0.0,13578000000,27193000000,1.17,2021-12-31,8.45,28603000000,81690001000.0,31703000000,11449000000,3210000000,159296000000,159296000000,None,2129000000,None,3055000000,None,None,143425000000,None,1061000000,7397000000,None,None,None,0.239,,19341000000,12362000000,6906000000,21765000000,None,13513000000,None,,,,,1.965,1.625,1.241,,,,,,,,0.144,,127579000000,2025-10-29,annual,1.17,USD,pre-market,None,71993000000,0.0518,0.199,0.015,32.55,21312000000,177930000000,11302000000,18000000,42.52,40.35,0.0,366596000000,36728000000,47160000000,283396000000,329868000000,236236000000,69518000000,81790000000,8.63,-4104000000,45.09,35.79
2025-12-28,VZ,4.69,137491005000.0,8.63,-184904000000,0.32,24.91,,21485000000,22171000000,22171000000,,,,,,,,,429000000,4142000000,None,37815000000,37815000000,6667000000,None,5889000000,23917000000,None,None,13615000000,,2.723,0.0675,,,,0.5,0.0,13578000000,27193000000,1.17,2020-12-31,8.45,24773000000,81690001000.0,31703000000,11449000000,3210000000,108282000000,108282000000,None,2129000000,None,1796000000,None,None,123173000000,None,589000000,7397000000,None,None,None,0.239,,19341000000,12362000000,6710000000,18776000000,None,48665000000,None,,,,,1.965,1.625,1.241,,,,,,,,0.144,,94833000000,2025-10-29,annual,1.17,USD,pre-market,None,60464000000,0.0518,0.199,0.015,32.55,21312000000,150547000000,9374000000,-1246000000,42.52,40.35,0.0,316481000000,54594000000,39660000000,247209000000,261887000000,207549000000,69518000000,67842000000,8.63,-6719000000,45.09,35.79
2025-12-28,VZ,4.69,137491005000.0,8.63,-173819000000,0.32,24.91,,22770000000,2594000000,2594000000,,,,,,,,,429000000,4140000000,None,37815000000,37815000000,7725000000,None,10441000000,25429000000,None,None,13615000000,,2.723,0.0675,,,,0.5,0.0,13578000000,27193000000,1.17,2019-12-31,8.45,24389000000,81690001000.0,31703000000,11449000000,3210000000,104557000000,104557000000,None,2129000000,None,1422000000,None,None,99932000000,None,558000000,7397000000,None,None,None,0.239,,19341000000,12362000000,8028000000,18454000000,None,48609000000,None,,,,,1.965,1.625,1.241,,,,,,,,0.144,,91915000000,2025-10-29,annual,1.17,USD,pre-market,None,53147000000,0.0518,0.199,0.015,32.55,21312000000,133143000000,14038000000,0,42.52,40.35,0.0,291727000000,37473000000,44868000000,228892000000,254254000000,184024000000,69518000000,61395000000,8.63,-6820000000,45.09,35.79
2025-12-28,VZ,4.69,137491005000.0,8.63,-163549000000,0.32,24.91,,None,2745000000,2745000000,,,,,,,,,429000000,4132000000,None,37815000000,37815000000,7232000000,None,7190000000,25102000000,None,None,13615000000,,2.723,0.0675,,,,0.5,0.0,13578000000,27193000000,1.17,2018-12-31,8.45,24614000000,81690001000.0,31703000000,11449000000,3210000000,103905000000,103905000000,None,2129000000,None,1336000000,None,None,105873000000,None,671000000,7397000000,None,None,None,0.239,,19341000000,12362000000,5453000000,19301000000,None,32521000000,None,,,,,1.965,1.625,1.241,,,,,,,,0.144,,89286000000,2025-10-29,annual,1.17,USD,pre-market,None,43542000000,0.0518,0.199,0.015,32.55,21312000000,113063000000,7190000000,None,42.52,40.35,0.0,264829000000,34636000000,37930000000,210119000000,230193000000,172189000000,69518000000,53145000000,8.63,-6986000000,45.09,35.79
2025-12-28,VZ,4.69,137491005000.0,8.63,-157930000000,0.32,24.91,,None,2079000000,2079000000,,,,,,,,,424000000,4089000000,None,37815000000,37815000000,7063000000,None,3453000000,23493000000,None,None,13615000000,,2.723,0.0675,,,,0.5,0.0,13578000000,27193000000,1.17,2017-12-31,8.45,29172000000,81690001000.0,31703000000,11449000000,3210000000,98664000000,98664000000,None,2129000000,None,1034000000,None,None,113642000000,None,1039000000,7397000000,None,None,None,0.239,,19341000000,12362000000,3307000000,18471000000,None,34545000000,None,,,,,1.965,1.625,1.241,,,,,,,,0.144,,88568000000,2025-10-29,annual,1.17,USD,pre-market,None,35635000000,0.0518,0.199,0.015,32.55,21312000000,117095000000,3453000000,0,42.52,40.35,0.0,257143000000,29913000000,33037000000,212456000000,227230000000,179419000000,69518000000,43096000000,8.63,-7139000000,45.09,35.79
2025-12-28,VZ,4.69,137491005000.0,8.63,-147464000000,0.32,24.91,,None,2880000000,2880000000,,,,,,,,,424000000,4086000000,None,37815000000,37815000000,7084000000,None,2645000000,17513000000,None,None,13615000000,,2.723,0.0675,,,,0.5,0.0,13578000000,27193000000,1.17,2016-12-31,8.45,27205000000,81690001000.0,31703000000,11449000000,3210000000,95570000000,95570000000,None,2129000000,None,1202000000,None,None,105433000000,None,1110000000,7397000000,None,None,None,0.239,,19341000000,12362000000,4800000000,17697000000,None,38411000000,None,,,,,1.965,1.625,1.241,,,,,,,,0.144,,84751000000,2025-10-29,annual,1.17,USD,pre-market,None,15059000000,0.0518,0.199,0.015,32.55,21312000000,108078000000,2645000000,0,42.52,40.35,0.0,244180000000,26395000000,30340000000,220148000000,217785000000,189808000000,69518000000,22524000000,8.63,-7263000000,45.09,35.79
2025-12-28,VZ,4.69,137491005000.0,8.63,-136622000000,0.32,24.91,,None,4470000000,4470000000,,,,,,,,,424000000,4093000000,None,37815000000,37815000000,5700000000,None,6325000000,13457000000,None,None,13615000000,,2.723,0.0675,,,,0.5,0.0,13578000000,27193000000,1.17,2015-12-31,8.45,25331000000,81690001000.0,31703000000,11449000000,3210000000,94167000000,94167000000,None,2129000000,None,1252000000,None,None,103240000000,None,796000000,7397000000,None,None,None,0.239,,19341000000,12362000000,2826000000,19894000000,None,42557000000,None,,,,,1.965,1.625,1.241,,,,,,,,0.144,,83541000000,2025-10-29,annual,1.17,USD,pre-market,None,11246000000,0.0518,0.199,0.015,32.55,21312000000,109729000000,6489000000,350000000,42.52,40.35,0.0,244175000000,22355000000,35052000000,226333000000,221820000000,191281000000,69518000000,16428000000,8.63,-7416000000,45.09,35.79
2025-12-28,VZ,4.69,137491005000.0,8.63,-140561000000,0.32,24.91,,None,10598000000,10598000000,,,,,,,,,424000000,3981000000,None,37815000000,37815000000,5598000000,None,2397000000,13993000000,None,None,13615000000,,2.723,0.0675,,,,0.5,0.0,13578000000,27193000000,1.17,2014-12-31,8.45,24639000000,81690001000.0,31703000000,11449000000,3210000000,81990000000,81990000000,None,2129000000,None,1153000000,None,None,110536000000,None,802000000,7397000000,None,None,None,0.239,,19341000000,12362000000,3200000000,16529000000,None,38854000000,None,,,,,1.965,1.625,1.241,,,,,,,,0.144,,89947000000,2025-10-29,annual,1.17,USD,pre-market,None,2447000000,0.0518,0.199,0.015,32.55,21312000000,113271000000,2735000000,555000000,42.52,40.35,0.0,232616000000,29499000000,27987000000,218940000000,203117000000,190953000000,69518000000,12298000000,8.63,-3263000000,45.09,35.79
2025-12-28,VZ,4.69,137491005000.0,8.63,-131909000000,0.32,24.91,,None,53528000000,53528000000,,,,,,,,,297000000,2874000000,None,37815000000,37815000000,4954000000,None,None,12439000000,None,None,13615000000,,2.723,0.0675,,,,0.5,0.0,13578000000,27193000000,1.17,2013-12-31,8.45,24634000000,81690001000.0,31703000000,11449000000,3210000000,81547000000,81547000000,None,2129000000,None,1020000000,None,None,89658000000,None,3432000000,7397000000,None,None,None,0.239,,19341000000,12362000000,3406000000,15334000000,None,33335000000,None,,,,,1.965,1.625,1.241,,,,,,,,0.144,,88956000000,2025-10-29,annual,1.17,USD,pre-market,None,1782000000,0.0518,0.199,0.015,32.55,21312000000,93591000000,3933000000,601000000,42.52,40.35,0.0,274098000000,70994000000,27050000000,178682000000,203104000000,151632000000,69518000000,38836000000,8.63,-3961000000,45.09,35.79
2025-12-28,VZ,4.69,137491005000.0,8.63,-120933000000,0.32,24.91,,None,3093000000,3093000000,,,,,,,,,297000000,2862000000,None,37815000000,37815000000,4454000000,None,None,12576000000,None,None,13615000000,,2.723,0.0675,,,,0.5,0.0,13578000000,27193000000,1.17,2012-12-31,8.45,24139000000,81690001000.0,31703000000,11449000000,3210000000,83677000000,83677000000,None,2129000000,None,1075000000,None,None,47618000000,None,3401000000,7397000000,None,None,None,0.239,,19341000000,12362000000,4021000000,14579000000,None,40438000000,None,,,,,1.965,1.625,1.241,,,,,,,,0.144,,88642000000,2025-10-29,annual,1.17,USD,pre-market,None,-3734000000,0.0518,0.199,0.015,32.55,21312000000,51987000000,4369000000,470000000,42.52,40.35,0.0,225222000000,21235000000,26956000000,139689000000,203987000000,112733000000,69518000000,33157000000,8.63,-4071000000,45.09,35.79
2025-12-28,VZ,4.69,137491005000.0,8.63,None,0.32,24.91,,None,13362000000,13362000000,,,,,,,,,297000000,2839000000,None,37815000000,37815000000,4194000000,None,None,11776000000,None,None,13615000000,,2.723,0.0675,,,,0.5,0.0,13578000000,27193000000,1.17,2011-12-31,8.45,23357000000,81690001000.0,31703000000,11449000000,3210000000,79128000000,79128000000,None,2129000000,None,940000000,None,None,50303000000,None,None,7397000000,None,None,None,0.239,,19341000000,12362000000,4269000000,17229000000,None,None,None,,,,,1.965,1.625,1.241,,,,,,,,0.144,,88434000000,2025-10-29,annual,1.17,USD,pre-market,None,1179000000,0.0518,0.199,0.015,32.55,21312000000,55152000000,4849000000,592000000,42.52,40.35,0.0,230461000000,30939000000,30761000000,144553000000,199522000000,113792000000,69518000000,35970000000,8.63,-5002000000,45.09,35.79
2025-12-28,VZ,4.69,137491005000.0,8.63,-123944000000,0.32,24.91,,None,6668000000,6668000000,,,,,,,,,297000000,2833000000,None,37815000000,37815000000,3936000000,None,None,11781000000,None,None,13615000000,,2.723,0.0675,,,,0.5,0.0,13578000000,27193000000,1.17,2010-12-31,8.45,21988000000,81690001000.0,31703000000,11449000000,3210000000,78826000000,78826000000,None,2129000000,None,1131000000,None,None,45252000000,None,3497000000,7397000000,None,None,None,0.239,,19341000000,12362000000,2223000000,17962000000,None,34426000000,None,,,,,1.965,1.625,1.241,,,,,,,,0.144,,87711000000,2025-10-29,annual,1.17,USD,pre-market,None,4368000000,0.0518,0.199,0.015,32.55,21312000000,52794000000,7542000000,545000000,42.52,40.35,0.0,220005000000,22348000000,30597000000,133093000000,197657000000,102496000000,69518000000,38569000000,8.63,-5267000000,45.09,35.79
2025-12-28,VZ,4.69,137491005000.0,8.63,None,0.32,24.91,,None,2009000000,2009000000,,,,,,,,,297000000,2841000000,None,37815000000,37815000000,4337000000,None,None,12573000000,None,None,13615000000,,2.723,0.0675,,,,0.5,0.0,13578000000,27193000000,1.17,2009-12-31,8.45,22472000000,81690001000.0,31703000000,11449000000,3210000000,78831000000,78831000000,None,2129000000,None,1426000000,None,None,55051000000,None,None,7397000000,None,None,None,0.239,,19341000000,12362000000,5247000000,13506000000,None,None,None,,,,,1.965,1.625,1.241,,,,,,,,0.144,,91466000000,2025-10-29,annual,1.17,USD,pre-market,None,7260000000,0.0518,0.199,0.015,32.55,21312000000,62256000000,7205000000,490000000,42.52,40.35,0.0,226907000000,21745000000,29136000000,142764000000,205162000000,113628000000,69518000000,41382000000,8.63,-5000000000,45.09,35.79
2025-12-28,VZ,4.69,137491005000.0,8.63,None,0.32,24.91,,None,9782000000,9782000000,,,,,,,,,297000000,2850000000,None,37815000000,37815000000,3856000000,None,None,11703000000,None,None,13615000000,,2.723,0.0675,,,,0.5,0.0,13578000000,27193000000,1.17,2008-12-31,8.45,6035000000,81690001000.0,31703000000,11449000000,3210000000,67173000000,67173000000,None,2129000000,None,2092000000,None,None,46959000000,None,None,7397000000,None,None,None,0.239,,19341000000,12362000000,1989000000,12270000000,None,None,None,,,,,1.965,1.625,1.241,,,,,,,,0.144,,86546000000,2025-10-29,annual,1.17,USD,pre-market,None,19250000000,0.0518,0.199,0.015,32.55,21312000000,51952000000,4993000000,509000000,42.52,40.35,0.0,202352000000,26075000000,25906000000,123447000000,176277000000,97541000000,69518000000,41706000000,8.63,-4839000000,45.09,35.79
2025-12-28,VZ,4.69,137491005000.0,8.63,None,0.32,24.91,,None,1153000000,1153000000,,,,,,,,,297000000,2902000000,None,37815000000,37815000000,4491000000,None,None,11736000000,None,None,13615000000,,2.723,0.0675,,,,0.5,0.0,13578000000,27193000000,1.17,2007-12-31,8.45,5245000000,81690001000.0,31703000000,11449000000,3210000000,55784000000,55784000000,None,2129000000,None,1729000000,None,None,28203000000,None,None,7397000000,None,None,None,0.239,,19341000000,12362000000,1836000000,12550000000,None,None,None,,,,,1.965,1.625,1.241,,,,,,,,0.144,,85294000000,2025-10-29,annual,1.17,USD,pre-market,None,17884000000,0.0518,0.199,0.015,32.55,21312000000,31157000000,2954000000,2244000000,42.52,40.35,0.0,186959000000,18698000000,24741000000,104090000000,168261000000,79349000000,69518000000,50581000000,8.63,-3489000000,45.09,35.79
2025-12-28,VZ,4.69,137491005000.0,8.63,None,0.32,24.91,,None,3219000000,3219000000,,,,,,,,,297000000,2938000000,None,37815000000,37815000000,4392000000,None,None,10891000000,None,None,13615000000,,2.723,0.0675,,,,0.5,0.0,13578000000,27193000000,1.17,2006-12-31,8.45,5655000000,81690001000.0,31703000000,11449000000,3210000000,56099000000,56099000000,None,2129000000,None,1514000000,None,None,28646000000,None,None,7397000000,None,None,None,0.239,,19341000000,12362000000,4480000000,15190000000,None,None,None,,,,,1.965,1.625,1.241,,,,,,,,0.144,,82356000000,2025-10-29,annual,1.17,USD,pre-market,None,17324000000,0.0518,0.199,0.015,32.55,21312000000,36361000000,7715000000,2434000000,42.52,40.35,0.0,188804000000,22538000000,32280000000,111932000000,166266000000,79652000000,69518000000,48535000000,8.63,-1871000000,45.09,35.79
2025-12-28,VZ,4.69,137491005000.0,8.63,None,0.32,24.91,,None,760000000,760000000,,,,,,,,,277000000,2817000000,None,37815000000,37815000000,2620000000,None,None,8534000000,None,None,13615000000,,2.723,0.0675,,,,0.5,0.0,13578000000,27193000000,1.17,2005-12-31,8.45,315000000,81690001000.0,31703000000,11449000000,3210000000,51849000000,51849000000,None,2129000000,None,1522000000,None,None,31869000000,None,None,7397000000,None,None,None,0.239,,19341000000,12362000000,6358000000,12823000000,None,None,None,,,,,1.965,1.625,1.241,,,,,,,,0.144,,75305000000,2025-10-29,annual,1.17,USD,pre-market,None,15905000000,0.0518,0.199,0.015,32.55,21312000000,38257000000,6688000000,2146000000,42.52,40.35,0.0,168130000000,19320000000,26700000000,102017000000,148810000000,75317000000,69518000000,39680000000,8.63,-353000000,45.09,35.79
2025-12-28,VZ,4.69,137491005000.0,8.63,None,0.32,24.91,4416000000,None,760000000,760000000,-2551000000,-4490000000,None,None,None,None,None,None,277000000,2817000000,None,37815000000,37815000000,2620000000,None,None,8534000000,None,None,13615000000,4618000000,2.723,0.0675,2857000000,2857000000,None,0.5,0.0,13578000000,27193000000,1.17,2025-09-30,8.45,315000000,81690001000.0,31703000000,11449000000,3210000000,51849000000,51849000000,None,2129000000,None,1522000000,None,None,31869000000,None,None,5056000000,None,None,None,0.239,11266000000,19341000000,12362000000,6358000000,12823000000,None,None,None,None,None,None,None,1.965,1.625,1.241,None,None,None,None,None,None,None,0.144,None,75305000000,2025-10-29,quarterly,1.17,USD,pre-market,None,15905000000,0.0518,0.199,0.015,32.55,21312000000,38257000000,6688000000,2146000000,42.52,40.35,0.0,168130000000,19320000000,26700000000,102017000000,148810000000,75317000000,69518000000,39680000000,8.63,-353000000,45.09,35.79
2025-12-28,VZ,4.69,137491005000.0,8.63,None,0.32,24.91,3920000000,None,760000000,760000000,-4378000000,-3438000000,None,None,None,None,None,None,277000000,2817000000,None,37815000000,37815000000,2620000000,None,None,8534000000,None,None,13615000000,4635000000,2.723,0.0675,2856000000,2856000000,None,0.5,0.0,13578000000,27193000000,1.17,2025-06-30,8.45,315000000,81690001000.0,31703000000,11449000000,3210000000,51849000000,51849000000,None,2129000000,None,1522000000,None,None,31869000000,None,None,5121000000,None,None,None,0.239,8975000000,19341000000,12362000000,6358000000,12823000000,None,None,None,None,None,None,None,1.965,1.625,1.241,None,None,None,None,None,None,None,0.144,None,75305000000,2025-10-29,quarterly,1.17,USD,pre-market,None,15905000000,0.0518,0.199,0.015,32.55,21312000000,38257000000,6688000000,2146000000,42.52,40.35,0.0,168130000000,19320000000,26700000000,102017000000,148810000000,75317000000,69518000000,39680000000,8.63,-353000000,45.09,35.79
2025-12-28,VZ,4.69,137491005000.0,8.63,None,0.32,24.91,4267000000,None,760000000,760000000,-5893000000,-3752000000,None,None,None,None,None,None,277000000,2817000000,None,37815000000,37815000000,2620000000,None,None,8534000000,None,None,13615000000,4577000000,2.723,0.0675,2856000000,2856000000,None,0.5,0.0,13578000000,27193000000,1.17,2025-03-31,8.45,315000000,81690001000.0,31703000000,11449000000,3210000000,51849000000,51849000000,None,2129000000,None,1522000000,None,None,31869000000,None,None,4983000000,None,None,None,0.239,7782000000,19341000000,12362000000,6358000000,12823000000,None,None,None,None,None,None,None,1.965,1.625,1.241,None,None,None,None,None,None,None,0.144,None,75305000000,2025-10-29,quarterly,1.17,USD,pre-market,None,15905000000,0.0518,0.199,0.015,32.55,21312000000,38257000000,6688000000,2146000000,42.52,40.35,0.0,168130000000,19320000000,26700000000,102017000000,148810000000,75317000000,69518000000,39680000000,8.63,-353000000,45.09,35.79
2025-12-28,VZ,4.69,137491005000.0,8.63,None,0.32,24.91,5203000000,None,760000000,760000000,-5623000000,-5561000000,None,None,None,None,None,None,277000000,2817000000,None,37815000000,37815000000,2620000000,None,None,8534000000,None,None,13615000000,4506000000,2.723,0.0675,2850000000,2850000000,None,0.5,0.0,13578000000,27193000000,1.17,2024-12-31,8.45,315000000,81690001000.0,31703000000,11449000000,3210000000,51849000000,51849000000,None,2129000000,None,1522000000,None,None,31869000000,None,None,5114000000,None,None,None,0.239,10432000000,19341000000,12362000000,6358000000,12823000000,None,None,None,None,None,None,None,1.965,1.625,1.241,None,None,None,None,None,None,None,0.144,None,75305000000,2025-10-29,quarterly,1.17,USD,pre-market,None,15905000000,0.0518,0.199,0.015,32.55,21312000000,38257000000,6688000000,2146000000,42.52,40.35,0.0,168130000000,19320000000,26700000000,102017000000,148810000000,75317000000,69518000000,39680000000,8.63,-353000000,45.09,35.79
2025-12-28,VZ,4.69,137491005000.0,8.63,None,0.32,24.91,4103000000,None,760000000,760000000,-4415000000,-4003000000,None,None,None,None,None,None,277000000,2817000000,None,37815000000,37815000000,2620000000,None,None,8534000000,None,None,13615000000,4458000000,2.723,0.0675,2801000000,2801000000,None,0.5,0.0,13578000000,27193000000,1.17,2024-09-30,8.45,315000000,81690001000.0,31703000000,11449000000,3210000000,51849000000,51849000000,None,2129000000,None,1522000000,None,None,31869000000,None,None,3411000000,None,None,None,0.239,9911000000,19341000000,12362000000,6358000000,12823000000,None,None,None,None,None,None,None,1.965,1.625,1.241,None,None,None,None,None,None,None,0.144,None,75305000000,2025-10-29,quarterly,1.17,USD,pre-market,None,15905000000,0.0518,0.199,0.015,32.55,21312000000,38257000000,6688000000,2146000000,42.52,40.35,0.0,168130000000,19320000000,26700000000,102017000000,148810000000,75317000000,69518000000,39680000000,8.63,-353000000,45.09,35.79
2025-12-28,VZ,4.69,137491005000.0,8.63,None,0.32,24.91,3859000000,None,760000000,760000000,-5634000000,-3865000000,None,None,None,None,None,None,277000000,2817000000,None,37815000000,37815000000,2620000000,None,None,8534000000,None,None,13615000000,4483000000,2.723,0.0675,2802000000,2802000000,None,0.5,0.0,13578000000,27193000000,1.17,2024-06-30,8.45,315000000,81690001000.0,31703000000,11449000000,3210000000,51849000000,51849000000,None,2129000000,None,1522000000,None,None,31869000000,None,None,4702000000,None,None,None,0.239,9485000000,19341000000,12362000000,6358000000,12823000000,None,None,None,None,None,None,None,1.965,1.625,1.241,None,None,None,None,None,None,None,0.144,None,75305000000,2025-10-29,quarterly,1.17,USD,pre-market,None,15905000000,0.0518,0.199,0.015,32.55,21312000000,38257000000,6688000000,2146000000,42.52,40.35,0.0,168130000000,19320000000,26700000000,102017000000,148810000000,75317000000,69518000000,39680000000,8.63,-353000000,45.09,35.79
2025-12-28,VZ,4.69,137491005000.0,8.63,None,0.32,24.91,4825000000,None,760000000,760000000,-1428000000,-5245000000,None,None,None,None,None,None,277000000,2817000000,None,37815000000,37815000000,2620000000,None,None,8534000000,None,None,13615000000,4445000000,2.723,0.0675,2796000000,2796000000,None,0.5,0.0,13578000000,27193000000,1.17,2024-03-31,8.45,315000000,81690001000.0,31703000000,11449000000,3210000000,51849000000,51849000000,None,2129000000,None,1522000000,None,None,31869000000,None,None,4722000000,None,None,None,0.239,7084000000,19341000000,12362000000,6358000000,12823000000,None,None,None,None,None,None,None,1.965,1.625,1.241,None,None,None,None,None,None,None,0.144,None,75305000000,2025-10-29,quarterly,1.17,USD,pre-market,None,15905000000,0.0518,0.199,0.015,32.55,21312000000,38257000000,6688000000,2146000000,42.52,40.35,0.0,168130000000,19320000000,26700000000,102017000000,148810000000,75317000000,69518000000,39680000000,8.63,-353000000,45.09,35.79
2025-12-28,VZ,4.69,137491005000.0,8.63,None,0.32,24.91,4603000000,None,760000000,760000000,-3016000000,-7824000000,None,None,287000000,None,None,None,277000000,2817000000,None,37815000000,37815000000,2620000000,None,None,8534000000,None,None,13615000000,4516000000,2.723,0.0675,2794000000,2794000000,None,0.5,0.0,13578000000,27193000000,1.17,2023-12-31,8.45,315000000,81690001000.0,31703000000,11449000000,3210000000,51849000000,51849000000,None,2129000000,None,1522000000,None,None,31869000000,None,None,-2573000000,None,None,None,0.239,8677000000,19341000000,12362000000,6358000000,12823000000,None,None,None,None,None,None,None,1.965,1.625,1.241,None,None,None,None,None,None,None,0.144,None,75305000000,2025-10-29,quarterly,1.17,USD,pre-market,None,15905000000,0.0518,0.199,0.015,32.55,21312000000,38257000000,6688000000,2146000000,42.52,40.35,0.0,168130000000,19320000000,26700000000,102017000000,148810000000,75317000000,69518000000,39680000000,8.63,-353000000,45.09,35.79
2025-12-28,VZ,4.69,137491005000.0,8.63,None,0.32,24.91,4094000000,None,760000000,760000000,-6055000000,-5408000000,None,None,None,None,None,None,277000000,2817000000,None,37815000000,37815000000,2620000000,None,None,8534000000,None,None,13615000000,4431000000,2.723,0.0675,2744000000,2744000000,None,0.5,0.0,13578000000,27193000000,1.17,2023-09-30,8.45,315000000,81690001000.0,31703000000,11449000000,3210000000,51849000000,51849000000,None,2129000000,None,1522000000,None,None,31869000000,None,None,4762000000,None,None,None,0.239,10778000000,19341000000,12362000000,6358000000,12823000000,None,None,None,None,None,None,None,1.965,1.625,1.241,None,None,None,None,None,None,None,0.144,None,75305000000,2025-10-29,quarterly,1.17,USD,pre-market,None,15905000000,0.0518,0.199,0.015,32.55,21312000000,38257000000,6688000000,2146000000,42.52,40.35,0.0,168130000000,19320000000,26700000000,102017000000,148810000000,75317000000,69518000000,39680000000,8.63,-353000000,45.09,35.79
2025-12-28,VZ,4.69,137491005000.0,8.63,None,0.32,24.91,4112000000,None,760000000,760000000,-3203000000,-4090000000,2438000000,None,None,None,None,None,277000000,2817000000,None,37815000000,37815000000,2620000000,None,None,8534000000,None,None,13615000000,4359000000,2.723,0.0675,2743000000,2743000000,None,0.5,0.0,13578000000,27193000000,1.17,2023-06-30,8.45,315000000,81690001000.0,31703000000,11449000000,3210000000,51849000000,51849000000,None,2129000000,None,1522000000,None,None,31869000000,None,None,4766000000,None,None,None,0.239,9731000000,19341000000,12362000000,6358000000,12823000000,None,None,None,None,None,None,None,1.965,1.625,1.241,None,None,None,None,None,None,None,0.144,None,75305000000,2025-10-29,quarterly,1.17,USD,pre-market,None,15905000000,0.0518,0.199,0.015,32.55,21312000000,38257000000,6688000000,2146000000,42.52,40.35,0.0,168130000000,19320000000,26700000000,102017000000,148810000000,75317000000,69518000000,39680000000,8.63,-353000000,45.09,35.79
2025-12-28,VZ,4.69,137491005000.0,8.63,None,0.32,24.91,5958000000,None,760000000,760000000,-2383000000,-6110000000,-204000000,None,None,None,None,None,277000000,2817000000,None,37815000000,37815000000,2620000000,None,None,8534000000,None,None,13615000000,4318000000,2.723,0.0675,2744000000,2744000000,None,0.5,0.0,13578000000,27193000000,1.17,2023-03-31,8.45,315000000,81690001000.0,31703000000,11449000000,3210000000,51849000000,51849000000,None,2129000000,None,1522000000,None,None,31869000000,None,None,5018000000,None,None,None,0.239,8289000000,19341000000,12362000000,6358000000,12823000000,None,None,None,None,None,None,None,1.965,1.625,1.241,None,None,None,None,None,None,None,0.144,None,75305000000,2025-10-29,quarterly,1.17,USD,pre-market,None,15905000000,0.0518,0.199,0.015,32.55,21312000000,38257000000,6688000000,2146000000,42.52,40.35,0.0,168130000000,19320000000,26700000000,102017000000,148810000000,75317000000,69518000000,39680000000,8.63,-353000000,45.09,35.79
2025-12-28,VZ,4.69,137491005000.0,8.63,None,0.32,24.91,8039000000,None,760000000,760000000,-3076000000,-5342000000,524000000,None,627000000,None,None,-1978000000,277000000,2817000000,None,37815000000,37815000000,2620000000,None,None,8534000000,None,None,13615000000,4218000000,2.723,0.0675,2739000000,2739000000,None,0.5,0.0,13578000000,27193000000,1.17,2022-12-31,8.45,315000000,81690001000.0,31703000000,11449000000,3210000000,51849000000,51849000000,None,2129000000,None,1522000000,None,None,31869000000,None,None,6698000000,None,None,None,0.239,8942000000,19341000000,12362000000,6358000000,12823000000,None,None,None,None,None,None,None,1.965,1.625,1.241,None,None,None,None,None,None,None,0.144,None,75305000000,2025-10-29,quarterly,1.17,USD,pre-market,None,15905000000,0.0518,0.199,0.015,32.55,21312000000,38257000000,6688000000,2146000000,42.52,40.35,0.0,168130000000,19320000000,26700000000,102017000000,148810000000,75317000000,69518000000,39680000000,8.63,-353000000,45.09,35.79
2025-12-28,VZ,4.69,137491005000.0,8.63,None,0.32,24.91,5935000000,None,760000000,760000000,-1616000000,-8664000000,254000000,None,627000000,None,None,None,277000000,2817000000,None,37815000000,37815000000,2620000000,None,None,8534000000,None,None,13615000000,4324000000,2.723,0.0675,2688000000,2688000000,None,0.5,0.0,13578000000,27193000000,1.17,2022-09-30,8.45,315000000,81690001000.0,31703000000,11449000000,3210000000,51849000000,51849000000,None,2129000000,None,1522000000,None,None,31869000000,None,None,5024000000,None,None,None,0.239,10534000000,19341000000,12362000000,6358000000,12823000000,None,None,None,None,None,None,None,1.965,1.625,1.241,None,None,None,None,None,None,None,0.144,None,75305000000,2025-10-29,quarterly,1.17,USD,pre-market,None,15905000000,0.0518,0.199,0.015,32.55,21312000000,38257000000,6688000000,2146000000,42.52,40.35,0.0,168130000000,19320000000,26700000000,102017000000,148810000000,75317000000,69518000000,39680000000,8.63,-353000000,45.09,35.79
2025-12-28,VZ,4.69,137491005000.0,8.63,None,0.32,24.91,5107000000,None,760000000,760000000,-4082000000,-6661000000,101000000,None,None,None,None,None,277000000,2817000000,None,37815000000,37815000000,2620000000,None,None,8534000000,None,None,13615000000,4321000000,2.723,0.0675,2724000000,2724000000,None,0.5,0.0,13578000000,27193000000,1.17,2022-06-30,8.45,315000000,81690001000.0,31703000000,11449000000,3210000000,51849000000,51849000000,None,2129000000,None,1522000000,None,None,31869000000,None,None,5315000000,None,None,None,0.239,10844000000,19341000000,12362000000,6358000000,12823000000,None,None,None,None,None,None,None,1.965,1.625,1.241,None,None,None,None,None,None,None,0.144,None,75305000000,2025-10-29,quarterly,1.17,USD,pre-market,None,15905000000,0.0518,0.199,0.015,32.55,21312000000,38257000000,6688000000,2146000000,42.52,40.35,0.0,168130000000,19320000000,26700000000,102017000000,148810000000,75317000000,69518000000,39680000000,8.63,-353000000,45.09,35.79
2025-12-28,VZ,4.69,137491005000.0,8.63,None,0.32,24.91,7659000000,None,760000000,760000000,245000000,-7995000000,-929000000,None,None,None,None,None,277000000,2817000000,None,37815000000,37815000000,2620000000,None,None,8534000000,None,None,13615000000,4236000000,2.723,0.0675,2654000000,2654000000,None,0.5,0.0,13578000000,27193000000,1.17,2022-03-31,8.45,315000000,81690001000.0,31703000000,11449000000,3210000000,51849000000,51849000000,None,2129000000,None,1522000000,None,None,31869000000,None,None,4711000000,None,None,None,0.239,6821000000,19341000000,12362000000,6358000000,12823000000,None,None,None,None,None,None,None,1.965,1.625,1.241,None,None,None,None,None,None,None,0.144,None,75305000000,2025-10-29,quarterly,1.17,USD,pre-market,None,15905000000,0.0518,0.199,0.015,32.55,21312000000,38257000000,6688000000,2146000000,42.52,40.35,0.0,168130000000,19320000000,26700000000,102017000000,148810000000,75317000000,69518000000,39680000000,8.63,-353000000,45.09,35.79
2025-12-28,VZ,4.69,137491005000.0,8.63,None,0.32,24.91,6994000000,None,760000000,760000000,-5192000000,-10135000000,-6950000000,None,-905000000,None,None,-1592000000,277000000,2817000000,None,37815000000,37815000000,2620000000,None,None,8534000000,None,None,13615000000,4051000000,2.723,0.0675,2648000000,2648000000,None,0.5,0.0,13578000000,27193000000,1.17,2021-12-31,8.45,315000000,81690001000.0,31703000000,11449000000,3210000000,51849000000,51849000000,None,2129000000,None,1522000000,None,None,31869000000,None,None,4737000000,None,None,None,0.239,8377000000,19341000000,12362000000,6358000000,12823000000,None,None,None,None,None,None,None,1.965,1.625,1.241,None,None,None,None,None,None,None,0.144,None,75305000000,2025-10-29,quarterly,1.17,USD,pre-market,None,15905000000,0.0518,0.199,0.015,32.55,21312000000,38257000000,6688000000,2146000000,42.52,40.35,0.0,168130000000,19320000000,26700000000,102017000000,148810000000,75317000000,69518000000,39680000000,8.63,-353000000,45.09,35.79
2025-12-28,VZ,4.69,137491005000.0,8.63,None,0.32,24.91,6894000000,None,760000000,760000000,-3081000000,-2617000000,5026000000,None,-905000000,None,None,None,277000000,2817000000,None,37815000000,37815000000,2620000000,None,None,8534000000,None,None,13615000000,3961000000,2.723,0.0675,2599000000,2599000000,None,0.5,0.0,13578000000,27193000000,1.17,2021-09-30,8.45,315000000,81690001000.0,31703000000,11449000000,3210000000,51849000000,51849000000,None,2129000000,None,1522000000,None,None,31869000000,None,None,6554000000,None,None,None,0.239,10724000000,19341000000,12362000000,6358000000,12823000000,None,None,None,None,None,None,None,1.965,1.625,1.241,None,None,None,None,None,None,None,0.144,None,75305000000,2025-10-29,quarterly,1.17,USD,pre-market,None,15905000000,0.0518,0.199,0.015,32.55,21312000000,38257000000,6688000000,2146000000,42.52,40.35,0.0,168130000000,19320000000,26700000000,102017000000,148810000000,75317000000,69518000000,39680000000,8.63,-353000000,45.09,35.79
2025-12-28,VZ,4.69,137491005000.0,8.63,None,0.32,24.91,4717000000,None,760000000,760000000,-11406000000,-4748000000,-5410000000,None,-905000000,None,None,None,277000000,2817000000,None,37815000000,37815000000,2620000000,None,None,8534000000,None,None,13615000000,4020000000,2.723,0.0675,2597000000,2597000000,None,0.5,0.0,13578000000,27193000000,1.17,2021-06-30,8.45,315000000,81690001000.0,31703000000,11449000000,3210000000,51849000000,51849000000,None,2129000000,None,1522000000,None,None,31869000000,None,None,5949000000,None,None,None,0.239,10744000000,19341000000,12362000000,6358000000,12823000000,None,None,None,None,None,None,None,1.965,1.625,1.241,None,None,None,None,None,None,None,0.144,None,75305000000,2025-10-29,quarterly,1.17,USD,pre-market,None,15905000000,0.0518,0.199,0.015,32.55,21312000000,38257000000,6688000000,2146000000,42.52,40.35,0.0,168130000000,19320000000,26700000000,102017000000,148810000000,75317000000,69518000000,39680000000,8.63,-353000000,45.09,35.79
2025-12-28,VZ,4.69,137491005000.0,8.63,None,0.32,24.91,49277000000,None,760000000,760000000,27956000000,-49653000000,-12003000000,None,-905000000,None,None,None,277000000,2817000000,None,37815000000,37815000000,2620000000,None,None,8534000000,None,None,13615000000,4174000000,2.723,0.0675,2601000000,2601000000,None,0.5,0.0,13578000000,27193000000,1.17,2021-03-31,8.45,315000000,81690001000.0,31703000000,11449000000,3210000000,51849000000,51849000000,None,2129000000,None,1522000000,None,None,31869000000,None,None,5378000000,None,None,None,0.239,9694000000,19341000000,12362000000,6358000000,12823000000,None,None,None,None,None,None,None,1.965,1.625,1.241,None,None,None,None,None,None,None,0.144,None,75305000000,2025-10-29,quarterly,1.17,USD,pre-market,None,15905000000,0.0518,0.199,0.015,32.55,21312000000,38257000000,6688000000,2146000000,42.52,40.35,0.0,168130000000,19320000000,26700000000,102017000000,148810000000,75317000000,69518000000,39680000000,8.63,-353000000,45.09,35.79
2025-12-28,VZ,4.69,137491005000.0,8.63,None,0.32,24.91,4163000000,None,760000000,760000000,9062000000,-5043000000,13315000000,None,-369000000,None,None,189000000,277000000,2817000000,None,37815000000,37815000000,2620000000,None,None,8534000000,None,None,13615000000,4197000000,2.723,0.0675,2596000000,2596000000,None,0.5,0.0,13578000000,27193000000,1.17,2020-12-31,8.45,315000000,81690001000.0,31703000000,11449000000,3210000000,51849000000,51849000000,None,2129000000,None,1522000000,None,None,31869000000,None,None,4718000000,None,None,None,0.239,9296000000,19341000000,12362000000,6358000000,12823000000,None,None,None,None,None,None,None,1.965,1.625,1.241,None,None,None,None,None,None,None,0.144,None,75305000000,2025-10-29,quarterly,1.17,USD,pre-market,None,15905000000,0.0518,0.199,0.015,32.55,21312000000,38257000000,6688000000,2146000000,42.52,40.35,0.0,168130000000,19320000000,26700000000,102017000000,148810000000,75317000000,69518000000,39680000000,8.63,-353000000,45.09,35.79
2025-12-28,VZ,4.69,137491005000.0,8.63,None,0.32,24.91,4504000000,None,760000000,760000000,-1505000000,-6345000000,1070000000,None,-369000000,None,None,None,277000000,2817000000,None,37815000000,37815000000,2620000000,None,None,8534000000,None,None,13615000000,4192000000,2.723,0.0675,2546000000,2546000000,None,0.5,0.0,13578000000,27193000000,1.17,2020-09-30,8.45,315000000,81690001000.0,31703000000,11449000000,3210000000,51849000000,51849000000,None,2129000000,None,1522000000,None,None,31869000000,None,None,4504000000,None,None,None,0.239,8920000000,19341000000,12362000000,6358000000,12823000000,None,None,None,None,None,None,None,1.965,1.625,1.241,None,None,None,None,None,None,None,0.144,None,75305000000,2025-10-29,quarterly,1.17,USD,pre-market,None,15905000000,0.0518,0.199,0.015,32.55,21312000000,38257000000,6688000000,2146000000,42.52,40.35,0.0,168130000000,19320000000,26700000000,102017000000,148810000000,75317000000,69518000000,39680000000,8.63,-353000000,45.09,35.79
2025-12-28,VZ,4.69,137491005000.0,8.63,None,0.32,24.91,6167000000,None,760000000,760000000,-8795000000,-5144000000,789000000,None,-369000000,None,None,None,277000000,2817000000,None,37815000000,37815000000,2620000000,None,None,8534000000,None,None,13615000000,4181000000,2.723,0.0675,2543000000,2543000000,None,0.5,0.0,13578000000,27193000000,1.17,2020-06-30,8.45,315000000,81690001000.0,31703000000,11449000000,3210000000,51849000000,51849000000,None,2129000000,None,1522000000,None,None,31869000000,None,None,4839000000,None,None,None,0.239,14728000000,19341000000,12362000000,6358000000,12823000000,None,None,None,None,None,None,None,1.965,1.625,1.241,None,None,None,None,None,None,None,0.144,None,75305000000,2025-10-29,quarterly,1.17,USD,pre-market,None,15905000000,0.0518,0.199,0.015,32.55,21312000000,38257000000,6688000000,2146000000,42.52,40.35,0.0,168130000000,19320000000,26700000000,102017000000,148810000000,75317000000,69518000000,39680000000,8.63,-353000000,45.09,35.79
2025-12-28,VZ,4.69,137491005000.0,8.63,None,0.32,24.91,5484000000,None,760000000,760000000,2563000000,-6980000000,4407000000,None,-369000000,None,None,None,277000000,2817000000,None,37815000000,37815000000,2620000000,None,None,8534000000,None,None,13615000000,4150000000,2.723,0.0675,2547000000,2547000000,None,0.5,0.0,13578000000,27193000000,1.17,2020-03-31,8.45,315000000,81690001000.0,31703000000,11449000000,3210000000,51849000000,51849000000,None,2129000000,None,1522000000,None,None,31869000000,None,None,4287000000,None,None,None,0.239,8824000000,19341000000,12362000000,6358000000,12823000000,None,None,None,None,None,None,None,1.965,1.625,1.241,None,None,None,None,None,None,None,0.144,None,75305000000,2025-10-29,quarterly,1.17,USD,pre-market,None,15905000000,0.0518,0.199,0.015,32.55,21312000000,38257000000,6688000000,2146000000,42.52,40.35,0.0,168130000000,19320000000,26700000000,102017000000,148810000000,75317000000,69518000000,39680000000,8.63,-353000000,45.09,35.79
2025-12-28,VZ,4.69,137491005000.0,8.63,None,0.32,24.91,6206000000,None,760000000,760000000,-3863000000,-5424000000,-289000000,None,-76000000,None,None,-1471000000,277000000,2817000000,None,37815000000,37815000000,2620000000,None,None,8534000000,None,None,13615000000,4105000000,2.723,0.0675,2542000000,2542000000,None,0.5,0.0,13578000000,27193000000,1.17,2019-12-31,8.45,315000000,81690001000.0,31703000000,11449000000,3210000000,51849000000,51849000000,None,2129000000,None,1522000000,None,None,31869000000,None,None,5217000000,None,None,None,0.239,8998000000,19341000000,12362000000,6358000000,12823000000,None,None,None,None,None,None,None,1.965,1.625,1.241,None,None,None,None,None,None,None,0.144,None,75305000000,2025-10-29,quarterly,1.17,USD,pre-market,None,15905000000,0.0518,0.199,0.015,32.55,21312000000,38257000000,6688000000,2146000000,42.52,40.35,0.0,168130000000,19320000000,26700000000,102017000000,148810000000,75317000000,69518000000,39680000000,8.63,-353000000,45.09,35.79
2025-12-28,VZ,4.69,137491005000.0,8.63,None,0.32,24.91,4465000000,None,760000000,760000000,-6258000000,-3568000000,1086000000,None,-76000000,None,None,None,277000000,2817000000,None,37815000000,37815000000,2620000000,None,None,8534000000,None,None,13615000000,4114000000,2.723,0.0675,2493000000,2493000000,None,0.5,0.0,13578000000,27193000000,1.17,2019-09-30,8.45,315000000,81690001000.0,31703000000,11449000000,3210000000,51849000000,51849000000,None,2129000000,None,1522000000,None,None,31869000000,None,None,5337000000,None,None,None,0.239,10912000000,19341000000,12362000000,6358000000,12823000000,None,None,None,None,None,None,None,1.965,1.625,1.241,None,None,None,None,None,None,None,0.144,None,75305000000,2025-10-29,quarterly,1.17,USD,pre-market,None,15905000000,0.0518,0.199,0.015,32.55,21312000000,38257000000,6688000000,2146000000,42.52,40.35,0.0,168130000000,19320000000,26700000000,102017000000,148810000000,75317000000,69518000000,39680000000,8.63,-353000000,45.09,35.79
2025-12-28,VZ,4.69,137491005000.0,8.63,None,0.32,24.91,3794000000,None,760000000,760000000,-5386000000,-3786000000,-417000000,None,-76000000,None,None,None,277000000,2817000000,None,37815000000,37815000000,2620000000,None,None,8534000000,None,None,13615000000,4232000000,2.723,0.0675,2492000000,2492000000,None,0.5,0.0,13578000000,27193000000,1.17,2019-06-30,8.45,315000000,81690001000.0,31703000000,11449000000,3210000000,51849000000,51849000000,None,2129000000,None,1522000000,None,None,31869000000,None,None,4074000000,None,None,None,0.239,8755000000,19341000000,12362000000,6358000000,12823000000,None,None,None,None,None,None,None,1.965,1.625,1.241,None,None,None,None,None,None,None,0.144,None,75305000000,2025-10-29,quarterly,1.17,USD,pre-market,None,15905000000,0.0518,0.199,0.015,32.55,21312000000,38257000000,6688000000,2146000000,42.52,40.35,0.0,168130000000,19320000000,26700000000,102017000000,148810000000,75317000000,69518000000,39680000000,8.63,-353000000,45.09,35.79
2025-12-28,VZ,4.69,137491005000.0,8.63,None,0.32,24.91,4372000000,None,760000000,760000000,-2657000000,-4803000000,-379000000,None,-76000000,None,None,None,277000000,2817000000,None,37815000000,37815000000,2620000000,None,None,8534000000,None,None,13615000000,4231000000,2.723,0.0675,2489000000,2489000000,None,0.5,0.0,13578000000,27193000000,1.17,2019-03-31,8.45,315000000,81690001000.0,31703000000,11449000000,3210000000,51849000000,51849000000,None,2129000000,None,1522000000,None,None,31869000000,None,None,5160000000,None,None,None,0.239,7081000000,19341000000,12362000000,6358000000,12823000000,None,None,None,None,None,None,None,1.965,1.625,1.241,None,None,None,None,None,None,None,0.144,None,75305000000,2025-10-29,quarterly,1.17,USD,pre-market,None,15905000000,0.0518,0.199,0.015,32.55,21312000000,38257000000,6688000000,2146000000,42.52,40.35,0.0,168130000000,19320000000,26700000000,102017000000,148810000000,75317000000,69518000000,39680000000,8.63,-353000000,45.09,35.79
2025-12-28,VZ,4.69,137491005000.0,8.63,None,0.32,24.91,4754000000,None,760000000,760000000,-2956000000,-4798000000,341000000,None,-324000000,None,None,-2667000000,277000000,2817000000,None,37815000000,37815000000,2620000000,None,None,8534000000,None,None,13615000000,4352000000,2.723,0.0675,2489000000,2489000000,None,0.5,0.0,13578000000,27193000000,1.17,2018-12-31,8.45,315000000,81690001000.0,31703000000,11449000000,3210000000,51849000000,51849000000,None,2129000000,None,1522000000,None,None,31869000000,None,None,2065000000,None,None,None,0.239,8095000000,19341000000,12362000000,6358000000,12823000000,None,None,None,None,None,None,None,1.965,1.625,1.241,None,None,None,None,None,None,None,0.144,None,75305000000,2025-10-29,quarterly,1.17,USD,pre-market,None,15905000000,0.0518,0.199,0.015,32.55,21312000000,38257000000,6688000000,2146000000,42.52,40.35,0.0,168130000000,19320000000,26700000000,102017000000,148810000000,75317000000,69518000000,39680000000,8.63,-353000000,45.09,35.79
2025-12-28,VZ,4.69,137491005000.0,8.63,None,0.32,24.91,4340000000,None,760000000,760000000,-4556000000,-4408000000,847000000,None,-324000000,None,None,None,277000000,2817000000,None,37815000000,37815000000,2620000000,None,None,8534000000,None,None,13615000000,4377000000,2.723,0.0675,2438000000,2438000000,None,0.5,0.0,13578000000,27193000000,1.17,2018-09-30,8.45,315000000,81690001000.0,31703000000,11449000000,3210000000,51849000000,51849000000,None,2129000000,None,1522000000,None,None,31869000000,None,None,5062000000,None,None,None,0.239,9811000000,19341000000,12362000000,6358000000,12823000000,None,None,None,None,None,None,None,1.965,1.625,1.241,None,None,None,None,None,0,None,0.144,None,75305000000,2025-10-29,quarterly,1.17,USD,pre-market,None,15905000000,0.0518,0.199,0.015,32.55,21312000000,38257000000,6688000000,2146000000,42.52,40.35,0.0,168130000000,19320000000,26700000000,102017000000,148810000000,75317000000,69518000000,39680000000,8.63,-353000000,45.09,35.79
2025-12-28,VZ,4.69,137491005000.0,8.63,None,0.32,24.91,3471000000,None,760000000,760000000,-6549000000,-3443000000,-207000000,None,-324000000,None,None,None,277000000,2817000000,None,37815000000,37815000000,2620000000,None,None,8534000000,None,None,13615000000,4350000000,2.723,0.0675,2438000000,2438000000,None,0.5,0.0,13578000000,27193000000,1.17,2018-06-30,8.45,315000000,81690001000.0,31703000000,11449000000,3210000000,51849000000,51849000000,None,2129000000,None,1522000000,None,None,31869000000,None,None,4246000000,None,None,None,0.239,9785000000,19341000000,12362000000,6358000000,12823000000,None,None,None,None,None,None,None,1.965,1.625,1.241,None,None,None,None,None,0,None,0.144,None,75305000000,2025-10-29,quarterly,1.17,USD,pre-market,None,15905000000,0.0518,0.199,0.015,32.55,21312000000,38257000000,6688000000,2146000000,42.52,40.35,0.0,168130000000,19320000000,26700000000,102017000000,148810000000,75317000000,69518000000,39680000000,8.63,-353000000,45.09,35.79
2025-12-28,VZ,4.69,137491005000.0,8.63,None,0.32,24.91,5522000000,None,760000000,760000000,-1316000000,-5285000000,47000000,None,-324000000,None,None,None,277000000,2817000000,None,37815000000,37815000000,2620000000,None,None,8534000000,None,None,13615000000,4324000000,2.723,0.0675,2407000000,2407000000,None,0.5,0.0,13578000000,27193000000,1.17,2018-03-31,8.45,315000000,81690001000.0,31703000000,11449000000,3210000000,51849000000,51849000000,None,2129000000,None,1522000000,None,None,31869000000,None,None,4666000000,None,None,None,0.239,6648000000,19341000000,12362000000,6358000000,12823000000,None,None,None,None,None,None,None,1.965,1.625,1.241,None,None,None,None,None,0,None,0.144,None,75305000000,2025-10-29,quarterly,1.17,USD,pre-market,None,15905000000,0.0518,0.199,0.015,32.55,21312000000,38257000000,6688000000,2146000000,42.52,40.35,0.0,168130000000,19320000000,26700000000,102017000000,148810000000,75317000000,69518000000,39680000000,8.63,-353000000,45.09,35.79
2025-12-28,VZ,4.69,137491005000.0,8.63,None,0.32,24.91,6079000000,None,760000000,760000000,-4821000000,-5671000000,-2408000000,None,168000000,None,None,-5436000000,277000000,2817000000,None,37815000000,37815000000,2620000000,None,None,8534000000,None,None,13615000000,4456000000,2.723,0.0675,2405000000,2405000000,None,0.5,0.0,13578000000,27193000000,1.17,2017-12-31,8.45,315000000,81690001000.0,31703000000,11449000000,3210000000,51849000000,51849000000,None,2129000000,None,1522000000,None,None,31869000000,None,None,18783000000,None,None,None,0.239,8084000000,19341000000,12362000000,6358000000,12823000000,None,None,None,None,None,None,None,1.965,1.625,1.241,None,None,None,None,None,0,None,0.144,None,75305000000,2025-10-29,quarterly,1.17,USD,pre-market,None,15905000000,0.0518,0.199,0.015,32.55,21312000000,38257000000,6688000000,2146000000,42.52,40.35,0.0,168130000000,19320000000,26700000000,102017000000,148810000000,75317000000,69518000000,39680000000,8.63,-353000000,45.09,35.79
2025-12-28,VZ,4.69,137491005000.0,8.63,None,0.32,24.91,4425000000,None,760000000,760000000,-3497000000,-3728000000,-96000000,None,0,None,None,None,277000000,2817000000,None,37815000000,37815000000,2620000000,None,None,8534000000,None,None,13615000000,4272000000,2.723,0.0675,2357000000,2357000000,None,0.5,0.0,13578000000,27193000000,1.17,2017-09-30,8.45,315000000,81690001000.0,31703000000,11449000000,3210000000,51849000000,51849000000,None,2129000000,None,1522000000,None,None,31869000000,None,None,3736000000,None,None,None,0.239,7169000000,19341000000,12362000000,6358000000,12823000000,None,None,None,None,None,None,None,1.965,1.625,1.241,None,None,None,None,None,0,None,0.144,None,75305000000,2025-10-29,quarterly,1.17,USD,pre-market,None,15905000000,0.0518,0.199,0.015,32.55,21312000000,38257000000,6688000000,2146000000,42.52,40.35,0.0,168130000000,19320000000,26700000000,102017000000,148810000000,75317000000,69518000000,39680000000,8.63,-353000000,45.09,35.79
2025-12-28,VZ,4.69,137491005000.0,8.63,None,0.32,24.91,4063000000,None,760000000,760000000,-2911000000,-5050000000,276000000,None,0,None,None,None,277000000,2817000000,None,37815000000,37815000000,2620000000,None,None,8534000000,None,None,13615000000,4167000000,2.723,0.0675,2356000000,2356000000,None,0.5,0.0,13578000000,27193000000,1.17,2017-06-30,8.45,315000000,81690001000.0,31703000000,11449000000,3210000000,51849000000,51849000000,None,2129000000,None,1522000000,None,None,31869000000,None,None,4478000000,None,None,None,0.239,7930000000,19341000000,12362000000,6358000000,12823000000,None,None,None,None,None,None,None,1.965,1.625,1.241,None,None,None,None,None,0,None,0.144,None,75305000000,2025-10-29,quarterly,1.17,USD,pre-market,None,15905000000,0.0518,0.199,0.015,32.55,21312000000,38257000000,6688000000,2146000000,42.52,40.35,0.0,168130000000,19320000000,26700000000,102017000000,148810000000,75317000000,69518000000,39680000000,8.63,-353000000,45.09,35.79
2025-12-28,VZ,4.69,137491005000.0,8.63,None,0.32,24.91,3263000000,None,760000000,760000000,4579000000,-4833000000,1427000000,None,0,None,None,None,277000000,2817000000,None,37815000000,37815000000,2620000000,None,None,8534000000,None,None,13615000000,4059000000,2.723,0.0675,2354000000,2354000000,None,0.5,0.0,13578000000,27193000000,1.17,2017-03-31,8.45,315000000,81690001000.0,31703000000,11449000000,3210000000,51849000000,51849000000,None,2129000000,None,1522000000,None,None,31869000000,None,None,3553000000,None,None,None,0.239,1376000000,19341000000,12362000000,6358000000,12823000000,None,None,None,None,None,None,None,1.965,1.625,1.241,None,None,None,None,None,0,None,0.144,None,75305000000,2025-10-29,quarterly,1.17,USD,pre-market,None,15905000000,0.0518,0.199,0.015,32.55,21312000000,38257000000,6688000000,2146000000,42.52,40.35,0.0,168130000000,19320000000,26700000000,102017000000,148810000000,75317000000,69518000000,39680000000,8.63,-353000000,45.09,35.79
2025-12-28,VZ,4.69,137491005000.0,8.63,None,0.32,24.91,5785000000,None,760000000,760000000,-203000000,-8444000000,-3561000000,None,61000000,None,None,-5067000000,277000000,2817000000,None,37815000000,37815000000,2620000000,None,None,8534000000,None,None,13615000000,3987000000,2.723,0.0675,2354000000,2354000000,None,0.5,0.0,13578000000,27193000000,1.17,2016-12-31,8.45,315000000,81690001000.0,31703000000,11449000000,3210000000,51849000000,51849000000,None,2129000000,None,1522000000,None,None,31869000000,None,None,4600000000,None,None,None,0.239,5086000000,19341000000,12362000000,6358000000,12823000000,None,None,None,None,None,None,None,1.965,1.625,1.241,None,None,None,None,None,0,None,0.144,None,75305000000,2025-10-29,quarterly,1.17,USD,pre-market,None,15905000000,0.0518,0.199,0.015,32.55,21312000000,38257000000,6688000000,2146000000,42.52,40.35,0.0,168130000000,19320000000,26700000000,102017000000,148810000000,75317000000,69518000000,39680000000,8.63,-353000000,45.09,35.79
2025-12-28,VZ,4.69,137491005000.0,8.63,None,0.32,24.91,4253000000,None,760000000,760000000,3977000000,-5192000000,3584000000,None,0,None,None,None,277000000,2817000000,None,37815000000,37815000000,2620000000,None,None,8534000000,None,None,13615000000,3942000000,2.723,0.0675,2303000000,2303000000,None,0.5,0.0,13578000000,27193000000,1.17,2016-09-30,8.45,315000000,81690001000.0,31703000000,11449000000,3210000000,51849000000,51849000000,None,2129000000,None,1522000000,None,None,31869000000,None,None,3747000000,None,None,None,0.239,4816000000,19341000000,12362000000,6358000000,12823000000,None,None,None,None,None,None,None,1.965,1.625,1.241,None,None,None,None,None,3000000,None,0.144,None,75305000000,2025-10-29,quarterly,1.17,USD,pre-market,None,15905000000,0.0518,0.199,0.015,32.55,21312000000,38257000000,6688000000,2146000000,42.52,40.35,0.0,168130000000,19320000000,26700000000,102017000000,148810000000,75317000000,69518000000,39680000000,8.63,-353000000,45.09,35.79
2025-12-28,VZ,4.69,137491005000.0,8.63,None,0.32,24.91,4037000000,None,760000000,760000000,-14489000000,6089000000,-2989000000,None,0,None,None,None,277000000,2817000000,None,37815000000,37815000000,2620000000,None,None,8534000000,None,None,13615000000,3982000000,2.723,0.0675,2303000000,2303000000,None,0.5,0.0,13578000000,27193000000,1.17,2016-06-30,8.45,315000000,81690001000.0,31703000000,11449000000,3210000000,51849000000,51849000000,None,2129000000,None,1522000000,None,None,31869000000,None,None,831000000,None,None,None,0.239,5411000000,19341000000,12362000000,6358000000,12823000000,None,None,None,None,None,None,None,1.965,1.625,1.241,None,None,None,None,None,3000000,None,0.144,None,75305000000,2025-10-29,quarterly,1.17,USD,pre-market,None,15905000000,0.0518,0.199,0.015,32.55,21312000000,38257000000,6688000000,2146000000,42.52,40.35,0.0,168130000000,19320000000,26700000000,102017000000,148810000000,75317000000,69518000000,39680000000,8.63,-353000000,45.09,35.79
2025-12-28,VZ,4.69,137491005000.0,8.63,None,0.32,24.91,3518000000,None,760000000,760000000,-2607000000,-3436000000,1376000000,None,0,None,None,None,277000000,2817000000,None,37815000000,37815000000,2620000000,None,None,8534000000,None,None,13615000000,4017000000,2.723,0.0675,2302000000,2302000000,None,0.5,0.0,13578000000,27193000000,1.17,2016-03-31,8.45,315000000,81690001000.0,31703000000,11449000000,3210000000,51849000000,51849000000,None,2129000000,None,1522000000,None,None,31869000000,None,None,4430000000,None,None,None,0.239,7497000000,19341000000,12362000000,6358000000,12823000000,None,None,None,None,None,None,None,1.965,1.625,1.241,None,None,None,None,None,3000000,None,0.144,None,75305000000,2025-10-29,quarterly,1.17,USD,pre-market,None,15905000000,0.0518,0.199,0.015,32.55,21312000000,38257000000,6688000000,2146000000,42.52,40.35,0.0,168130000000,19320000000,26700000000,102017000000,148810000000,75317000000,69518000000,39680000000,8.63,-353000000,45.09,35.79
2025-12-28,VZ,4.69,137491005000.0,8.63,None,0.32,24.91,5235000000,None,760000000,760000000,-4462000000,-5447000000,None,None,-99000000,None,None,None,277000000,2817000000,None,37815000000,37815000000,2620000000,None,None,8534000000,None,None,13615000000,4039000000,2.723,0.0675,2165000000,2165000000,None,0.5,0.0,13578000000,27193000000,1.17,2015-12-31,8.45,315000000,81690001000.0,31703000000,11449000000,3210000000,51849000000,51849000000,None,2129000000,None,1522000000,None,None,31869000000,None,None,5391000000,None,None,None,0.239,10504000000,19341000000,12362000000,6358000000,12823000000,None,None,None,None,None,None,None,1.965,1.625,1.241,None,None,None,None,None,170000000,None,0.144,None,75305000000,2025-10-29,quarterly,1.17,USD,pre-market,None,15905000000,0.0518,0.199,0.015,32.55,21312000000,38257000000,6688000000,2146000000,42.52,40.35,0.0,168130000000,19320000000,26700000000,102017000000,148810000000,75317000000,69518000000,39680000000,8.63,-353000000,45.09,35.79
2025-12-28,VZ,4.69,137491005000.0,8.63,None,0.32,24.91,4387000000,None,760000000,760000000,-4228000000,-4425000000,None,None,0,None,None,None,277000000,2817000000,None,37815000000,37815000000,2620000000,None,None,8534000000,None,None,13615000000,4009000000,2.723,0.0675,2107000000,2107000000,None,0.5,0.0,13578000000,27193000000,1.17,2015-09-30,8.45,315000000,81690001000.0,31703000000,11449000000,3210000000,51849000000,51849000000,None,2129000000,None,1522000000,None,None,31869000000,None,None,4038000000,None,None,None,0.239,9520000000,19341000000,12362000000,6358000000,12823000000,None,None,None,None,None,None,None,1.965,1.625,1.241,None,None,None,None,None,-60000000,None,0.144,None,75305000000,2025-10-29,quarterly,1.17,USD,pre-market,None,15905000000,0.0518,0.199,0.015,32.55,21312000000,38257000000,6688000000,2146000000,42.52,40.35,0.0,168130000000,19320000000,26700000000,102017000000,148810000000,75317000000,69518000000,39680000000,8.63,-353000000,45.09,35.79
2025-12-28,VZ,4.69,137491005000.0,8.63,None,0.32,24.91,4488000000,None,760000000,760000000,-3120000000,-6995000000,None,None,0,None,None,None,277000000,2817000000,None,37815000000,37815000000,2620000000,None,None,8534000000,None,None,13615000000,3980000000,2.723,0.0675,2113000000,2113000000,None,0.5,0.0,13578000000,27193000000,1.17,2015-06-30,8.45,315000000,81690001000.0,31703000000,11449000000,3210000000,51849000000,51849000000,None,2129000000,None,1522000000,None,None,31869000000,None,None,4231000000,None,None,None,0.239,8737000000,19341000000,12362000000,6358000000,12823000000,None,None,None,None,None,None,None,1.965,1.625,1.241,None,None,None,None,None,-74000000,None,0.144,None,75305000000,2025-10-29,quarterly,1.17,USD,pre-market,None,15905000000,0.0518,0.199,0.015,32.55,21312000000,38257000000,6688000000,2146000000,42.52,40.35,0.0,168130000000,19320000000,26700000000,102017000000,148810000000,75317000000,69518000000,39680000000,8.63,-353000000,45.09,35.79
2025-12-28,VZ,4.69,137491005000.0,8.63,None,0.32,24.91,3665000000,None,760000000,760000000,-3205000000,-13176000000,None,None,0,None,None,None,277000000,2817000000,None,37815000000,37815000000,2620000000,None,None,8534000000,None,None,13615000000,3989000000,2.723,0.0675,2153000000,2153000000,None,0.5,0.0,13578000000,27193000000,1.17,2015-03-31,8.45,315000000,81690001000.0,31703000000,11449000000,3210000000,51849000000,51849000000,None,2129000000,None,1522000000,None,None,31869000000,None,None,4219000000,None,None,None,0.239,10169000000,19341000000,12362000000,6358000000,12823000000,None,None,None,None,None,None,None,1.965,1.625,1.241,None,None,None,None,None,-5000000000,None,0.144,None,75305000000,2025-10-29,quarterly,1.17,USD,pre-market,None,15905000000,0.0518,0.199,0.015,32.55,21312000000,38257000000,6688000000,2146000000,42.52,40.35,0.0,168130000000,19320000000,26700000000,102017000000,148810000000,75317000000,69518000000,39680000000,8.63,-353000000,45.09,35.79
2025-12-28,VZ,4.69,137491005000.0,8.63,None,0.32,24.91,4578000000,None,760000000,760000000,1332000000,-5426000000,3380000000,None,-132000000,None,None,-2745000000,277000000,2817000000,None,37815000000,37815000000,2620000000,None,None,8534000000,None,None,13615000000,4068000000,2.723,0.0675,2150000000,2150000000,None,0.5,0.0,13578000000,27193000000,1.17,2014-12-31,8.45,315000000,81690001000.0,31703000000,11449000000,3210000000,51849000000,51849000000,None,2129000000,None,1522000000,None,None,31869000000,None,None,-2148000000,None,None,None,0.239,7474000000,19341000000,12362000000,6358000000,12823000000,None,None,None,None,None,None,None,1.965,1.625,1.241,None,None,None,None,None,34000000,None,0.144,None,75305000000,2025-10-29,quarterly,1.17,USD,pre-market,None,15905000000,0.0518,0.199,0.015,32.55,21312000000,38257000000,6688000000,2146000000,42.52,40.35,0.0,168130000000,19320000000,26700000000,102017000000,148810000000,75317000000,69518000000,39680000000,8.63,-353000000,45.09,35.79
2025-12-28,VZ,4.69,137491005000.0,8.63,None,0.32,24.91,4202000000,None,760000000,760000000,-2827000000,-4084000000,1442000000,None,0,None,None,None,277000000,2817000000,None,37815000000,37815000000,2620000000,None,None,8534000000,None,None,13615000000,4167000000,2.723,0.0675,2070000000,2070000000,None,0.5,0.0,13578000000,27193000000,1.17,2014-09-30,8.45,315000000,81690001000.0,31703000000,11449000000,3210000000,51849000000,51849000000,None,2129000000,None,1522000000,None,None,31869000000,None,None,3794000000,None,None,None,0.239,8353000000,19341000000,12362000000,6358000000,12823000000,None,None,None,None,None,None,None,1.965,1.625,1.241,None,None,None,None,None,34000000,None,0.144,None,75305000000,2025-10-29,quarterly,1.17,USD,pre-market,None,15905000000,0.0518,0.199,0.015,32.55,21312000000,38257000000,6688000000,2146000000,42.52,40.35,0.0,168130000000,19320000000,26700000000,102017000000,148810000000,75317000000,69518000000,39680000000,8.63,-353000000,45.09,35.79
2025-12-28,VZ,4.69,137491005000.0,8.63,None,0.32,24.91,4402000000,None,760000000,760000000,-2981000000,-1815000000,2869000000,None,0,None,None,None,277000000,2817000000,None,37815000000,37815000000,2620000000,None,None,8534000000,None,None,13615000000,4161000000,2.723,0.0675,2066000000,2066000000,None,0.5,0.0,13578000000,27193000000,1.17,2014-06-30,8.45,315000000,81690001000.0,31703000000,11449000000,3210000000,51849000000,51849000000,None,2129000000,None,1522000000,None,None,31869000000,None,None,4324000000,None,None,None,0.239,7665000000,19341000000,12362000000,6358000000,12823000000,None,None,None,None,None,None,None,1.965,1.625,1.241,None,None,None,None,None,34000000,None,0.144,None,75305000000,2025-10-29,quarterly,1.17,USD,pre-market,None,15905000000,0.0518,0.199,0.015,32.55,21312000000,38257000000,6688000000,2146000000,42.52,40.35,0.0,168130000000,19320000000,26700000000,102017000000,148810000000,75317000000,69518000000,39680000000,8.63,-353000000,45.09,35.79
2025-12-28,VZ,4.69,137491005000.0,8.63,None,0.32,24.91,4363000000,None,760000000,760000000,-53229000000,-4531000000,-50621000000,None,0,None,None,None,277000000,2817000000,None,37815000000,37815000000,2620000000,None,None,8534000000,None,None,13615000000,4137000000,2.723,0.0675,1517000000,1517000000,None,0.5,0.0,13578000000,27193000000,1.17,2014-03-31,8.45,315000000,81690001000.0,31703000000,11449000000,3210000000,51849000000,51849000000,None,2129000000,None,1522000000,None,None,31869000000,None,None,5986000000,None,None,None,0.239,7139000000,19341000000,12362000000,6358000000,12823000000,None,None,None,None,None,None,None,1.965,1.625,1.241,None,None,None,None,None,17204000000,None,0.144,None,75305000000,2025-10-29,quarterly,1.17,USD,pre-market,None,15905000000,0.0518,0.199,0.015,32.55,21312000000,38257000000,6688000000,2146000000,42.52,40.35,0.0,168130000000,19320000000,26700000000,102017000000,148810000000,75317000000,69518000000,39680000000,8.63,-353000000,45.09,35.79
2025-12-28,VZ,4.69,137491005000.0,8.63,None,0.32,24.91,4947000000,None,760000000,760000000,-8803000000,-4810000000,None,None,56000000,None,None,None,277000000,2817000000,None,37815000000,37815000000,2620000000,None,None,8534000000,None,None,13615000000,4183000000,2.723,0.0675,1516000000,1516000000,None,0.5,0.0,13578000000,27193000000,1.17,2013-12-31,8.45,315000000,81690001000.0,31703000000,11449000000,3210000000,51849000000,51849000000,None,2129000000,None,1522000000,None,None,31869000000,None,None,7916000000,None,None,None,0.239,10431000000,19341000000,12362000000,6358000000,12823000000,None,None,None,None,None,None,None,1.965,1.625,1.241,None,None,None,None,None,324000000,None,0.144,None,75305000000,2025-10-29,quarterly,1.17,USD,pre-market,None,15905000000,0.0518,0.199,0.015,32.55,21312000000,38257000000,6688000000,2146000000,42.52,40.35,0.0,168130000000,19320000000,26700000000,102017000000,148810000000,75317000000,69518000000,39680000000,8.63,-353000000,45.09,35.79
2025-12-28,VZ,4.69,137491005000.0,8.63,None,0.32,24.91,4357000000,None,760000000,760000000,45871000000,-2188000000,None,None,0,None,None,None,277000000,2817000000,None,37815000000,37815000000,2620000000,None,None,8534000000,None,None,13615000000,4154000000,2.723,0.0675,1474000000,1474000000,None,0.5,0.0,13578000000,27193000000,1.17,2013-09-30,8.45,315000000,81690001000.0,31703000000,11449000000,3210000000,51849000000,51849000000,None,2129000000,None,1522000000,None,None,31869000000,None,None,5578000000,None,None,None,0.239,11239000000,19341000000,12362000000,6358000000,12823000000,None,None,None,None,None,None,None,1.965,1.625,1.241,None,None,None,None,None,48343000000,None,0.144,None,75305000000,2025-10-29,quarterly,1.17,USD,pre-market,None,15905000000,0.0518,0.199,0.015,32.55,21312000000,38257000000,6688000000,2146000000,42.52,40.35,0.0,168130000000,19320000000,26700000000,102017000000,148810000000,75317000000,69518000000,39680000000,8.63,-353000000,45.09,35.79
2025-12-28,VZ,4.69,137491005000.0,8.63,None,0.32,24.91,4161000000,None,760000000,760000000,-9068000000,-4236000000,-3687000000,None,0,None,None,None,277000000,2817000000,None,37815000000,37815000000,2620000000,None,None,8534000000,None,None,13615000000,4151000000,2.723,0.0675,1474000000,1474000000,None,0.5,0.0,13578000000,27193000000,1.17,2013-06-30,8.45,315000000,81690001000.0,31703000000,11449000000,3210000000,51849000000,51849000000,None,2129000000,None,1522000000,None,None,31869000000,None,None,5198000000,None,None,None,0.239,9617000000,19341000000,12362000000,6358000000,12823000000,None,None,None,None,None,None,None,1.965,1.625,1.241,None,None,None,None,None,-582000000,None,0.144,None,75305000000,2025-10-29,quarterly,1.17,USD,pre-market,None,15905000000,0.0518,0.199,0.015,32.55,21312000000,38257000000,6688000000,2146000000,42.52,40.35,0.0,168130000000,19320000000,26700000000,102017000000,148810000000,75317000000,69518000000,39680000000,8.63,-353000000,45.09,35.79
2025-12-28,VZ,4.69,137491005000.0,8.63,None,0.32,24.91,3719000000,None,760000000,760000000,-1550000000,-3599000000,2382000000,None,0,None,None,None,277000000,2817000000,None,37815000000,37815000000,2620000000,None,None,8534000000,None,None,13615000000,4118000000,2.723,0.0675,1472000000,1472000000,None,0.5,0.0,13578000000,27193000000,1.17,2013-03-31,8.45,315000000,81690001000.0,31703000000,11449000000,3210000000,51849000000,51849000000,None,2129000000,None,1522000000,None,None,31869000000,None,None,4855000000,None,None,None,0.239,7531000000,19341000000,12362000000,6358000000,12823000000,None,None,None,None,None,None,None,1.965,1.625,1.241,None,None,None,None,None,-153000000,None,0.144,None,75305000000,2025-10-29,quarterly,1.17,USD,pre-market,None,15905000000,0.0518,0.199,0.015,32.55,21312000000,38257000000,6688000000,2146000000,42.52,40.35,0.0,168130000000,19320000000,26700000000,102017000000,148810000000,75317000000,69518000000,39680000000,8.63,-353000000,45.09,35.79
2025-12-28,VZ,4.69,137491005000.0,8.63,None,0.32,24.91,4979000000,None,760000000,760000000,-8272000000,-5077000000,None,None,-136000000,None,None,None,277000000,2817000000,None,37815000000,37815000000,2620000000,None,None,8534000000,None,None,13615000000,4137000000,2.723,0.0675,1343000000,1343000000,None,0.5,0.0,13578000000,27193000000,1.17,2012-12-31,8.45,315000000,81690001000.0,31703000000,11449000000,3210000000,51849000000,51849000000,None,2129000000,None,1522000000,None,None,31869000000,None,None,-1926000000,None,None,None,0.239,6728000000,19341000000,12362000000,6358000000,12823000000,None,None,None,None,None,None,None,1.965,1.625,1.241,None,None,None,None,None,2677000000,None,0.144,None,75305000000,2025-10-29,quarterly,1.17,USD,pre-market,None,15905000000,0.0518,0.199,0.015,32.55,21312000000,38257000000,6688000000,2146000000,42.52,40.35,0.0,168130000000,19320000000,26700000000,102017000000,148810000000,75317000000,69518000000,39680000000,8.63,-353000000,45.09,35.79
2025-12-28,VZ,4.69,137491005000.0,8.63,None,0.32,24.91,7701000000,None,760000000,760000000,-1933000000,-7841000000,None,None,0,None,None,None,277000000,2817000000,None,37815000000,37815000000,2620000000,None,None,8534000000,None,None,13615000000,4167000000,2.723,0.0675,1300000000,1300000000,None,0.5,0.0,13578000000,27193000000,1.17,2012-09-30,8.45,315000000,81690001000.0,31703000000,11449000000,3210000000,51849000000,51849000000,None,2129000000,None,1522000000,None,None,31869000000,None,None,4292000000,None,None,None,0.239,9487000000,19341000000,12362000000,6358000000,12823000000,None,None,None,None,None,None,None,1.965,1.625,1.241,None,None,None,None,None,1262000000,None,0.144,None,75305000000,2025-10-29,quarterly,1.17,USD,pre-market,None,15905000000,0.0518,0.199,0.015,32.55,21312000000,38257000000,6688000000,2146000000,42.52,40.35,0.0,168130000000,19320000000,26700000000,102017000000,148810000000,75317000000,69518000000,39680000000,8.63,-353000000,45.09,35.79
2025-12-28,VZ,4.69,137491005000.0,8.63,None,0.32,24.91,3865000000,None,760000000,760000000,-1311000000,-3911000000,None,None,0,None,None,None,277000000,2817000000,None,37815000000,37815000000,2620000000,None,None,8534000000,None,None,13615000000,4128000000,2.723,0.0675,1296000000,1296000000,None,0.5,0.0,13578000000,27193000000,1.17,2012-06-30,8.45,315000000,81690001000.0,31703000000,11449000000,3210000000,51849000000,51849000000,None,2129000000,None,1522000000,None,None,31869000000,None,None,4285000000,None,None,None,0.239,9314000000,19341000000,12362000000,6358000000,12823000000,None,None,None,None,None,None,None,1.965,1.625,1.241,None,None,None,None,None,847000000,None,0.144,None,75305000000,2025-10-29,quarterly,1.17,USD,pre-market,None,15905000000,0.0518,0.199,0.015,32.55,21312000000,38257000000,6688000000,2146000000,42.52,40.35,0.0,168130000000,19320000000,26700000000,102017000000,148810000000,75317000000,69518000000,39680000000,8.63,-353000000,45.09,35.79
2025-12-28,VZ,4.69,137491005000.0,8.63,None,0.32,24.91,3565000000,None,760000000,760000000,-9737000000,-3673000000,None,None,0,None,None,None,277000000,2817000000,None,37815000000,37815000000,2620000000,None,None,8534000000,None,None,13615000000,4028000000,2.723,0.0675,1291000000,1291000000,None,0.5,0.0,13578000000,27193000000,1.17,2012-03-31,8.45,315000000,81690001000.0,31703000000,11449000000,3210000000,51849000000,51849000000,None,2129000000,None,1522000000,None,None,31869000000,None,None,3906000000,None,None,None,0.239,5957000000,19341000000,12362000000,6358000000,12823000000,None,None,None,None,None,None,None,1.965,1.625,1.241,None,None,None,None,None,-1734000000,None,0.144,None,75305000000,2025-10-29,quarterly,1.17,USD,pre-market,None,15905000000,0.0518,0.199,0.015,32.55,21312000000,38257000000,6688000000,2146000000,42.52,40.35,0.0,168130000000,19320000000,26700000000,102017000000,148810000000,75317000000,69518000000,39680000000,8.63,-353000000,45.09,35.79
2025-12-28,VZ,4.69,137491005000.0,8.63,None,0.32,24.91,3698000000,None,760000000,760000000,-1392000000,-3838000000,None,None,208000000,None,None,None,277000000,2817000000,None,37815000000,37815000000,2620000000,None,None,8534000000,None,None,13615000000,4180000000,2.723,0.0675,1416000000,1416000000,None,0.5,0.0,13578000000,27193000000,1.17,2011-12-31,8.45,315000000,81690001000.0,31703000000,11449000000,3210000000,51849000000,51849000000,None,2129000000,None,1522000000,None,None,31869000000,None,None,-212000000,None,None,None,0.239,8268000000,19341000000,12362000000,6358000000,12823000000,None,None,None,None,None,None,None,1.965,1.625,1.241,None,None,None,None,None,4661000000,None,0.144,None,75305000000,2025-10-29,quarterly,1.17,USD,pre-market,None,15905000000,0.0518,0.199,0.015,32.55,21312000000,38257000000,6688000000,2146000000,42.52,40.35,0.0,168130000000,19320000000,26700000000,102017000000,148810000000,75317000000,69518000000,39680000000,8.63,-353000000,45.09,35.79
2025-12-28,VZ,4.69,137491005000.0,8.63,None,0.32,24.91,3628000000,None,760000000,760000000,-1096000000,-3540000000,4084000000,None,0,None,None,None,277000000,2817000000,None,37815000000,37815000000,2620000000,None,None,8534000000,None,None,13615000000,4179000000,2.723,0.0675,1380000000,1380000000,None,0.5,0.0,13578000000,27193000000,1.17,2011-09-30,8.45,315000000,81690001000.0,31703000000,11449000000,3210000000,51849000000,51849000000,None,2129000000,None,1522000000,None,None,31869000000,None,None,3542000000,None,None,None,0.239,8720000000,19341000000,12362000000,6358000000,12823000000,None,None,None,None,None,None,None,1.965,1.625,1.241,None,None,None,None,None,875000000,None,0.144,None,75305000000,2025-10-29,quarterly,1.17,USD,pre-market,None,15905000000,0.0518,0.199,0.015,32.55,21312000000,38257000000,6688000000,2146000000,42.52,40.35,0.0,168130000000,19320000000,26700000000,102017000000,148810000000,75317000000,69518000000,39680000000,8.63,-353000000,45.09,35.79
2025-12-28,VZ,4.69,137491005000.0,8.63,None,0.32,24.91,4555000000,None,760000000,760000000,-10027000000,-5497000000,-7767000000,None,0,None,None,None,277000000,2817000000,None,37815000000,37815000000,2620000000,None,None,8534000000,None,None,13615000000,4113000000,2.723,0.0675,1380000000,1380000000,None,0.5,0.0,13578000000,27193000000,1.17,2011-06-30,8.45,315000000,81690001000.0,31703000000,11449000000,3210000000,51849000000,51849000000,None,2129000000,None,1522000000,None,None,31869000000,None,None,3604000000,None,None,None,0.239,7757000000,19341000000,12362000000,6358000000,12823000000,None,None,None,None,None,None,None,1.965,1.625,1.241,None,None,None,None,None,1012000000,None,0.144,None,75305000000,2025-10-29,quarterly,1.17,USD,pre-market,None,15905000000,0.0518,0.199,0.015,32.55,21312000000,38257000000,6688000000,2146000000,42.52,40.35,0.0,168130000000,19320000000,26700000000,102017000000,148810000000,75317000000,69518000000,39680000000,8.63,-353000000,45.09,35.79
2025-12-28,VZ,4.69,137491005000.0,8.63,None,0.32,24.91,4363000000,None,760000000,760000000,6679000000,-4375000000,7339000000,None,0,None,None,None,277000000,2817000000,None,37815000000,37815000000,2620000000,None,None,8534000000,None,None,13615000000,4024000000,2.723,0.0675,1379000000,1379000000,None,0.5,0.0,13578000000,27193000000,1.17,2011-03-31,8.45,315000000,81690001000.0,31703000000,11449000000,3210000000,51849000000,51849000000,None,2129000000,None,1522000000,None,None,31869000000,None,None,3264000000,None,None,None,0.239,5035000000,19341000000,12362000000,6358000000,12823000000,None,None,None,None,None,None,None,1.965,1.625,1.241,None,None,None,None,None,6440000000,None,0.144,None,75305000000,2025-10-29,quarterly,1.17,USD,pre-market,None,15905000000,0.0518,0.199,0.015,32.55,21312000000,38257000000,6688000000,2146000000,42.52,40.35,0.0,168130000000,19320000000,26700000000,102017000000,148810000000,75317000000,69518000000,39680000000,8.63,-353000000,45.09,35.79
2025-12-28,VZ,4.69,137491005000.0,8.63,None,0.32,24.91,4615000000,None,760000000,760000000,-1981000000,-4895000000,None,None,299000000,None,None,None,277000000,2817000000,None,37815000000,37815000000,2620000000,None,None,8534000000,None,None,13615000000,4086000000,2.723,0.0675,1378000000,1378000000,None,0.5,0.0,13578000000,27193000000,1.17,2010-12-31,8.45,315000000,81690001000.0,31703000000,11449000000,3210000000,51849000000,51849000000,None,2129000000,None,1522000000,None,None,31869000000,None,None,3466000000,None,None,None,0.239,8150000000,19341000000,12362000000,6358000000,12823000000,None,None,None,None,None,None,None,1.965,1.625,1.241,None,None,None,None,None,0,None,0.144,None,75305000000,2025-10-29,quarterly,1.17,USD,pre-market,None,15905000000,0.0518,0.199,0.015,32.55,21312000000,38257000000,6688000000,2146000000,42.52,40.35,0.0,168130000000,19320000000,26700000000,102017000000,148810000000,75317000000,69518000000,39680000000,8.63,-353000000,45.09,35.79
2025-12-28,VZ,4.69,137491005000.0,8.63,None,0.32,24.91,4158000000,None,760000000,760000000,-3157000000,-4550000000,None,None,0,None,None,None,277000000,2817000000,None,37815000000,37815000000,2620000000,None,None,8534000000,None,None,13615000000,4023000000,2.723,0.0675,1344000000,1344000000,None,0.5,0.0,13578000000,27193000000,1.17,2010-09-30,8.45,315000000,81690001000.0,31703000000,11449000000,3210000000,51849000000,51849000000,None,2129000000,None,1522000000,None,None,31869000000,None,None,2698000000,None,None,None,0.239,8307000000,19341000000,12362000000,6358000000,12823000000,None,None,None,None,None,None,None,1.965,1.625,1.241,None,None,None,None,None,0,None,0.144,None,75305000000,2025-10-29,quarterly,1.17,USD,pre-market,None,15905000000,0.0518,0.199,0.015,32.55,21312000000,38257000000,6688000000,2146000000,42.52,40.35,0.0,168130000000,19320000000,26700000000,102017000000,148810000000,75317000000,69518000000,39680000000,8.63,-353000000,45.09,35.79
2025-12-28,VZ,4.69,137491005000.0,8.63,None,0.32,24.91,4229000000,None,760000000,760000000,-6079000000,-1953000000,None,None,0,None,None,None,277000000,2817000000,None,37815000000,37815000000,2620000000,None,None,8534000000,None,None,13615000000,4177000000,2.723,0.0675,1343000000,1343000000,None,0.5,0.0,13578000000,27193000000,1.17,2010-06-30,8.45,315000000,81690001000.0,31703000000,11449000000,3210000000,51849000000,51849000000,None,2129000000,None,1522000000,None,None,31869000000,None,None,1547000000,None,None,None,0.239,9723000000,19341000000,12362000000,6358000000,12823000000,None,None,None,None,None,None,None,1.965,1.625,1.241,None,None,None,None,None,0,None,0.144,None,75305000000,2025-10-29,quarterly,1.17,USD,pre-market,None,15905000000,0.0518,0.199,0.015,32.55,21312000000,38257000000,6688000000,2146000000,42.52,40.35,0.0,168130000000,19320000000,26700000000,102017000000,148810000000,75317000000,69518000000,39680000000,8.63,-353000000,45.09,35.79
2025-12-28,VZ,4.69,137491005000.0,8.63,None,0.32,24.91,3456000000,None,760000000,760000000,-2433000000,-3656000000,None,None,0,None,None,None,277000000,2817000000,None,37815000000,37815000000,2620000000,None,None,8534000000,None,None,13615000000,4122000000,2.723,0.0675,1347000000,1347000000,None,0.5,0.0,13578000000,27193000000,1.17,2010-03-31,8.45,315000000,81690001000.0,31703000000,11449000000,3210000000,51849000000,51849000000,None,2129000000,None,1522000000,None,None,31869000000,None,None,2284000000,None,None,None,0.239,7084000000,19341000000,12362000000,6358000000,12823000000,None,None,None,None,None,None,None,1.965,1.625,1.241,None,None,None,None,None,0,None,0.144,None,75305000000,2025-10-29,quarterly,1.17,USD,pre-market,None,15905000000,0.0518,0.199,0.015,32.55,21312000000,38257000000,6688000000,2146000000,42.52,40.35,0.0,168130000000,19320000000,26700000000,102017000000,148810000000,75317000000,69518000000,39680000000,8.63,-353000000,45.09,35.79
2025-12-28,VZ,4.69,137491005000.0,8.63,None,0.32,24.91,4597000000,None,760000000,760000000,-2271000000,-5383000000,None,None,235000000,None,None,None,277000000,2817000000,None,37815000000,37815000000,2620000000,None,None,8534000000,None,None,13615000000,4241000000,2.723,0.0675,1351000000,1351000000,None,0.5,0.0,13578000000,27193000000,1.17,2009-12-31,8.45,315000000,81690001000.0,31703000000,11449000000,3210000000,51849000000,51849000000,None,2129000000,None,1522000000,None,None,31869000000,None,None,1101000000,None,None,None,0.239,8447000000,19341000000,12362000000,6358000000,12823000000,None,None,None,None,None,None,None,1.965,1.625,1.241,None,None,None,None,None,0,None,0.144,None,75305000000,2025-10-29,quarterly,1.17,USD,pre-market,None,15905000000,0.0518,0.199,0.015,32.55,21312000000,38257000000,6688000000,2146000000,42.52,40.35,0.0,168130000000,19320000000,26700000000,102017000000,148810000000,75317000000,69518000000,39680000000,8.63,-353000000,45.09,35.79
2025-12-28,VZ,4.69,137491005000.0,8.63,None,0.32,24.91,4356000000,None,760000000,760000000,-3915000000,-4670000000,None,None,0,None,None,None,277000000,2817000000,None,37815000000,37815000000,2620000000,None,None,8534000000,None,None,13615000000,4172000000,2.723,0.0675,1306000000,1306000000,None,0.5,0.0,13578000000,27193000000,1.17,2009-09-30,8.45,315000000,81690001000.0,31703000000,11449000000,3210000000,51849000000,51849000000,None,2129000000,None,1522000000,None,None,31869000000,None,None,2887000000,None,None,None,0.239,8981000000,19341000000,12362000000,6358000000,12823000000,None,None,None,None,None,None,None,1.965,1.625,1.241,None,None,None,None,None,0,None,0.144,None,75305000000,2025-10-29,quarterly,1.17,USD,pre-market,None,15905000000,0.0518,0.199,0.015,32.55,21312000000,38257000000,6688000000,2146000000,42.52,40.35,0.0,168130000000,19320000000,26700000000,102017000000,148810000000,75317000000,69518000000,39680000000,8.63,-353000000,45.09,35.79
2025-12-28,VZ,4.69,137491005000.0,8.63,None,0.32,24.91,4387000000,None,760000000,760000000,-6357000000,-4519000000,None,None,0,None,None,None,277000000,2817000000,None,37815000000,37815000000,2620000000,None,None,8534000000,None,None,13615000000,4091000000,2.723,0.0675,1307000000,1307000000,None,0.5,0.0,13578000000,27193000000,1.17,2009-06-30,8.45,315000000,81690001000.0,31703000000,11449000000,3210000000,51849000000,51849000000,None,2129000000,None,1522000000,None,None,31869000000,None,None,3160000000,None,None,None,0.239,7515000000,19341000000,12362000000,6358000000,12823000000,None,None,None,None,None,None,None,1.965,1.625,1.241,None,None,None,None,None,0,None,0.144,None,75305000000,2025-10-29,quarterly,1.17,USD,pre-market,None,15905000000,0.0518,0.199,0.015,32.55,21312000000,38257000000,6688000000,2146000000,42.52,40.35,0.0,168130000000,19320000000,26700000000,102017000000,148810000000,75317000000,69518000000,39680000000,8.63,-353000000,45.09,35.79
2025-12-28,VZ,4.69,137491005000.0,8.63,None,0.32,24.91,3707000000,None,760000000,760000000,-3464000000,-8759000000,None,None,None,None,None,None,277000000,2817000000,None,37815000000,37815000000,2620000000,None,None,8534000000,None,None,13615000000,4028000000,2.723,0.0675,1307000000,1307000000,None,0.5,0.0,13578000000,27193000000,1.17,2009-03-31,8.45,315000000,81690001000.0,31703000000,11449000000,3210000000,51849000000,51849000000,None,2129000000,None,1522000000,None,None,31869000000,None,None,3210000000,None,None,None,0.239,6622000000,19341000000,12362000000,6358000000,12823000000,None,None,None,None,None,None,None,1.965,1.625,1.241,None,None,None,None,None,None,None,0.144,None,75305000000,2025-10-29,quarterly,1.17,USD,pre-market,None,15905000000,0.0518,0.199,0.015,32.55,21312000000,38257000000,6688000000,2146000000,42.52,40.35,0.0,168130000000,19320000000,26700000000,102017000000,148810000000,75317000000,69518000000,39680000000,8.63,-353000000,45.09,35.79
2025-12-28,VZ,4.69,137491005000.0,8.63,None,0.32,24.91,4663000000,None,760000000,760000000,5241000000,-3697000000,None,None,None,None,None,None,277000000,2817000000,None,37815000000,37815000000,2620000000,None,None,8534000000,None,None,13615000000,3747000000,2.723,0.0675,1307000000,1307000000,None,0.5,0.0,13578000000,27193000000,1.17,2008-12-31,8.45,315000000,81690001000.0,31703000000,11449000000,3210000000,51849000000,51849000000,None,2129000000,None,1522000000,None,None,31869000000,None,None,1235000000,None,None,None,0.239,7542000000,19341000000,12362000000,6358000000,12823000000,None,None,None,None,None,None,None,1.965,1.625,1.241,None,None,None,None,None,1000000,None,0.144,None,75305000000,2025-10-29,quarterly,1.17,USD,pre-market,None,15905000000,0.0518,0.199,0.015,32.55,21312000000,38257000000,6688000000,2146000000,42.52,40.35,0.0,168130000000,19320000000,26700000000,102017000000,148810000000,75317000000,69518000000,39680000000,8.63,-353000000,45.09,35.79
2025-12-28,VZ,4.69,137491005000.0,8.63,None,0.32,24.91,4178000000,None,760000000,760000000,-1298000000,-5614000000,None,None,None,None,None,None,277000000,2817000000,None,37815000000,37815000000,2620000000,None,None,8534000000,None,None,13615000000,3652000000,2.723,0.0675,1223000000,1223000000,None,0.5,0.0,13578000000,27193000000,1.17,2008-09-30,8.45,315000000,81690001000.0,31703000000,11449000000,3210000000,51849000000,51849000000,None,2129000000,None,1522000000,None,None,31869000000,None,None,3199000000,None,None,None,0.239,7299000000,19341000000,12362000000,6358000000,12823000000,None,None,None,None,None,None,None,1.965,1.625,1.241,None,None,None,None,None,-252000000,None,0.144,None,75305000000,2025-10-29,quarterly,1.17,USD,pre-market,None,15905000000,0.0518,0.199,0.015,32.55,21312000000,38257000000,6688000000,2146000000,42.52,40.35,0.0,168130000000,19320000000,26700000000,102017000000,148810000000,75317000000,69518000000,39680000000,8.63,-353000000,45.09,35.79
2025-12-28,VZ,4.69,137491005000.0,8.63,None,0.32,24.91,4177000000,None,760000000,760000000,5885000000,-17450000000,None,None,None,None,None,None,277000000,2817000000,None,37815000000,37815000000,2620000000,None,None,8534000000,None,None,13615000000,3584000000,2.723,0.0675,1227000000,1227000000,None,0.5,0.0,13578000000,27193000000,1.17,2008-06-30,8.45,315000000,81690001000.0,31703000000,11449000000,3210000000,51849000000,51849000000,None,2129000000,None,1522000000,None,None,31869000000,None,None,3404000000,None,None,None,0.239,7245000000,19341000000,12362000000,6358000000,12823000000,None,None,None,None,None,None,None,1.965,1.625,1.241,None,None,None,None,None,-116000000,None,0.144,None,75305000000,2025-10-29,quarterly,1.17,USD,pre-market,None,15905000000,0.0518,0.199,0.015,32.55,21312000000,38257000000,6688000000,2146000000,42.52,40.35,0.0,168130000000,19320000000,26700000000,102017000000,148810000000,75317000000,69518000000,39680000000,8.63,-353000000,45.09,35.79
2025-12-28,VZ,4.69,137491005000.0,8.63,None,0.32,24.91,4220000000,None,760000000,760000000,3760000000,-4818000000,None,None,None,None,None,None,277000000,2817000000,None,37815000000,37815000000,2620000000,None,None,8534000000,None,None,13615000000,3582000000,2.723,0.0675,1237000000,1237000000,None,0.5,0.0,13578000000,27193000000,1.17,2008-03-31,8.45,315000000,81690001000.0,31703000000,11449000000,3210000000,51849000000,51849000000,None,2129000000,None,1522000000,None,None,31869000000,None,None,3049000000,None,None,None,0.239,5390000000,19341000000,12362000000,6358000000,12823000000,None,None,None,None,None,None,None,1.965,1.625,1.241,None,None,None,None,None,-1001000000,None,0.144,None,75305000000,2025-10-29,quarterly,1.17,USD,pre-market,None,15905000000,0.0518,0.199,0.015,32.55,21312000000,38257000000,6688000000,2146000000,42.52,40.35,0.0,168130000000,19320000000,26700000000,102017000000,148810000000,75317000000,69518000000,39680000000,8.63,-353000000,45.09,35.79
2025-12-28,VZ,4.69,137491005000.0,8.63,None,0.32,24.91,4746000000,None,760000000,760000000,-2228000000,-5624000000,None,None,None,None,None,None,277000000,2817000000,None,37815000000,37815000000,2620000000,None,None,8534000000,None,None,13615000000,3666000000,2.723,0.0675,1244000000,1244000000,None,0.5,0.0,13578000000,27193000000,1.17,2007-12-31,8.45,315000000,81690001000.0,31703000000,11449000000,3210000000,51849000000,51849000000,None,2129000000,None,1522000000,None,None,31869000000,None,None,1203000000,None,None,None,0.239,8290000000,19341000000,12362000000,6358000000,12823000000,None,None,None,None,None,None,None,1.965,1.625,1.241,None,None,None,None,None,-1109000000,None,0.144,None,75305000000,2025-10-29,quarterly,1.17,USD,pre-market,None,15905000000,0.0518,0.199,0.015,32.55,21312000000,38257000000,6688000000,2146000000,42.52,40.35,0.0,168130000000,19320000000,26700000000,102017000000,148810000000,75317000000,69518000000,39680000000,8.63,-353000000,45.09,35.79
2025-12-28,VZ,4.69,137491005000.0,8.63,None,0.32,24.91,4277000000,None,760000000,760000000,-2791000000,-3607000000,None,None,None,None,None,None,277000000,2817000000,None,37815000000,37815000000,2620000000,None,None,8534000000,None,None,13615000000,3605000000,2.723,0.0675,1186000000,1186000000,None,0.5,0.0,13578000000,27193000000,1.17,2007-09-30,8.45,315000000,81690001000.0,31703000000,11449000000,3210000000,51849000000,51849000000,None,2129000000,None,1522000000,None,None,31869000000,None,None,1271000000,None,None,None,0.239,6457000000,19341000000,12362000000,6358000000,12823000000,None,None,None,None,None,None,None,1.965,1.625,1.241,None,None,None,None,None,-782000000,None,0.144,None,75305000000,2025-10-29,quarterly,1.17,USD,pre-market,None,15905000000,0.0518,0.199,0.015,32.55,21312000000,38257000000,6688000000,2146000000,42.52,40.35,0.0,168130000000,19320000000,26700000000,102017000000,148810000000,75317000000,69518000000,39680000000,8.63,-353000000,45.09,35.79
2025-12-28,VZ,4.69,137491005000.0,8.63,None,0.32,24.91,4352000000,None,760000000,760000000,-3430000000,-3690000000,None,None,None,None,None,None,277000000,2817000000,None,37815000000,37815000000,2620000000,None,None,8534000000,None,None,13615000000,3573000000,2.723,0.0675,1164000000,1164000000,None,0.5,0.0,13578000000,27193000000,1.17,2007-06-30,8.45,315000000,81690001000.0,31703000000,11449000000,3210000000,51849000000,51849000000,None,2129000000,None,1522000000,None,None,31869000000,None,None,1683000000,None,None,None,0.239,6475000000,19341000000,12362000000,6358000000,12823000000,None,None,None,None,None,None,None,1.965,1.625,1.241,None,None,None,None,None,-525000000,None,0.144,None,75305000000,2025-10-29,quarterly,1.17,USD,pre-market,None,15905000000,0.0518,0.199,0.015,32.55,21312000000,38257000000,6688000000,2146000000,42.52,40.35,0.0,168130000000,19320000000,26700000000,102017000000,148810000000,75317000000,69518000000,39680000000,8.63,-353000000,45.09,35.79
2025-12-28,VZ,4.69,137491005000.0,8.63,None,0.32,24.91,4163000000,None,760000000,760000000,-3248000000,-3187000000,None,None,None,None,None,None,277000000,2817000000,None,37815000000,37815000000,2620000000,None,None,8534000000,None,None,13615000000,3533000000,2.723,0.0675,1179000000,1179000000,None,0.5,0.0,13578000000,27193000000,1.17,2007-03-31,8.45,315000000,81690001000.0,31703000000,11449000000,3210000000,51849000000,51849000000,None,2129000000,None,1522000000,None,None,31869000000,None,None,1495000000,None,None,None,0.239,4517000000,19341000000,12362000000,6358000000,12823000000,None,None,None,None,None,None,None,1.965,1.625,1.241,None,None,None,None,None,-427000000,None,0.144,None,75305000000,2025-10-29,quarterly,1.17,USD,pre-market,None,15905000000,0.0518,0.199,0.015,32.55,21312000000,38257000000,6688000000,2146000000,42.52,40.35,0.0,168130000000,19320000000,26700000000,102017000000,148810000000,75317000000,69518000000,39680000000,8.63,-353000000,45.09,35.79
2025-12-28,VZ,4.69,137491005000.0,8.63,None,0.32,24.91,4783000000,None,760000000,760000000,1828000000,-6294000000,None,None,8000000,None,None,None,277000000,2817000000,None,37815000000,37815000000,2620000000,None,None,8534000000,None,None,13615000000,3598000000,2.723,0.0675,1182000000,1182000000,None,0.5,0.0,13578000000,27193000000,1.17,2006-12-31,8.45,315000000,81690001000.0,31703000000,11449000000,3210000000,51849000000,51849000000,None,2129000000,None,1522000000,None,None,31869000000,None,None,1032000000,None,None,None,0.239,5855000000,19341000000,12362000000,6358000000,12823000000,None,None,None,None,None,None,None,1.965,1.625,1.241,None,None,None,None,None,-352000000,None,0.144,None,75305000000,2025-10-29,quarterly,1.17,USD,pre-market,None,15905000000,0.0518,0.199,0.015,32.55,21312000000,38257000000,6688000000,2146000000,42.52,40.35,0.0,168130000000,19320000000,26700000000,102017000000,148810000000,75317000000,69518000000,39680000000,8.63,-353000000,45.09,35.79
2025-12-28,VZ,4.69,137491005000.0,8.63,None,0.32,24.91,4007000000,None,760000000,760000000,-2218000000,-3836000000,None,None,None,None,None,None,277000000,2817000000,None,37815000000,37815000000,2620000000,None,None,8534000000,None,None,13615000000,3628000000,2.723,0.0675,1172000000,1172000000,None,0.5,0.0,13578000000,27193000000,1.17,2006-09-30,8.45,315000000,81690001000.0,31703000000,11449000000,3210000000,51849000000,51849000000,None,2129000000,None,1522000000,None,None,31869000000,None,None,1922000000,None,None,None,0.239,6714000000,19341000000,12362000000,6358000000,12823000000,None,None,None,None,None,None,None,1.965,1.625,1.241,None,None,None,None,None,-339000000,None,0.144,None,75305000000,2025-10-29,quarterly,1.17,USD,pre-market,None,15905000000,0.0518,0.199,0.015,32.55,21312000000,38257000000,6688000000,2146000000,42.52,40.35,0.0,168130000000,19320000000,26700000000,102017000000,148810000000,75317000000,69518000000,39680000000,8.63,-353000000,45.09,35.79
2025-12-28,VZ,4.69,137491005000.0,8.63,None,0.32,24.91,4245000000,None,760000000,760000000,-1811000000,-3738000000,None,None,None,None,None,None,277000000,2817000000,None,37815000000,37815000000,2620000000,None,None,8534000000,None,None,13615000000,3652000000,2.723,0.0675,1180000000,1180000000,None,0.5,0.0,13578000000,27193000000,1.17,2006-06-30,8.45,315000000,81690001000.0,31703000000,11449000000,3210000000,51849000000,51849000000,None,2129000000,None,1522000000,None,None,31869000000,None,None,1611000000,None,None,None,0.239,5471000000,19341000000,12362000000,6358000000,12823000000,None,None,None,None,None,None,None,1.965,1.625,1.241,None,None,None,None,None,-611000000,None,0.144,None,75305000000,2025-10-29,quarterly,1.17,USD,pre-market,None,15905000000,0.0518,0.199,0.015,32.55,21312000000,38257000000,6688000000,2146000000,42.52,40.35,0.0,168130000000,19320000000,26700000000,102017000000,148810000000,75317000000,69518000000,39680000000,8.63,-353000000,45.09,35.79
2025-12-28,VZ,4.69,137491005000.0,8.63,None,0.32,24.91,4066000000,None,760000000,760000000,-3830000000,-1748000000,None,None,None,None,None,None,277000000,2817000000,None,37815000000,37815000000,2620000000,None,None,8534000000,None,None,13615000000,3667000000,2.723,0.0675,1185000000,1185000000,None,0.5,0.0,13578000000,27193000000,1.17,2006-03-31,8.45,315000000,81690001000.0,31703000000,11449000000,3210000000,51849000000,51849000000,None,2129000000,None,1522000000,None,None,31869000000,None,None,1632000000,None,None,None,0.239,6066000000,19341000000,12362000000,6358000000,12823000000,None,None,None,None,None,None,None,1.965,1.625,1.241,None,None,None,None,None,-398000000,None,0.144,None,75305000000,2025-10-29,quarterly,1.17,USD,pre-market,None,15905000000,0.0518,0.199,0.015,32.55,21312000000,38257000000,6688000000,2146000000,42.52,40.35,0.0,168130000000,19320000000,26700000000,102017000000,148810000000,75317000000,69518000000,39680000000,8.63,-353000000,45.09,35.79
2025-12-28,VZ,4.69,137491005000.0,8.63,None,0.32,24.91,3772000000,None,760000000,760000000,-1710000000,-4867000000,None,None,None,None,None,None,277000000,2817000000,None,37815000000,37815000000,2620000000,None,None,8534000000,None,None,13615000000,3573000000,2.723,0.0675,1119000000,1119000000,None,0.5,0.0,13578000000,27193000000,1.17,2005-12-31,8.45,315000000,81690001000.0,31703000000,11449000000,3210000000,51849000000,51849000000,None,2129000000,None,1522000000,None,None,31869000000,None,None,1658000000,None,None,None,0.239,6737000000,19341000000,12362000000,6358000000,12823000000,None,None,None,None,None,None,None,1.965,1.625,1.241,None,None,None,None,None,-50000000,None,0.144,None,75305000000,2025-10-29,quarterly,1.17,USD,pre-market,None,15905000000,0.0518,0.199,0.015,32.55,21312000000,38257000000,6688000000,2146000000,42.52,40.35,0.0,168130000000,19320000000,26700000000,102017000000,148810000000,75317000000,69518000000,39680000000,8.63,-353000000,45.09,35.79
2025-12-28,VZ,4.69,137491005000.0,8.63,None,0.32,24.91,3897000000,None,760000000,760000000,-3449000000,-2703000000,None,None,None,None,None,None,277000000,2817000000,None,37815000000,37815000000,2620000000,None,None,8534000000,None,None,13615000000,3688000000,2.723,0.0675,1120000000,1120000000,None,0.5,0.0,13578000000,27193000000,1.17,2005-09-30,8.45,315000000,81690001000.0,31703000000,11449000000,3210000000,51849000000,51849000000,None,2129000000,None,1522000000,None,None,31869000000,None,None,1869000000,None,None,None,0.239,5363000000,19341000000,12362000000,6358000000,12823000000,None,None,None,None,None,None,None,1.965,1.625,1.241,None,None,None,None,None,-27000000,None,0.144,None,75305000000,2025-10-29,quarterly,1.17,USD,pre-market,None,15905000000,0.0518,0.199,0.015,32.55,21312000000,38257000000,6688000000,2146000000,42.52,40.35,0.0,168130000000,19320000000,26700000000,102017000000,148810000000,75317000000,69518000000,39680000000,8.63,-353000000,45.09,35.79
2025-12-28,VZ,4.69,137491005000.0,8.63,None,0.32,24.91,17990000000,None,760000000,760000000,-17100000000,-18674000000,None,None,-196000000,None,None,None,277000000,2817000000,None,37815000000,37815000000,2620000000,None,None,8534000000,None,None,13615000000,17892000000,2.723,0.0675,11249000000,11249000000,None,0.5,0.0,13578000000,27193000000,1.17,2024-12-31,8.45,315000000,81690001000.0,31703000000,11449000000,3210000000,51849000000,51849000000,None,2129000000,None,1522000000,None,None,31869000000,None,None,17949000000,None,None,None,0.239,36912000000,19341000000,12362000000,6358000000,12823000000,None,None,None,None,None,None,None,1.965,1.625,1.241,None,None,None,None,None,None,None,0.144,None,75305000000,2025-10-29,annual,1.17,USD,pre-market,None,15905000000,0.0518,0.199,0.015,32.55,21312000000,38257000000,6688000000,2146000000,42.52,40.35,0.0,168130000000,19320000000,26700000000,102017000000,148810000000,75317000000,69518000000,39680000000,8.63,-353000000,45.09,35.79
2025-12-28,VZ,4.69,137491005000.0,8.63,None,0.32,24.91,18767000000,None,760000000,760000000,-14657000000,-23432000000,None,None,287000000,None,None,None,277000000,2817000000,None,37815000000,37815000000,2620000000,None,None,8534000000,None,None,13615000000,17624000000,2.723,0.0675,11025000000,11025000000,None,0.5,0.0,13578000000,27193000000,1.17,2023-12-31,8.45,315000000,81690001000.0,31703000000,11449000000,3210000000,51849000000,51849000000,None,2129000000,None,1522000000,None,None,31869000000,None,None,12095000000,None,None,None,0.239,37475000000,19341000000,12362000000,6358000000,12823000000,None,None,None,None,None,None,None,1.965,1.625,1.241,None,None,None,None,None,None,None,0.144,None,75305000000,2025-10-29,annual,1.17,USD,pre-market,None,15905000000,0.0518,0.199,0.015,32.55,21312000000,38257000000,6688000000,2146000000,42.52,40.35,0.0,168130000000,19320000000,26700000000,102017000000,148810000000,75317000000,69518000000,39680000000,8.63,-353000000,45.09,35.79
2025-12-28,VZ,4.69,137491005000.0,8.63,None,0.32,24.91,26740000000,None,760000000,760000000,-8529000000,-28662000000,-50000000,None,627000000,None,None,-1978000000,277000000,2817000000,None,37815000000,37815000000,2620000000,None,None,8534000000,None,None,13615000000,17099000000,2.723,0.0675,10805000000,10805000000,None,0.5,0.0,13578000000,27193000000,1.17,2022-12-31,8.45,315000000,81690001000.0,31703000000,11449000000,3210000000,51849000000,51849000000,None,2129000000,None,1522000000,None,None,31869000000,None,None,21748000000,None,None,None,0.239,37141000000,19341000000,12362000000,6358000000,12823000000,None,None,None,None,None,None,None,1.965,1.625,1.241,None,None,None,None,None,None,None,0.144,None,75305000000,2025-10-29,annual,1.17,USD,pre-market,None,15905000000,0.0518,0.199,0.015,32.55,21312000000,38257000000,6688000000,2146000000,42.52,40.35,0.0,168130000000,19320000000,26700000000,102017000000,148810000000,75317000000,69518000000,39680000000,8.63,-353000000,45.09,35.79
2025-12-28,VZ,4.69,137491005000.0,8.63,None,0.32,24.91,20286000000,None,760000000,760000000,8277000000,-67153000000,-19337000000,None,-905000000,None,None,-1592000000,277000000,2817000000,None,37815000000,37815000000,2620000000,None,None,8534000000,None,None,13615000000,16206000000,2.723,0.0675,10445000000,10445000000,None,0.5,0.0,13578000000,27193000000,1.17,2021-12-31,8.45,315000000,81690001000.0,31703000000,11449000000,3210000000,51849000000,51849000000,None,2129000000,None,1522000000,None,None,31869000000,None,None,22618000000,None,None,None,0.239,39539000000,19341000000,12362000000,6358000000,12823000000,None,None,None,None,None,None,None,1.965,1.625,1.241,None,None,None,None,None,None,None,0.144,None,75305000000,2025-10-29,annual,1.17,USD,pre-market,None,15905000000,0.0518,0.199,0.015,32.55,21312000000,38257000000,6688000000,2146000000,42.52,40.35,0.0,168130000000,19320000000,26700000000,102017000000,148810000000,75317000000,69518000000,39680000000,8.63,-353000000,45.09,35.79
2025-12-28,VZ,4.69,137491005000.0,8.63,None,0.32,24.91,20318000000,None,760000000,760000000,1325000000,-23512000000,19581000000,None,-369000000,None,None,189000000,277000000,2817000000,None,37815000000,37815000000,2620000000,None,None,8534000000,None,None,13615000000,16720000000,2.723,0.0675,10232000000,10232000000,None,0.5,0.0,13578000000,27193000000,1.17,2020-12-31,8.45,315000000,81690001000.0,31703000000,11449000000,3210000000,51849000000,51849000000,None,2129000000,None,1522000000,None,None,31869000000,None,None,18348000000,None,None,None,0.239,41768000000,19341000000,12362000000,6358000000,12823000000,None,None,None,None,None,None,None,1.965,1.625,1.241,None,None,None,None,None,None,None,0.144,None,75305000000,2025-10-29,annual,1.17,USD,pre-market,None,15905000000,0.0518,0.199,0.015,32.55,21312000000,38257000000,6688000000,2146000000,42.52,40.35,0.0,168130000000,19320000000,26700000000,102017000000,148810000000,75317000000,69518000000,39680000000,8.63,-353000000,45.09,35.79
2025-12-28,VZ,4.69,137491005000.0,8.63,None,0.32,24.91,18837000000,None,760000000,760000000,-18164000000,-17581000000,1000000,None,-76000000,None,None,-1471000000,277000000,2817000000,None,37815000000,37815000000,2620000000,None,None,8534000000,None,None,13615000000,16682000000,2.723,0.0675,10016000000,10016000000,None,0.5,0.0,13578000000,27193000000,1.17,2019-12-31,8.45,315000000,81690001000.0,31703000000,11449000000,3210000000,51849000000,51849000000,None,2129000000,None,1522000000,None,None,31869000000,None,None,19788000000,None,None,None,0.239,35746000000,19341000000,12362000000,6358000000,12823000000,None,None,None,None,None,None,None,1.965,1.625,1.241,None,None,None,None,None,None,None,0.144,None,75305000000,2025-10-29,annual,1.17,USD,pre-market,None,15905000000,0.0518,0.199,0.015,32.55,21312000000,38257000000,6688000000,2146000000,42.52,40.35,0.0,168130000000,19320000000,26700000000,102017000000,148810000000,75317000000,69518000000,39680000000,8.63,-353000000,45.09,35.79
2025-12-28,VZ,4.69,137491005000.0,8.63,None,0.32,24.91,18087000000,None,760000000,760000000,-15377000000,-17934000000,1028000000,None,-324000000,None,None,-2667000000,277000000,2817000000,None,37815000000,37815000000,2620000000,None,None,8534000000,None,None,13615000000,17403000000,2.723,0.0675,9772000000,9772000000,None,0.5,0.0,13578000000,27193000000,1.17,2018-12-31,8.45,315000000,81690001000.0,31703000000,11449000000,3210000000,51849000000,51849000000,None,2129000000,None,1522000000,None,None,31869000000,None,None,16039000000,None,None,None,0.239,34339000000,19341000000,12362000000,6358000000,12823000000,None,None,None,None,None,None,None,1.965,1.625,1.241,None,None,None,None,None,None,None,0.144,None,75305000000,2025-10-29,annual,1.17,USD,pre-market,None,15905000000,0.0518,0.199,0.015,32.55,21312000000,38257000000,6688000000,2146000000,42.52,40.35,0.0,168130000000,19320000000,26700000000,102017000000,148810000000,75317000000,69518000000,39680000000,8.63,-353000000,45.09,35.79
2025-12-28,VZ,4.69,137491005000.0,8.63,None,0.32,24.91,17830000000,None,760000000,760000000,-6151000000,-18456000000,-801000000,None,168000000,None,None,-5436000000,277000000,2817000000,None,37815000000,37815000000,2620000000,None,None,8534000000,None,None,13615000000,16954000000,2.723,0.0675,9472000000,9472000000,None,0.5,0.0,13578000000,27193000000,1.17,2017-12-31,8.45,315000000,81690001000.0,31703000000,11449000000,3210000000,51849000000,51849000000,None,2129000000,None,1522000000,None,None,31869000000,None,None,30550000000,None,None,None,0.239,24318000000,19341000000,12362000000,6358000000,12823000000,None,None,None,None,None,None,None,1.965,1.625,1.241,None,None,None,None,None,0,None,0.144,None,75305000000,2025-10-29,annual,1.17,USD,pre-market,None,15905000000,0.0518,0.199,0.015,32.55,21312000000,38257000000,6688000000,2146000000,42.52,40.35,0.0,168130000000,19320000000,26700000000,102017000000,148810000000,75317000000,69518000000,39680000000,8.63,-353000000,45.09,35.79
2025-12-28,VZ,4.69,137491005000.0,8.63,None,0.32,24.91,17593000000,None,760000000,760000000,-13322000000,-10983000000,-1590000000,None,61000000,None,None,-5067000000,277000000,2817000000,None,37815000000,37815000000,2620000000,None,None,8534000000,None,None,13615000000,15928000000,2.723,0.0675,9262000000,9262000000,None,0.5,0.0,13578000000,27193000000,1.17,2016-12-31,8.45,315000000,81690001000.0,31703000000,11449000000,3210000000,51849000000,51849000000,None,2129000000,None,1522000000,None,None,31869000000,None,None,13608000000,None,None,None,0.239,21689000000,19341000000,12362000000,6358000000,12823000000,None,None,None,None,None,None,None,1.965,1.625,1.241,None,None,None,None,None,17950000000,None,0.144,None,75305000000,2025-10-29,annual,1.17,USD,pre-market,None,15905000000,0.0518,0.199,0.015,32.55,21312000000,38257000000,6688000000,2146000000,42.52,40.35,0.0,168130000000,19320000000,26700000000,102017000000,148810000000,75317000000,69518000000,39680000000,8.63,-353000000,45.09,35.79
2025-12-28,VZ,4.69,137491005000.0,8.63,None,0.32,24.91,17775000000,None,760000000,760000000,-15112000000,-30043000000,-6128000000,None,-99000000,None,None,-945000000,277000000,2817000000,None,37815000000,37815000000,2620000000,None,None,8534000000,None,None,13615000000,16017000000,2.723,0.0675,8538000000,8538000000,None,0.5,0.0,13578000000,27193000000,1.17,2015-12-31,8.45,315000000,81690001000.0,31703000000,11449000000,3210000000,51849000000,51849000000,None,2129000000,None,1522000000,None,None,31869000000,None,None,17879000000,None,None,None,0.239,39027000000,19341000000,12362000000,6358000000,12823000000,None,None,None,None,None,None,None,1.965,1.625,1.241,None,None,None,None,None,-5134000000,None,0.144,None,75305000000,2025-10-29,annual,1.17,USD,pre-market,None,15905000000,0.0518,0.199,0.015,32.55,21312000000,38257000000,6688000000,2146000000,42.52,40.35,0.0,168130000000,19320000000,26700000000,102017000000,148810000000,75317000000,69518000000,39680000000,8.63,-353000000,45.09,35.79
2025-12-28,VZ,4.69,137491005000.0,8.63,None,0.32,24.91,17545000000,None,760000000,760000000,-57705000000,-15856000000,-42930000000,None,-132000000,None,None,-2745000000,277000000,2817000000,None,37815000000,37815000000,2620000000,None,None,8534000000,None,None,13615000000,16533000000,2.723,0.0675,7803000000,7803000000,None,0.5,0.0,13578000000,27193000000,1.17,2014-12-31,8.45,315000000,81690001000.0,31703000000,11449000000,3210000000,51849000000,51849000000,None,2129000000,None,1522000000,None,None,31869000000,None,None,11956000000,None,None,None,0.239,30631000000,19341000000,12362000000,6358000000,12823000000,None,None,None,None,None,None,None,1.965,1.625,1.241,None,None,None,None,None,30967000000,None,0.144,None,75305000000,2025-10-29,annual,1.17,USD,pre-market,None,15905000000,0.0518,0.199,0.015,32.55,21312000000,38257000000,6688000000,2146000000,42.52,40.35,0.0,168130000000,19320000000,26700000000,102017000000,148810000000,75317000000,69518000000,39680000000,8.63,-353000000,45.09,35.79
2025-12-28,VZ,4.69,137491005000.0,8.63,None,0.32,24.91,17184000000,None,760000000,760000000,26450000000,-14833000000,50435000000,None,56000000,None,None,-843000000,277000000,2817000000,None,37815000000,37815000000,2620000000,None,None,8534000000,None,None,13615000000,16606000000,2.723,0.0675,5936000000,5936000000,None,0.5,0.0,13578000000,27193000000,1.17,2013-12-31,8.45,315000000,81690001000.0,31703000000,11449000000,3210000000,51849000000,51849000000,None,2129000000,None,1522000000,None,None,31869000000,None,None,23547000000,None,None,None,0.239,38818000000,19341000000,12362000000,6358000000,12823000000,None,None,None,None,None,None,None,1.965,1.625,1.241,None,None,None,None,None,-153000000,None,0.144,None,75305000000,2025-10-29,annual,1.17,USD,pre-market,None,15905000000,0.0518,0.199,0.015,32.55,21312000000,38257000000,6688000000,2146000000,42.52,40.35,0.0,168130000000,19320000000,26700000000,102017000000,148810000000,75317000000,69518000000,39680000000,8.63,-353000000,45.09,35.79
2025-12-28,VZ,4.69,137491005000.0,8.63,None,0.32,24.91,20110000000,None,760000000,760000000,-21253000000,-20502000000,-10269000000,None,-136000000,None,None,-1717000000,277000000,2817000000,None,37815000000,37815000000,2620000000,None,None,8534000000,None,None,13615000000,16460000000,2.723,0.0675,5230000000,5230000000,None,0.5,0.0,13578000000,27193000000,1.17,2012-12-31,8.45,315000000,81690001000.0,31703000000,11449000000,3210000000,51849000000,51849000000,None,2129000000,None,1522000000,None,None,31869000000,None,None,10557000000,None,None,None,0.239,31486000000,19341000000,12362000000,6358000000,12823000000,None,None,None,None,None,None,None,1.965,1.625,1.241,None,None,None,None,None,3052000000,None,0.144,None,75305000000,2025-10-29,annual,1.17,USD,pre-market,None,15905000000,0.0518,0.199,0.015,32.55,21312000000,38257000000,6688000000,2146000000,42.52,40.35,0.0,168130000000,19320000000,26700000000,102017000000,148810000000,75317000000,69518000000,39680000000,8.63,-353000000,45.09,35.79
2025-12-28,VZ,4.69,137491005000.0,8.63,None,0.32,24.91,16244000000,None,760000000,760000000,-5836000000,-17250000000,None,None,208000000,None,None,None,277000000,2817000000,None,37815000000,37815000000,2620000000,None,None,8534000000,None,None,13615000000,16496000000,2.723,0.0675,5555000000,5555000000,None,0.5,0.0,13578000000,27193000000,1.17,2011-12-31,8.45,315000000,81690001000.0,31703000000,11449000000,3210000000,51849000000,51849000000,None,2129000000,None,1522000000,None,None,31869000000,None,None,10198000000,None,None,None,0.239,29780000000,19341000000,12362000000,6358000000,12823000000,None,None,None,None,None,None,None,1.965,1.625,1.241,None,None,None,None,None,12988000000,None,0.144,None,75305000000,2025-10-29,annual,1.17,USD,pre-market,None,15905000000,0.0518,0.199,0.015,32.55,21312000000,38257000000,6688000000,2146000000,42.52,40.35,0.0,168130000000,19320000000,26700000000,102017000000,148810000000,75317000000,69518000000,39680000000,8.63,-353000000,45.09,35.79
2025-12-28,VZ,4.69,137491005000.0,8.63,None,0.32,24.91,16458000000,None,760000000,760000000,-13650000000,-15054000000,4659000000,None,299000000,None,None,None,277000000,2817000000,None,37815000000,37815000000,2620000000,None,None,8534000000,None,None,13615000000,16405000000,2.723,0.0675,5412000000,5412000000,None,0.5,0.0,13578000000,27193000000,1.17,2010-12-31,8.45,315000000,81690001000.0,31703000000,11449000000,3210000000,51849000000,51849000000,None,2129000000,None,1522000000,None,None,31869000000,None,None,10217000000,None,None,None,0.239,33363000000,19341000000,12362000000,6358000000,12823000000,None,None,None,None,None,None,None,1.965,1.625,1.241,None,None,None,None,None,0,None,0.144,None,75305000000,2025-10-29,annual,1.17,USD,pre-market,None,15905000000,0.0518,0.199,0.015,32.55,21312000000,38257000000,6688000000,2146000000,42.52,40.35,0.0,168130000000,19320000000,26700000000,102017000000,148810000000,75317000000,69518000000,39680000000,8.63,-353000000,45.09,35.79
2025-12-28,VZ,4.69,137491005000.0,8.63,None,0.32,24.91,17047000000,None,760000000,760000000,-16007000000,-23331000000,None,None,235000000,None,None,None,277000000,2817000000,None,37815000000,37815000000,2620000000,None,None,8534000000,None,None,13615000000,16534000000,2.723,0.0675,5271000000,5271000000,None,0.5,0.0,13578000000,27193000000,1.17,2009-12-31,8.45,315000000,81690001000.0,31703000000,11449000000,3210000000,51849000000,51849000000,None,2129000000,None,1522000000,None,None,31869000000,None,None,11601000000,None,None,None,0.239,31390000000,19341000000,12362000000,6358000000,12823000000,None,None,None,None,None,None,None,1.965,1.625,1.241,None,None,None,None,None,0,None,0.144,None,75305000000,2025-10-29,annual,1.17,USD,pre-market,None,15905000000,0.0518,0.199,0.015,32.55,21312000000,38257000000,6688000000,2146000000,42.52,40.35,0.0,168130000000,19320000000,26700000000,102017000000,148810000000,75317000000,69518000000,39680000000,8.63,-353000000,45.09,35.79
2025-12-28,VZ,4.69,137491005000.0,8.63,None,0.32,24.91,17238000000,None,760000000,760000000,13588000000,-31579000000,None,None,-188000000,None,None,None,277000000,2817000000,None,37815000000,37815000000,2620000000,None,None,8534000000,None,None,13615000000,14610000000,2.723,0.0675,4994000000,4994000000,None,0.5,0.0,13578000000,27193000000,1.17,2008-12-31,8.45,315000000,81690001000.0,31703000000,11449000000,3210000000,51849000000,51849000000,None,2129000000,None,1522000000,None,None,31869000000,None,None,3962000000,None,None,None,0.239,27452000000,19341000000,12362000000,6358000000,12823000000,None,None,None,None,None,None,None,1.965,1.625,1.241,None,None,None,None,None,-1368000000,None,0.144,None,75305000000,2025-10-29,annual,1.17,USD,pre-market,None,15905000000,0.0518,0.199,0.015,32.55,21312000000,38257000000,6688000000,2146000000,42.52,40.35,0.0,168130000000,19320000000,26700000000,102017000000,148810000000,75317000000,69518000000,39680000000,8.63,-353000000,45.09,35.79
2025-12-28,VZ,4.69,137491005000.0,8.63,None,0.32,24.91,17538000000,None,760000000,760000000,-11697000000,-16108000000,None,None,-255000000,None,None,None,277000000,2817000000,None,37815000000,37815000000,2620000000,None,None,8534000000,None,None,13615000000,14377000000,2.723,0.0675,4773000000,4773000000,None,0.5,0.0,13578000000,27193000000,1.17,2007-12-31,8.45,315000000,81690001000.0,31703000000,11449000000,3210000000,51849000000,51849000000,None,2129000000,None,1522000000,None,None,31869000000,None,None,10705000000,None,None,None,0.239,26839000000,19341000000,12362000000,6358000000,12823000000,None,None,None,None,None,None,None,1.965,1.625,1.241,None,None,None,None,None,-2843000000,None,0.144,None,75305000000,2025-10-29,annual,1.17,USD,pre-market,None,15905000000,0.0518,0.199,0.015,32.55,21312000000,38257000000,6688000000,2146000000,42.52,40.35,0.0,168130000000,19320000000,26700000000,102017000000,148810000000,75317000000,69518000000,39680000000,8.63,-353000000,45.09,35.79
2025-12-28,VZ,4.69,137491005000.0,8.63,None,0.32,24.91,17101000000,None,760000000,760000000,-6031000000,-15616000000,None,None,8000000,None,None,None,277000000,2817000000,None,37815000000,37815000000,2620000000,None,None,8534000000,None,None,13615000000,14545000000,2.723,0.0675,4719000000,4719000000,None,0.5,0.0,13578000000,27193000000,1.17,2006-12-31,8.45,315000000,81690001000.0,31703000000,11449000000,3210000000,51849000000,51849000000,None,2129000000,None,1522000000,None,None,31869000000,None,None,6197000000,None,None,None,0.239,24106000000,19341000000,12362000000,6358000000,12823000000,None,None,None,None,None,None,None,1.965,1.625,1.241,None,None,None,None,None,-1700000000,None,0.144,None,75305000000,2025-10-29,annual,1.17,USD,pre-market,None,15905000000,0.0518,0.199,0.015,32.55,21312000000,38257000000,6688000000,2146000000,42.52,40.35,0.0,168130000000,19320000000,26700000000,102017000000,148810000000,75317000000,69518000000,39680000000,8.63,-353000000,45.09,35.79
2025-12-28,VZ,4.69,137491005000.0,8.63,None,0.32,24.91,15324000000,None,760000000,760000000,-5034000000,-18492000000,None,None,-236000000,None,None,None,277000000,2817000000,None,37815000000,37815000000,2620000000,None,None,8534000000,None,None,13615000000,13615000000,2.723,0.0675,4427000000,4427000000,None,0.5,0.0,13578000000,27193000000,1.17,2005-12-31,8.45,315000000,81690001000.0,31703000000,11449000000,3210000000,51849000000,51849000000,None,2129000000,None,1522000000,None,None,31869000000,None,None,7397000000,None,None,None,0.239,22025000000,19341000000,12362000000,6358000000,12823000000,None,None,None,None,None,None,None,1.965,1.625,1.241,None,None,None,None,None,-271000000,None,0.144,None,75305000000,2025-10-29,annual,1.17,USD,pre-market,None,15905000000,0.0518,0.199,0.015,32.55,21312000000,38257000000,6688000000,2146000000,42.52,40.35,0.0,168130000000,19320000000,26700000000,102017000000,148810000000,75317000000,69518000000,39680000000,8.63,-353000000,45.09,35.79
