date,symbol,eps,revenue_ttm,pe_ratio,accumulateddepreciationamortizationppe,beta,book_value,capitalexpenditures,capitalleaseobligations,cashandcashequivalentsatcarryingvalue,cashandshortterminvestments,cashflowfromfinancing,cashflowfrominvestment,changeincashandcashequivalents,changeinexchangerate,changeininventory,changeinoperatingassets,changeinoperatingliabilities,changeinreceivables,commonstock,commonstocksharesoutstanding,comprehensiveincomenetoftax,costofgoodsandservicessold,costofrevenue,currentaccountspayable,currentdebt,currentlongtermdebt,currentnetreceivables,deferredrevenue,depreciation,depreciationandamortization,depreciationdepletionandamortization,dividend_per_share,dividend_yield,dividendpayout,dividendpayoutcommonstock,dividendpayoutpreferredstock,earnings_growth_yoy,earnings_surprise,ebit,ebitda,estimated_eps,fiscaldateending,forward_pe,goodwill,gross_profit_ttm,grossprofit,incomebeforetax,incometaxexpense,intangibleassets,intangibleassetsexcludinggoodwill,interestanddebtexpense,interestexpense,interestincome,inventory,investmentincomenet,investments,longtermdebt,longtermdebtnoncurrent,longterminvestments,netincome,netincomefromcontinuingoperations,netinterestincome,noninterestincome,operating_margin_ttm,operatingcashflow,operatingexpenses,operatingincome,othercurrentassets,othercurrentliabilities,othernoncurrentassets,othernoncurrentliabilities,othernonoperatingincome,paymentsforoperatingactivities,paymentsforrepurchaseofcommonstock,paymentsforrepurchaseofequity,paymentsforrepurchaseofpreferredstock,peg_ratio,price_to_book,price_to_sales_ttm,proceedsfromissuanceofcommonstock,proceedsfromissuanceoflongtermdebtandcapitalsecuritiesnet,proceedsfromissuanceofpreferredstock,proceedsfromoperatingactivities,proceedsfromrepaymentsofshorttermdebt,proceedsfromrepurchaseofequity,proceedsfromsaleoftreasurystock,profit_margin,profitloss,propertyplantequipment,report_date,report_type,reported_eps,reportedcurrency,reporttime,researchanddevelopment,retainedearnings,return_on_assets_ttm,return_on_equity_ttm,revenue_growth_yoy,revenue_per_share_ttm,sellinggeneralandadministrative,shortlongtermdebttotal,shorttermdebt,shortterminvestments,sma_200,sma_50,surprise_pct,totalassets,totalcurrentassets,totalcurrentliabilities,totalliabilities,totalnoncurrentassets,totalnoncurrentliabilities,totalrevenue,totalshareholderequity,trailing_pe,treasurystock,week_52_high,week_52_low
1996-03-31,WDC,,,,,,,,,,,,,,,,,,,,,,,,,,,,,,,,,,,,,,0.02,,,0.19,,,,,,,,,,,,,,,,,,,,,,,,,,,,,,,,,,,,,,,,,,,,,,,,,1996-04-18,,0.21,,pre-market,,,,,,,,,,,,,10.5263,,,,,,,,,,,,
1996-06-30,WDC,,,,,,,,,,,,,,,,,,,,,,,,,,,,,,,,,,,,,,0.09,,,0.27,,,,,,,,,,,,,,,,,,,,,,,,,,,,,,,,,,,,,,,,,,,,,,,,,1996-07-24,,0.36,,pre-market,,,,,,,,,,,,,33.3333,,,,,,,,,,,,
1996-09-30,WDC,,,,,,,,,,,,,,,,,,,,,,,,,,,,,,,,,,,,,,0.12,,,0.24,,,,,,,,,,,,,,,,,,,,,,,,,,,,,,,,,,,,,,,,,,,,,,,,,1996-10-23,,0.36,,pre-market,,,,,,,,,,,,,50.0,,,,,,,,,,,,
1996-12-31,WDC,,,,,,,,,,,,,,,,,,,,,,,,,,,,,,,,,,,,,,0.22,,,0.46,,,,,,,,,,,,,,,,,,,,,,,,,,,,,,,,,,,,,,,,,,,,,,,,,1997-01-13,,0.68,,pre-market,,,,,,,,,,,,,47.8261,,,,,,,,,,,,
1997-03-31,WDC,,,,,,,,,,,,,,,,,,,,,,,,,,,,,,,,,,,,,,0.15,,,0.73,,,,,,,,,,,,,,,,,,,,,,,,,,,,,,,,,,,,,,,,,,,,,,,,,1997-04-10,,0.88,,pre-market,,,,,,,,,,,,,20.5479,,,,,,,,,,,,
1997-06-30,WDC,,,,,,,,,,,,,,,,,,,,,,,,,,,,,,,,,,,,,,-0.01,,,0.96,,,,,,,,,,,,,,,,,,,,,,,,,,,,,,,,,,,,,,,,,,,,,,,,,1997-07-16,,0.95,,pre-market,,,,,,,,,,,,,-1.0417,,,,,,,,,,,,
1997-09-30,WDC,,,,,,,,,,,,,,,,,,,,,,,,,,,,,,,,,,,,,,0.02,,,0.65,,,,,,,,,,,,,,,,,,,,,,,,,,,,,,,,,,,,,,,,,,,,,,,,,1997-10-09,,0.67,,pre-market,,,,,,,,,,,,,3.0769,,,,,,,,,,,,
1997-12-31,WDC,,,,,,,,,,,,,,,,,,,,,,,,,,,,,,,,,,,,,,0.04,,,-0.01,,,,,,,,,,,,,,,,,,,,,,,,,,,,,,,,,,,,,,,,,,,,,,,,,1998-01-29,,0.03,,pre-market,,,,,,,,,,,,,400.0,,,,,,,,,,,,
1998-03-31,WDC,,,,,,,,,,,,,,,,,,,,,,,,,,,,,,,,,,,,,,-0.09,,,-0.42,,,,,,,,,,,,,,,,,,,,,,,,,,,,,,,,,,,,,,,,,,,,,,,,,1998-04-27,,-0.51,,pre-market,,,,,,,,,,,,,-21.4286,,,,,,,,,,,,
1998-06-30,WDC,,,,,,,,,,,,,,,,,,,,,,,,,,,,,,,,,,,,,,-0.24,,,-1.35,,,,,,,,,,,,,,,,,,,,,,,,,,,,,,,,,,,,,,,,,,,,,,,,,1998-07-27,,-1.59,,pre-market,,,,,,,,,,,,,-17.7778,,,,,,,,,,,,
1998-09-30,WDC,,,,,,,,,,,,,,,,,,,,,,,,,,,,,,,,,,,,,,0.0,,,-1.24,,,,,,,,,,,,,,,,,,,,,,,,,,,,,,,,,,,,,,,,,,,,,,,,,1998-10-19,,-1.24,,pre-market,,,,,,,,,,,,,0.0,,,,,,,,,,,,
1998-12-31,WDC,,,,,,,,,,,,,,,,,,,,,,,,,,,,,,,,,,,,,,0.06,,,-0.99,,,,,,,,,,,,,,,,,,,,,,,,,,,,,,,,,,,,,,,,,,,,,,,,,1999-01-19,,-0.93,,pre-market,,,,,,,,,,,,,6.0606,,,,,,,,,,,,
1999-03-31,WDC,,,,,,,,,,,,,,,,,,,,,,,,,,,,,,,,,,,,,,0.0,,,-0.68,,,,,,,,,,,,,,,,,,,,,,,,,,,,,,,,,,,,,,,,,,,,,,,,,1999-04-21,,-0.68,,pre-market,,,,,,,,,,,,,0.0,,,,,,,,,,,,
1999-06-30,WDC,,,,,,,,,,,,,,,,,,,,,,,,,,,,,,,,,,,,,,0.04,,,-0.94,,,,,,,,,,,,,,,,,,,,,,,,,,,,,,,,,,,,,,,,,,,,,,,,,1999-07-21,,-0.9,,pre-market,,,,,,,,,,,,,4.2553,,,,,,,,,,,,
1999-09-30,WDC,,,,,,,,,,,,,,,,,,,,,,,,,,,,,,,,,,,,,,0.04,,,-1.36,,,,,,,,,,,,,,,,,,,,,,,,,,,,,,,,,,,,,,,,,,,,,,,,,1999-10-20,,-1.32,,pre-market,,,,,,,,,,,,,2.9412,,,,,,,,,,,,
1999-12-31,WDC,,,,,,,,,,,,,,,,,,,,,,,,,,,,,,,,,,,,,,0.44,,,-0.98,,,,,,,,,,,,,,,,,,,,,,,,,,,,,,,,,,,,,,,,,,,,,,,,,2000-01-25,,-0.54,,pre-market,,,,,,,,,,,,,44.898,,,,,,,,,,,,
2000-03-31,WDC,,,,,,,,,,,,,,,,,,,,,,,,,,,,,,,,,,,,,,0.07,,,-0.24,,,,,,,,,,,,,,,,,,,,,,,,,,,,,,,,,,,,,,,,,,,,,,,,,2000-04-27,,-0.17,,pre-market,,,,,,,,,,,,,29.1667,,,,,,,,,,,,
2000-06-30,WDC,,,,,,,,,,,,,,,,,,,,,,,,,,,,,,,,,,,,,,-0.02,,,-0.17,,,,,,,,,,,,,,,,,,,,,,,,,,,,,,,,,,,,,,,,,,,,,,,,,2000-07-27,,-0.19,,pre-market,,,,,,,,,,,,,-11.7647,,,,,,,,,,,,
2000-09-30,WDC,,,,,,,,,,,,,,,,,,,,,,,,,,,,,,,,,,,,,,0.03,,,-0.33,,,,,,,,,,,,,,,,,,,,,,,,,,,,,,,,,,,,,,,,,,,,,,,,,2000-10-26,,-0.3,,post-market,,,,,,,,,,,,,9.0909,,,,,,,,,,,,
2000-12-31,WDC,,,,,,,,,,,,,,,,,,,,,,,,,,,,,,,,,,,,,,0.09,,,-0.14,,,,,,,,,,,,,,,,,,,,,,,,,,,,,,,,,,,,,,,,,,,,,,,,,2001-01-25,,-0.05,,post-market,,,,,,,,,,,,,64.2857,,,,,,,,,,,,
2001-03-31,WDC,,,,,,,,,,,,,,,,,,,,,,,,,,,,,,,,,,,,,,0.02,,,-0.04,,,,,,,,,,,,,,,,,,,,,,,,,,,,,,,,,,,,,,,,,,,,,,,,,2001-04-26,,-0.02,,post-market,,,,,,,,,,,,,50.0,,,,,,,,,,,,
2001-06-30,WDC,,,,,,,,,,,,,,,,,,,,,,,,,,,,,,,,,,,,,,0.02,,,-0.07,,,,,,,,,,,,,,,,,,,,,,,,,,,,,,,,,,,,,,,,,,,,,,,,,2001-07-25,,-0.05,,post-market,,,,,,,,,,,,,28.5714,,,,,,,,,,,,
2001-09-30,WDC,,,,,,,,,,,,,,,,,,,,,,,,,,,,,,,,,,,,,,0.03,,,-0.05,,,,,,,,,,,,,,,,,,,,,,,,,,,,,,,,,,,,,,,,,,,,,,,,,2001-10-25,,-0.02,,post-market,,,,,,,,,,,,,60.0,,,,,,,,,,,,
2001-12-31,WDC,,,,,,,,,,,,,,,,,,,,,,,,,,,,,,,,,,,,,,0.01,,,0.04,,,,,,,,,,,,,,,,,,,,,,,,,,,,,,,,,,,,,,,,,,,,,,,,,2002-01-24,,0.05,,post-market,,,,,,,,,,,,,25.0,,,,,,,,,,,,
2002-03-31,WDC,,,,,,,,,,,,,,,,,,,,,,,,,,,,,,,,,,,,,,0.0,,,0.08,,,,,,,,,,,,,,,,,,,,,,,,,,,,,,,,,,,,,,,,,,,,,,,,,2002-04-25,,0.08,,post-market,,,,,,,,,,,,,0.0,,,,,,,,,,,,
2002-06-30,WDC,,,,,,,,,,,,,,,,,,,,,,,,,,,,,,,,,,,,,,0.03,,,0.05,,,,,,,,,,,,,,,,,,,,,,,,,,,,,,,,,,,,,,,,,,,,,,,,,2002-07-25,,0.08,,post-market,,,,,,,,,,,,,60.0,,,,,,,,,,,,
2002-09-30,WDC,,,,,,,,,,,,,,,,,,,,,,,,,,,,,,,,,,,,,,0.05,,,0.06,,,,,,,,,,,,,,,,,,,,,,,,,,,,,,,,,,,,,,,,,,,,,,,,,2002-10-17,,0.11,,pre-market,,,,,,,,,,,,,83.3333,,,,,,,,,,,,
2002-12-31,WDC,,,,,,,,,,,,,,,,,,,,,,,,,,,,,,,,,,,,,,0.23,,,0.13,,,,,,,,,,,,,,,,,,,,,,,,,,,,,,,,,,,,,,,,,,,,,,,,,2003-01-23,,0.36,,post-market,,,,,,,,,,,,,176.9231,,,,,,,,,,,,
2003-03-31,WDC,,,,,,,,,,,,,,,,,,,,,,,,,,,,,,,,,,,,,,0.04,,,0.22,,,,,,,,,,,,,,,,,,,,,,,,,,,,,,,,,,,,,,,,,,,,,,,,,2003-04-24,,0.26,,post-market,,,,,,,,,,,,,18.1818,,,,,,,,,,,,
2003-06-30,WDC,,,,,,,,,,,,,,,,,,,,,,,,,,,,,,,,,,,,,,0.02,,,0.19,,,,,,,,,,,,,,,,,,,,,,,,,,,,,,,,,,,,,,,,,,,,,,,,,2003-07-24,,0.21,,post-market,,,,,,,,,,,,,10.5263,,,,,,,,,,,,
2003-09-30,WDC,,,,,,,,,,,,,,,,,,,,,,,,,,,,,,,,,,,,,,0.08,,,0.17,,,,,,,,,,,,,,,,,,,,,,,,,,,,,,,,,,,,,,,,,,,,,,,,,2003-10-23,,0.25,,post-market,,,,,,,,,,,,,47.0588,,,,,,,,,,,,
2003-12-31,WDC,,,,,,,,,,,,,,,,,,,,,,,,,,,,,,,,,,,,,,0.03,,,0.29,,,,,,,,,,,,,,,,,,,,,,,,,,,,,,,,,,,,,,,,,,,,,,,,,2004-01-22,,0.32,,post-market,,,,,,,,,,,,,10.3448,,,,,,,,,,,,
2004-03-31,WDC,,,,,,,,,,,,,,,,,,,,,,,,,,,,,,,,,,,,,,0.01,,,0.21,,,,,,,,,,,,,,,,,,,,,,,,,,,,,,,,,,,,,,,,,,,,,,,,,2004-04-22,,0.22,,post-market,,,,,,,,,,,,,4.7619,,,,,,,,,,,,
2004-06-30,WDC,,,,,,,,,,,,,,,,,,,,,,,,,,,,,,,,,,,,,,-0.01,,,0.15,,,,,,,,,,,,,,,,,,,,,,,,,,,,,,,,,,,,,,,,,,,,,,,,,2004-07-29,,0.14,,post-market,,,,,,,,,,,,,-6.6667,,,,,,,,,,,,
2004-09-30,WDC,,,,,,,,,,,,,,,,,,,,,,,,,,,,,,,,,,,,,,0.03,,,0.11,,,,,,,,,,,,,,,,,,,,,,,,,,,,,,,,,,,,,,,,,,,,,,,,,2004-10-25,,0.14,,post-market,,,,,,,,,,,,,27.2727,,,,,,,,,,,,
2004-12-31,WDC,,,,,,,,,,,,,,,,,,,,,,,,,,,,,,,,,,,,,,0.08,,,0.18,,,,,,,,,,,,,,,,,,,,,,,,,,,,,,,,,,,,,,,,,,,,,,,,,2005-01-27,,0.26,,post-market,,,,,,,,,,,,,44.4444,,,,,,,,,,,,
2005-03-31,WDC,,,,,,,,,,,,,,,,,,,,,,,,,,,,,,,,,,,,,,0.03,,,0.29,,,,,,,,,,,,,,,,,,,,,,,,,,,,,,,,,,,,,,,,,,,,,,,,,2005-04-21,,0.32,,post-market,,,,,,,,,,,,,10.3448,,,,,,,,,,,,
2005-06-30,WDC,,,,,,,,,,,,,,,,,,,,,,,,,,,,,,,,,,,,,,0.03,,,0.24,,,,,,,,,,,,,,,,,,,,,,,,,,,,,,,,,,,,,,,,,,,,,,,,,2005-07-28,,0.27,,post-market,,,,,,,,,,,,,12.5,,,,,,,,,,,,
2005-09-30,WDC,,,,,,,,,,,,,,,,,,,,,,,,,,,,,,,,,,,,,,0.02,,,0.29,,,,,,,,,,,,,,,,,,,,,,,,,,,,,,,,,,,,,,,,,,,,,,,,,2005-10-27,,0.31,,post-market,,,,,,,,,,,,,6.8966,,,,,,,,,,,,
2005-12-31,WDC,,,,,,,,,,,,,,,,,,,,,,,,,,,,,,,,,,,,,,0.12,,,0.38,,,,,,,,,,,,,,,,,,,,,,,,,,,,,,,,,,,,,,,,,,,,,,,,,2006-01-26,,0.5,,post-market,,,,,,,,,,,,,31.5789,,,,,,,,,,,,
2006-03-31,WDC,,,,,,,,,,,,,,,,,,,,,,,,,,,,,,,,,,,,,,0.07,,,0.38,,,,,,,,,,,,,,,,,,,,,,,,,,,,,,,,,,,,,,,,,,,,,,,,,2006-04-27,,0.45,,post-market,,,,,,,,,,,,,18.4211,,,,,,,,,,,,
2006-06-30,WDC,,,,,,,,,,,,,,,,,,,,,,,,,,,,,,,,,,,,,,0.03,,,0.35,,,,,,,,,,,,,,,,,,,,,,,,,,,,,,,,,,,,,,,,,,,,,,,,,2006-07-27,,0.38,,post-market,,,,,,,,,,,,,8.5714,,,,,,,,,,,,
2006-09-30,WDC,,,,,,,,,,,,,,,,,,,,,,,,,,,,,,,,,,,,,,0.05,,,0.41,,,,,,,,,,,,,,,,,,,,,,,,,,,,,,,,,,,,,,,,,,,,,,,,,2006-11-02,,0.46,,post-market,,,,,,,,,,,,,12.1951,,,,,,,,,,,,
2006-12-31,WDC,,,,,,,,,,,,,,,,,,,,,,,,,,,,,,,,,,,,,,0.04,,,0.53,,,,,,,,,,,,,,,,,,,,,,,,,,,,,,,,,,,,,,,,,,,,,,,,,2007-01-25,,0.57,,post-market,,,,,,,,,,,,,7.5472,,,,,,,,,,,,
2007-03-31,WDC,,,,,,,,,,,,,,,,,,,,,,,,,,,,,,,,,,,,,,0.01,,,0.47,,,,,,,,,,,,,,,,,,,,,,,,,,,,,,,,,,,,,,,,,,,,,,,,,2007-04-26,,0.48,,post-market,,,,,,,,,,,,,2.1277,,,,,,,,,,,,
2007-06-30,WDC,,,,,,,,,,,,,,,,,,,,,,,,,,,,,,,,,,,,,,0.02,,,0.36,,,,,,,,,,,,,,,,,,,,,,,,,,,,,,,,,,,,,,,,,,,,,,,,,2007-07-26,,0.38,,post-market,,,,,,,,,,,,,5.5556,,,,,,,,,,,,
2007-09-30,WDC,,,,,,,,,,,,,,,,,,,,,,,,,,,,,,,,,,,,,,0.01,,,0.57,,,,,,,,,,,,,,,,,,,,,,,,,,,,,,,,,,,,,,,,,,,,,,,,,2007-11-01,,0.58,,post-market,,,,,,,,,,,,,1.7544,,,,,,,,,,,,
2007-12-31,WDC,,,,,,,,,,,,,,,,,,,,,,,,,,,,,,,,,,,,,,0.31,,,1.04,,,,,,,,,,,,,,,,,,,,,,,,,,,,,,,,,,,,,,,,,,,,,,,,,2008-01-23,,1.35,,post-market,,,,,,,,,,,,,29.8077,,,,,,,,,,,,
2008-03-31,WDC,,,,,,,,,,,,,,,,,,,,,,,,,,,,,,,,,,,,,,0.14,,,1.09,,,,,,,,,,,,,,,,,,,,,,,,,,,,,,,,,,,,,,,,,,,,,,,,,2008-04-24,,1.23,,post-market,,,,,,,,,,,,,12.844,,,,,,,,,,,,
2008-06-30,WDC,,,,,,,,,,,,,,,,,,,,,,,,,,,,,,,,,,,,,,0.18,,,0.82,,,,,,,,,,,,,,,,,,,,,,,,,,,,,,,,,,,,,,,,,,,,,,,,,2008-07-24,,1.0,,post-market,,,,,,,,,,,,,21.9512,,,,,,,,,,,,
2008-09-30,WDC,,,,,,,,,,,,,,,,,,,,,,,,,,,,,,,,,,,,,,0.12,,,0.81,,,,,,,,,,,,,,,,,,,,,,,,,,,,,,,,,,,,,,,,,,,,,,,,,2008-10-23,,0.93,,post-market,,,,,,,,,,,,,14.8148,,,,,,,,,,,,
2008-12-31,WDC,,,,,,,,,,,,,,,,,,,,,,,,,,,,,,,,,,,,,,0.24,,,0.31,,,,,,,,,,,,,,,,,,,,,,,,,,,,,,,,,,,,,,,,,,,,,,,,,2009-01-28,,0.55,,post-market,,,,,,,,,,,,,77.4194,,,,,,,,,,,,
2009-03-31,WDC,,,,,,,,,,,,,,,,,,,,,,,,,,,,,,,,,,,,,,0.18,,,0.12,,,,,,,,,,,,,,,,,,,,,,,,,,,,,,,,,,,,,,,,,,,,,,,,,2009-04-23,,0.3,,post-market,,,,,,,,,,,,,150.0,,,,,,,,,,,,
2009-06-30,WDC,,,,,,,,,,,,,,,,,,,,,,,,,,,,,,,,,,,,,,0.48,,,0.28,,,,,,,,,,,,,,,,,,,,,,,,,,,,,,,,,,,,,,,,,,,,,,,,,2009-07-28,,0.76,,post-market,,,,,,,,,,,,,171.4286,,,,,,,,,,,,
2009-09-30,WDC,,,,,,,,,,,,,,,,,,,,,,,,,,,,,,,,,,,,,,0.31,,,0.94,,,,,,,,,,,,,,,,,,,,,,,,,,,,,,,,,,,,,,,,,,,,,,,,,2009-10-22,,1.25,,post-market,,,,,,,,,,,,,32.9787,,,,,,,,,,,,
2009-12-31,WDC,,,,,,,,,,,,,,,,,,,,,,,,,,,,,,,,,,,,,,0.49,,,1.36,,,,,,,,,,,,,,,,,,,,,,,,,,,,,,,,,,,,,,,,,,,,,,,,,2010-01-21,,1.85,,post-market,,,,,,,,,,,,,36.0294,,,,,,,,,,,,
2010-03-31,WDC,,,,,,,,,,,,,,,,,,,,,,,,,,,,,,,,,,,,,,0.16,,,1.55,,,,,,,,,,,,,,,,,,,,,,,,,,,,,,,,,,,,,,,,,,,,,,,,,2010-04-22,,1.71,,post-market,,,,,,,,,,,,,10.3226,,,,,,,,,,,,
2010-06-30,WDC,,,,,,,,,,,,,,,,,,,,,,,,,,,,,,,,,,,,,,-0.12,,,1.35,,,,,,,,,,,,,,,,,,,,,,,,,,,,,,,,,,,,,,,,,,,,,,,,,2010-07-21,,1.23,,post-market,,,,,,,,,,,,,-8.8889,,,,,,,,,,,,
2010-09-30,WDC,,,,,,,,,,,,,,,,,,,,,,,,,,,,,,,,,,,,,,0.03,,,0.81,,,,,,,,,,,,,,,,,,,,,,,,,,,,,,,,,,,,,,,,,,,,,,,,,2010-10-19,,0.84,,post-market,,,,,,,,,,,,,3.7037,,,,,,,,,,,,
2010-12-31,WDC,,,,,,,,,,,,,,,,,,,,,,,,,,,,,,,,,,,,,,0.37,,,0.59,,,,,,,,,,,,,,,,,,,,,,,,,,,,,,,,,,,,,,,,,,,,,,,,,2011-01-18,,0.96,,post-market,,,,,,,,,,,,,62.7119,,,,,,,,,,,,
2011-03-31,WDC,,,,,,,,,,,,,,,,,,,,,,,,,,,,,,,,,,,,,,0.01,,,0.65,,,,,,,,,,,,,,,,,,,,,,,,,,,,,,,,,,,,,,,,,,,,,,,,,2011-04-20,,0.66,,post-market,,,,,,,,,,,,,1.5385,,,,,,,,,,,,
2011-06-30,WDC,,,,,,,,,,,,,,,,,,,,,,,,,,,,,,,,,,,,,,0.15,,,0.66,,,,,,,,,,,,,,,,,,,,,,,,,,,,,,,,,,,,,,,,,,,,,,,,,2011-07-21,,0.81,,post-market,,,,,,,,,,,,,22.7273,,,,,,,,,,,,
2011-09-30,WDC,,,,,,,,,,,,,,,,,,,,,,,,,,,,,,,,,,,,,,0.14,,,0.96,,,,,,,,,,,,,,,,,,,,,,,,,,,,,,,,,,,,,,,,,,,,,,,,,2011-10-19,,1.1,,post-market,,,,,,,,,,,,,14.5833,,,,,,,,,,,,
2011-12-31,WDC,,,,,,,,,,,,,,,,,,,,,,,,,,,,,,,,,,,,,,0.77,,,0.74,,,,,,,,,,,,,,,,,,,,,,,,,,,,,,,,,,,,,,,,,,,,,,,,,2012-01-23,,1.51,,post-market,,,,,,,,,,,,,104.0541,,,,,,,,,,,,
2012-03-31,WDC,,,,,,,,,,,,,,,,,,,,,,,,,,,,,,,,,,,,,,0.92,,,1.6,,,,,,,,,,,,,,,,,,,,,,,,,,,,,,,,,,,,,,,,,,,,,,,,,2012-04-26,,2.52,,post-market,,,,,,,,,,,,,57.5,,,,,,,,,,,,
2012-06-30,WDC,,,,,,,,,,,,,,,,,,,,,,,,,,,,,,,,,,,,,,0.89,,,2.46,,,,,,,,,,,,,,,,,,,,,,,,,,,,,,,,,,,,,,,,,,,,,,,,,2012-07-25,,3.35,,post-market,,,,,,,,,,,,,36.1789,,,,,,,,,,,,
2012-09-30,WDC,,,,,,,,,,,,,,,,,,,,,,,,,,,,,,,,,,,,,,0.07,,,2.29,,,,,,,,,,,,,,,,,,,,,,,,,,,,,,,,,,,,,,,,,,,,,,,,,2012-10-22,,2.36,,post-market,,,,,,,,,,,,,3.0568,,,,,,,,,,,,
2012-12-31,WDC,,,,,,,,,,,,,,,,,,,,,,,,,,,,,,,,,,,,,,0.28,,,1.81,,,,,,,,,,,,,,,,,,,,,,,,,,,,,,,,,,,,,,,,,,,,,,,,,2013-01-23,,2.09,,post-market,,,,,,,,,,,,,15.4696,,,,,,,,,,,,
2013-03-31,WDC,,,,,,,,,,,,,,,,,,,,,,,,,,,,,,,,,,,,,,0.33,,,1.77,,,,,,,,,,,,,,,,,,,,,,,,,,,,,,,,,,,,,,,,,,,,,,,,,2013-04-24,,2.1,,post-market,,,,,,,,,,,,,18.6441,,,,,,,,,,,,
2013-06-30,WDC,,,,,,,,,,,,,,,,,,,,,,,,,,,,,,,,,,,,,,0.15,,,1.81,,,,,,,,,,,,,,,,,,,,,,,,,,,,,,,,,,,,,,,,,,,,,,,,,2013-07-24,,1.96,,post-market,,,,,,,,,,,,,8.2873,,,,,,,,,,,,
2013-09-30,WDC,,,,,,,,,,,,,,,,,,,,,,,,,,,,,,,,,,,,,,0.07,,,2.05,,,,,,,,,,,,,,,,,,,,,,,,,,,,,,,,,,,,,,,,,,,,,,,,,2013-10-24,,2.12,,post-market,,,,,,,,,,,,,3.4146,,,,,,,,,,,,
2013-12-31,WDC,,,,,,,,,,,,,,,,,,,,,,,,,,,,,,,,,,,,,,0.11,,,2.08,,,,,,,,,,,,,,,,,,,,,,,,,,,,,,,,,,,,,,,,,,,,,,,,,2014-01-22,,2.19,,post-market,,,,,,,,,,,,,5.2885,,,,,,,,,,,,
2014-03-31,WDC,,,,,,,,,,,,,,,,,,,,,,,,,,,,,,,,,,,,,,0.06,,,1.88,,,,,,,,,,,,,,,,,,,,,,,,,,,,,,,,,,,,,,,,,,,,,,,,,2014-04-30,,1.94,,post-market,,,,,,,,,,,,,3.1915,,,,,,,,,,,,
2014-06-30,WDC,,,,,,,,,,,,,,,,,,,,,,,,,,,,,,,,,,,,,,0.11,,,1.74,,,,,,,,,,,,,,,,,,,,,,,,,,,,,,,,,,,,,,,,,,,,,,,,,2014-07-30,,1.85,,post-market,,,,,,,,,,,,,6.3218,,,,,,,,,,,,
2014-09-30,WDC,,,,,,,,,,,,,,,,,,,,,,,,,,,,,,,,,,,,,,0.07,,,2.03,,,,,,,,,,,,,,,,,,,,,,,,,,,,,,,,,,,,,,,,,,,,,,,,,2014-10-28,,2.1,,post-market,,,,,,,,,,,,,3.4483,,,,,,,,,,,,
2014-12-31,WDC,,,,,,,,,,,,,,,,,,,,,,,,,,,,,,,,,,,,,,0.15,,,2.11,,,,,,,,,,,,,,,,,,,,,,,,,,,,,,,,,,,,,,,,,,,,,,,,,2015-01-27,,2.26,,post-market,,,,,,,,,,,,,7.109,,,,,,,,,,,,
2015-03-31,WDC,,,,,,,,,,,,,,,,,,,,,,,,,,,,,,,,,,,,,,-0.03,,,1.9,,,,,,,,,,,,,,,,,,,,,,,,,,,,,,,,,,,,,,,,,,,,,,,,,2015-04-28,,1.87,,post-market,,,,,,,,,,,,,-1.5789,,,,,,,,,,,,
2015-06-30,WDC,,,,,,,,,,,,,,,,,,,,,,,,,,,,,,,,,,,,,,0.07,,,1.44,,,,,,,,,,,,,,,,,,,,,,,,,,,,,,,,,,,,,,,,,,,,,,,,,2015-07-29,,1.51,,post-market,,,,,,,,,,,,,4.8611,,,,,,,,,,,,
2015-09-30,WDC,,,,,,,,,,,,,,,,,,,,,,,,,,,,,,,,,,,,,,0.0,,,1.56,,,,,,,,,,,,,,,,,,,,,,,,,,,,,,,,,,,,,,,,,,,,,,,,,2015-10-28,,1.56,,post-market,,,,,,,,,,,,,0.0,,,,,,,,,,,,
2015-12-31,WDC,,,,,,,,,,,,,,,,,,,,,,,,,,,,,,,,,,,,,,0.06,,,1.54,,,,,,,,,,,,,,,,,,,,,,,,,,,,,,,,,,,,,,,,,,,,,,,,,2016-01-28,,1.6,,post-market,,,,,,,,,,,,,3.8961,,,,,,,,,,,,
2016-03-31,WDC,,,,,,,,,,,,,,,,,,,,,,,,,,,,,,,,,,,,,,-0.07,,,1.28,,,,,,,,,,,,,,,,,,,,,,,,,,,,,,,,,,,,,,,,,,,,,,,,,2016-04-28,,1.21,,post-market,,,,,,,,,,,,,-5.4688,,,,,,,,,,,,
2016-06-30,WDC,,,,,,,,,,,,,,,,,,,,,,,,,,,,,,,,,,,,,,0.08,,,0.71,,,,,,,,,,,,,,,,,,,,,,,,,,,,,,,,,,,,,,,,,,,,,,,,,2016-07-28,,0.79,,post-market,,,,,,,,,,,,,11.2676,,,,,,,,,,,,
2016-09-30,WDC,,,,,,,,,,,,,,,,,,,,,,,,,,,,,,,,,,,,,,0.13,,,1.05,,,,,,,,,,,,,,,,,,,,,,,,,,,,,,,,,,,,,,,,,,,,,,,,,2016-10-26,,1.18,,post-market,,,,,,,,,,,,,12.381,,,,,,,,,,,,
2016-12-31,WDC,,,,,,,,,,,,,,,,,,,,,,,,,,,,,,,,,,,,,,0.18,,,2.12,,,,,,,,,,,,,,,,,,,,,,,,,,,,,,,,,,,,,,,,,,,,,,,,,2017-01-25,,2.3,,post-market,,,,,,,,,,,,,8.4906,,,,,,,,,,,,
2017-03-31,WDC,,,,,,,,,,,,,,,,,,,,,,,,,,,,,,,,,,,,,,0.25,,,2.14,,,,,,,,,,,,,,,,,,,,,,,,,,,,,,,,,,,,,,,,,,,,,,,,,2017-04-27,,2.39,,post-market,,,,,,,,,,,,,11.6822,,,,,,,,,,,,
2017-06-30,WDC,,,,,,,,,,,,,,,,,,,,,,,,,,,,,,,,,,,,,,0.07,,,2.86,,,,,,,,,,,,,,,,,,,,,,,,,,,,,,,,,,,,,,,,,,,,,,,,,2017-07-27,,2.93,,post-market,,,,,,,,,,,,,2.4476,,,,,,,,,,,,
2017-09-30,WDC,,,,,,,,,,,,,,,,,,,,,,,,,,,,,,,,,,,,,,0.25,,,3.31,,,,,,,,,,,,,,,,,,,,,,,,,,,,,,,,,,,,,,,,,,,,,,,,,2017-10-26,,3.56,,post-market,,,,,,,,,,,,,7.5529,,,,,,,,,,,,
2017-12-31,WDC,,,,,,,,,,,,,,,,,,,,,,,,,,,,,,,,,,,,,,0.13,,,3.82,,,,,,,,,,,,,,,,,,,,,,,,,,,,,,,,,,,,,,,,,,,,,,,,,2018-01-25,,3.95,,post-market,,,,,,,,,,,,,3.4031,,,,,,,,,,,,
2018-03-31,WDC,,,,,,,,,,,,,,,,,,,,,,,,,,,,,,,,,,,,,,0.32,,,3.31,,,,,,,,,,,,,,,,,,,,,,,,,,,,,,,,,,,,,,,,,,,,,,,,,2018-04-26,,3.63,,post-market,,,,,,,,,,,,,9.6677,,,,,,,,,,,,
2018-06-30,WDC,,,,,,,,,,,,,,,,,,,,,,,,,,,,,,,,,,,,,,0.11,,,3.5,,,,,,,,,,,,,,,,,,,,,,,,,,,,,,,,,,,,,,,,,,,,,,,,,2018-07-26,,3.61,,post-market,,,,,,,,,,,,,3.1429,,,,,,,,,,,,
2018-09-30,WDC,,,,,,,,,,,,,,,,,,,,,,,,,,,,,,,,,,,,,,-0.01,,,3.05,,,,,,,,,,,,,,,,,,,,,,,,,,,,,,,,,,,,,,,,,,,,,,,,,2018-10-25,,3.04,,post-market,,,,,,,,,,,,,-0.3279,,,,,,,,,,,,
2018-12-31,WDC,,,,,,,,,,,,,,,,,,,,,,,,,,,,,,,,,,,,,,-0.05,,,1.5,,,,,,,,,,,,,,,,,,,,,,,,,,,,,,,,,,,,,,,,,,,,,,,,,2019-01-24,,1.45,,post-market,,,,,,,,,,,,,-3.3333,,,,,,,,,,,,
2019-03-31,WDC,,,,,,,,,,,,,,,,,,,,,,,,,,,,,,,,,,,,,,-0.3,,,0.47,,,,,,,,,,,,,,,,,,,,,,,,,,,,,,,,,,,,,,,,,,,,,,,,,2019-04-29,,0.17,,post-market,,,,,,,,,,,,,-63.8298,,,,,,,,,,,,
2019-06-30,WDC,,,,,,,,,,,,,,,,,,,,,,,,,,,,,,,,,,,,,,-0.02,,,0.19,,,,,,,,,,,,,,,,,,,,,,,,,,,,,,,,,,,,,,,,,,,,,,,,,2019-07-31,,0.17,,post-market,,,,,,,,,,,,,-10.5263,,,,,,,,,,,,
2019-09-30,WDC,,,,,,,,,,,,,,,,,,,,,,,,,,,,,,,,,,,,,,0.04,,,0.3,,,,,,,,,,,,,,,,,,,,,,,,,,,,,,,,,,,,,,,,,,,,,,,,,2019-10-30,,0.34,,post-market,,,,,,,,,,,,,13.3333,,,,,,,,,,,,
2019-12-31,WDC,,,,,,,,,,,,,,,,,,,,,,,,,,,,,,,,,,,,,,0.04,,,0.58,,,,,,,,,,,,,,,,,,,,,,,,,,,,,,,,,,,,,,,,,,,,,,,,,2020-01-30,,0.62,,post-market,,,,,,,,,,,,,6.8966,,,,,,,,,,,,
2020-03-31,WDC,,,,,,,,,,,,,,,,,,,,,,,,,,,,,,,,,,,,,,-0.07,,,0.92,,,,,,,,,,,,,,,,,,,,,,,,,,,,,,,,,,,,,,,,,,,,,,,,,2020-04-30,,0.85,,post-market,,,,,,,,,,,,,-7.6087,,,,,,,,,,,,
2020-06-30,WDC,,,,,,,,,,,,,,,,,,,,,,,,,,,,,,,,,,,,,,0.0,,,1.23,,,,,,,,,,,,,,,,,,,,,,,,,,,,,,,,,,,,,,,,,,,,,,,,,2020-08-05,,1.23,,post-market,,,,,,,,,,,,,0.0,,,,,,,,,,,,
2020-09-30,WDC,,,,,,,,,,,,,,,,,,,,,,,,,,,,,,,,,,,,,,0.1,,,0.55,,,,,,,,,,,,,,,,,,,,,,,,,,,,,,,,,,,,,,,,,,,,,,,,,2020-10-28,,0.65,,post-market,,,,,,,,,,,,,18.1818,,,,,,,,,,,,
2020-12-31,WDC,,,,,,,,,,,,,,,,,,,,,,,,,,,,,,,,,,,,,,0.15,,,0.54,,,,,,,,,,,,,,,,,,,,,,,,,,,,,,,,,,,,,,,,,,,,,,,,,2021-01-28,,0.69,,post-market,,,,,,,,,,,,,27.7778,,,,,,,,,,,,
2021-03-31,WDC,,,,,,,,,,,,,,,,,,,,,,,,,,,,,,,,,,,,,,0.34,,,0.68,,,,,,,,,,,,,,,,,,,,,,,,,,,,,,,,,,,,,,,,,,,,,,,,,2021-04-29,,1.02,,post-market,,,,,,,,,,,,,50.0,,,,,,,,,,,,
2021-06-30,WDC,,,,,,,,,,,,,,,,,,,,,,,,,,,,,,,,,,,,,,0.66,,,1.5,,,,,,,,,,,,,,,,,,,,,,,,,,,,,,,,,,,,,,,,,,,,,,,,,2021-08-04,,2.16,,post-market,,,,,,,,,,,,,44.0,,,,,,,,,,,,
2021-09-30,WDC,,,,,,,,,,,,,,,,,,,,,,,,,,,,,,,,,,,,,,0.05,,,2.44,,,,,,,,,,,,,,,,,,,,,,,,,,,,,,,,,,,,,,,,,,,,,,,,,2021-10-28,,2.49,,post-market,,,,,,,,,,,,,2.0492,,,,,,,,,,,,
2021-12-31,WDC,,,,,,,,,,,,,,,,,,,,,,,,,,,,,,,,,,,,,,0.18,,,2.12,,,,,,,,,,,,,,,,,,,,,,,,,,,,,,,,,,,,,,,,,,,,,,,,,2022-01-27,,2.3,,post-market,,,,,,,,,,,,,8.4906,,,,,,,,,,,,
2022-03-31,WDC,,,,,,,,,,,,,,,,,,,,,,,,,,,,,,,,,,,,,,0.15,,,1.5,,,,,,,,,,,,,,,,,,,,,,,,,,,,,,,,,,,,,,,,,,,,,,,,,2022-04-28,,1.65,,post-market,,,,,,,,,,,,,10.0,,,,,,,,,,,,
2022-06-30,WDC,,,,,,,,,,,,,,,,,,,,,,,,,,,,,,,,,,,,,,0.06,,,1.72,,,,,,,,,,,,,,,,,,,,,,,,,,,,,,,,,,,,,,,,,,,,,,,,,2022-08-05,,1.78,,pre-market,,,,,,,,,,,,,3.4884,,,,,,,,,,,,
2022-09-30,WDC,,,,,,,,,,,,,,,,,,,,,,,,,,,,,,,,,,,,,,-0.19,,,0.39,,,,,,,,,,,,,,,,,,,,,,,,,,,,,,,,,,,,,,,,,,,,,,,,,2022-10-27,,0.2,,pre-market,,,,,,,,,,,,,-48.7179,,,,,,,,,,,,
2022-12-31,WDC,,,,,,,,,,,,,,,,,,,,,,,,,,,,,,,,,,,,,,-0.96,,,-0.44,,,,,,,,,,,,,,,,,,,,,,,,,,,,,,,,,,,,,,,,,,,,,,,,,2023-01-31,,-1.4,,post-market,,,,,,,,,,,,,-218.1818,,,,,,,,,,,,
2023-03-31,WDC,,,,,,,,,,,,,,,,,,,,,,,,,,,,,,,,,,,,,,0.19,,,-1.56,,,,,,,,,,,,,,,,,,,,,,,,,,,,,,,,,,,,,,,,,,,,,,,,,2023-05-08,,-1.37,,post-market,,,,,,,,,,,,,12.1795,,,,,,,,,,,,
2023-06-30,WDC,,,,,,,,,,,,,,,,,,,,,,,,,,,,,,,,,,,,,,0.04,,,-2.02,,,,,,,,,,,,,,,,,,,,,,,,,,,,,,,,,,,,,,,,,,,,,,,,,2023-07-31,,-1.98,,post-market,,,,,,,,,,,,,1.9802,,,,,,,,,,,,
2023-09-30,WDC,,,,,,,,,,,,,,,,,,,,,,,,,,,,,,,,,,,,,,0.14,,,-1.9,,,,,,,,,,,,,,,,,,,,,,,,,,,,,,,,,,,,,,,,,,,,,,,,,2023-10-30,,-1.76,,pre-market,,,,,,,,,,,,,7.3684,,,,,,,,,,,,
2023-12-31,WDC,,,,,,,,,,,,,,,,,,,,,,,,,,,,,,,,,,,,,,0.44,,,-1.13,,,,,,,,,,,,,,,,,,,,,,,,,,,,,,,,,,,,,,,,,,,,,,,,,2024-01-25,,-0.69,,post-market,,,,,,,,,,,,,38.9381,,,,,,,,,,,,
2024-03-31,WDC,,,,,,,,,,,,,,,,,,,,,,,,,,,,,,,,,,,,,,0.42,,,0.21,,,,,,,,,,,,,,,,,,,,,,,,,,,,,,,,,,,,,,,,,,,,,,,,,2024-04-25,,0.63,,post-market,,,,,,,,,,,,,200.0,,,,,,,,,,,,
2024-06-30,WDC,,,,,,,,,,,,,,,,,,,,,,,,,,,,,,,,,,,,,,0.27,,,1.17,,,,,,,,,,,,,,,,,,,,,,,,,,,,,,,,,,,,,,,,,,,,,,,,,2024-07-31,,1.44,,post-market,,,,,,,,,,,,,23.0769,,,,,,,,,,,,
2024-09-30,WDC,,,,,,,,,,,,,,,,,,,,,,,,,,,,,,,,,,,,,,0.07,,,1.71,,,,,,,,,,,,,,,,,,,,,,,,,,,,,,,,,,,,,,,,,,,,,,,,,2024-10-24,,1.78,,post-market,,,,,,,,,,,,,4.0936,,,,,,,,,,,,
2024-12-31,WDC,,,,,,,,,,,,,,,,,,,,,,,,,,,,,,,,,,,,,,-0.05,,,1.82,,,,,,,,,,,,,,,,,,,,,,,,,,,,,,,,,,,,,,,,,,,,,,,,,2025-01-29,,1.77,,post-market,,,,,,,,,,,,,-2.7473,,,,,,,,,,,,
2025-03-31,WDC,,,,,,,,,,,,,,,,,,,,,,,,,,,,,,,,,,,,,,0.25,,,1.11,,,,,,,,,,,,,,,,,,,,,,,,,,,,,,,,,,,,,,,,,,,,,,,,,2025-04-30,,1.36,,pre-market,,,,,,,,,,,,,22.5225,,,,,,,,,,,,
2025-06-30,WDC,,,,,,,,,,,,,,,,,,,,,,,,,,,,,,,,,,,,,,0.18,,,1.48,,,,,,,,,,,,,,,,,,,,,,,,,,,,,,,,,,,,,,,,,,,,,,,,,2025-07-30,,1.66,,post-market,,,,,,,,,,,,,12.1622,,,,,,,,,,,,
2025-09-30,WDC,,,,,,,,,,,,,,,,,,,,,,,,,,,,,,,,,,,,,,0.2,,,1.58,,,,,,,,,,,,,,,,,,,,,,,,,,,,,,,,,,,,,,,,,,,,,,,,,2025-10-30,,1.78,,post-market,,,,,,,,,,,,,12.6582,,,,,,,,,,,,
2025-12-28,WDC,7.1,10126000000.0,25.57,,1.886,17.22,,,,,,,,,,,,,,,,,,,,,,,,,,0.2,0.0011,,,,-0.959,0.2,,,1.58,,23.75,,4113000000.0,,,,,,,,,,,,,,,,,,,0.154,,,,,,,,,,,,,0.911,10.43,6.15,,,,,,,,0.255,,,2025-10-30,,1.78,,post-market,,,0.0828,0.297,-0.41,29.16,,,,,88.91,155.36,12.6582,,,,,,,,,25.57,,188.77,28.72
2025-12-28,WDC,7.1,10126000000.0,25.57,,1.886,17.22,,,,,,,,,,,,,,,None,1591000000,1591000000,,,,,,None,88000000,,0.2,0.0011,,,,-0.959,0.2,1396000000,1484000000,1.58,2025-09-30,23.75,,4113000000.0,1227000000,1337000000,155000000,,,None,59000000,17000000,,None,,,,,1182000000,1182000000,-42000000,None,0.154,,435000000,792000000,,,,,None,,,,,0.911,10.43,6.15,,,,,,,,0.255,,,2025-10-30,quarterly,1.78,USD,post-market,294000000,,0.0828,0.297,-0.41,29.16,138000000,,,,88.91,155.36,12.6582,,,,,,,2818000000,,25.57,,188.77,28.72
2025-12-28,WDC,7.1,10126000000.0,25.57,,1.886,17.22,,,,,,,,,,,,,,,None,1538000000,1538000000,,,,,,None,86000000,,0.2,0.0011,,,,-0.959,0.2,421000000,507000000,1.58,2025-06-30,23.75,,4113000000.0,1067000000,347000000,95000000,,,None,74000000,20000000,,None,,,,,257000000,252000000,-54000000,None,0.154,,387000000,680000000,,,,,None,,,,,0.911,10.43,6.15,,,,,,,,0.255,,,2025-10-30,quarterly,1.78,USD,post-market,262000000,,0.0828,0.297,-0.41,29.16,124000000,,,,88.91,155.36,12.6582,,,,,,,2605000000,,25.57,,188.77,28.72
2025-12-28,WDC,7.1,10126000000.0,25.57,,1.886,17.22,,,,,,,,,,,,,,,None,1382000000,1382000000,,,,,,None,110000000,,0.2,0.0011,,,,-0.959,0.2,165000000,275000000,1.58,2025-03-31,23.75,,4113000000.0,912000000,74000000,-698000000,,,None,91000000,10000000,,None,,,,,524000000,772000000,-81000000,None,0.154,,152000000,760000000,,,,,None,,,,,0.911,10.43,6.15,,,,,,,,0.255,,,2025-10-30,quarterly,1.78,USD,post-market,245000000,,0.0828,0.297,-0.41,29.16,108000000,,,,88.91,155.36,12.6582,,,,,,,2294000000,,25.57,,188.77,28.72
2025-12-28,WDC,7.1,10126000000.0,25.57,,1.886,17.22,,,,,,,,,,,,,,,None,2769000000,2769000000,,,,,,None,120000000,,0.2,0.0011,,,,-0.959,0.2,836000000,956000000,1.58,2024-12-31,23.75,,4113000000.0,1516000000,741000000,147000000,,,None,95000000,11000000,,None,,,,,594000000,594000000,-84000000,None,0.154,,664000000,852000000,,,,,None,,,,,0.911,10.43,6.15,,,,,,,,0.255,,,2025-10-30,quarterly,1.78,USD,post-market,502000000,,0.0828,0.297,-0.41,29.16,238000000,,,,88.91,155.36,12.6582,,,,,,,4285000000,,25.57,,188.77,28.72
2025-12-28,WDC,7.1,10126000000.0,25.57,,1.886,17.22,,,,,,,,,,,,,,,None,2544000000,2544000000,,,,,,None,135000000,,0.2,0.0011,,,,-0.959,0.2,727000000,862000000,1.58,2024-09-30,23.75,,4113000000.0,1551000000,628000000,135000000,,,None,99000000,9000000,,None,,,,,493000000,493000000,-90000000,None,0.154,,809000000,742000000,,,,,None,,,,,0.911,10.43,6.15,,,,,,,,0.255,,,2025-10-30,quarterly,1.78,USD,post-market,519000000,,0.0828,0.297,-0.41,29.16,242000000,,,,88.91,155.36,12.6582,,,,,,,4095000000,,25.57,,188.77,28.72
2025-12-28,WDC,7.1,10126000000.0,25.57,,1.886,17.22,,,,,,,,,,,,,,,None,2411000000,2411000000,,,,,,None,138000000,,0.2,0.0011,,,,-0.959,0.2,205000000,343000000,1.58,2024-06-30,23.75,,4113000000.0,1353000000,102000000,63000000,,,None,103000000,9000000,,None,,,,,39000000,39000000,-94000000,None,0.154,,1137000000,216000000,,,,,None,,,,,0.911,10.43,6.15,,,,,,,,0.255,,,2025-10-30,quarterly,1.78,USD,post-market,538000000,,0.0828,0.297,-0.41,29.16,148000000,,,,88.91,155.36,12.6582,,,,,,,3764000000,,25.57,,188.77,28.72
2025-12-28,WDC,7.1,10126000000.0,25.57,,1.886,17.22,,,,,,,,,,,,,,,None,1233000000,1233000000,,,,,,None,140000000,,0.2,0.0011,,,,-0.959,0.2,96000000,236000000,1.58,2024-03-31,23.75,,4113000000.0,519000000,-12000000,-4000000,,,None,108000000,10000000,,None,,,,,127000000,135000000,-98000000,None,0.154,,425000000,94000000,,,,,None,,,,,0.911,10.43,6.15,,,,,,,,0.255,,,2025-10-30,quarterly,1.78,USD,post-market,243000000,,0.0828,0.297,-0.41,29.16,203000000,,,,88.91,155.36,12.6582,,,,,,,1752000000,,25.57,,188.77,28.72
2025-12-28,WDC,7.1,10126000000.0,25.57,,1.886,17.22,,,,,,,,,,,,,,,None,2540000000,2540000000,,,,,,None,143000000,,0.2,0.0011,,,,-0.959,0.2,-151000000,-8000000,1.58,2023-12-31,23.75,,4113000000.0,492000000,-259000000,28000000,,,None,108000000,12000000,,None,,,,,-287000000,-287000000,-96000000,None,0.154,,702000000,-210000000,,,,,None,,,,,0.911,10.43,6.15,,,,,,,,0.255,,,2025-10-30,quarterly,1.78,USD,post-market,444000000,,0.0828,0.297,-0.41,29.16,198000000,,,,88.91,155.36,12.6582,,,,,,,3032000000,,25.57,,188.77,28.72
2025-12-28,WDC,7.1,10126000000.0,25.57,,1.886,17.22,,,,,,,,,,,,,,,None,2651000000,2651000000,,,,,,None,147000000,,0.2,0.0011,,,,-0.959,0.2,-584000000,-437000000,1.58,2023-09-30,23.75,,4113000000.0,99000000,-682000000,3000000,,,None,98000000,8000000,,None,,,,,-685000000,-685000000,-86000000,None,0.154,,695000000,-596000000,,,,,None,,,,,0.911,10.43,6.15,,,,,,,,0.255,,,2025-10-30,quarterly,1.78,USD,post-market,431000000,,0.0828,0.297,-0.41,29.16,207000000,,,,88.91,155.36,12.6582,,,,,,,2750000000,,25.57,,188.77,28.72
2025-12-28,WDC,7.1,10126000000.0,25.57,,1.886,17.22,,,,,,,,,,,,,,,None,2580000000,2580000000,,,,,,None,185000000,,0.2,0.0011,,,,-0.959,0.2,-641000000,-456000000,1.58,2023-06-30,23.75,,4113000000.0,92000000,-730000000,-15000000,,,None,89000000,9000000,,None,,,,,-715000000,-715000000,-80000000,None,0.154,,742000000,-650000000,,,,,9000000,,,,,0.911,10.43,6.15,,,,,,,,0.255,,,2025-10-30,quarterly,1.78,USD,post-market,458000000,,0.0828,0.297,-0.41,29.16,162000000,,,,88.91,155.36,12.6582,,,,,,,2672000000,,25.57,,188.77,28.72
2025-12-28,WDC,7.1,10126000000.0,25.57,,1.886,17.22,,,,,,,,,,,,,,,None,2517000000,2517000000,,,,,,None,213000000,,0.2,0.0011,,,,-0.959,0.2,-448000000,-235000000,1.58,2023-03-31,23.75,,4113000000.0,286000000,-528000000,43000000,,,None,80000000,10000000,,None,,,,,-571000000,-572000000,-57000000,None,0.154,,758000000,-472000000,,,,,23000000,,,,,0.911,10.43,6.15,,,,,,,,0.255,,,2025-10-30,quarterly,1.78,USD,post-market,476000000,,0.0828,0.297,-0.41,29.16,242000000,,,,88.91,155.36,12.6582,,,,,,,2803000000,,25.57,,188.77,28.72
2025-12-28,WDC,7.1,10126000000.0,25.57,,1.886,17.22,,,,,,,,,,,,,,,None,2579000000,2579000000,,,,,,None,214000000,,0.2,0.0011,,,,-0.959,0.2,-308000000,-94000000,1.58,2022-12-31,23.75,,4113000000.0,528000000,-381000000,70000000,,,None,73000000,3000000,,None,,,,,-451000000,-446000000,-64000000,None,0.154,,849000000,-321000000,,,,,9000000,,,,,0.911,10.43,6.15,,,,,,,,0.255,,,2025-10-30,quarterly,1.78,USD,post-market,523000000,,0.0828,0.297,-0.41,29.16,250000000,,,,88.91,155.36,12.6582,,,,,,,3107000000,,25.57,,188.77,28.72
2025-12-28,WDC,7.1,10126000000.0,25.57,,1.886,17.22,,,,,,,,,,,,,,,None,2755000000,2755000000,,,,,,None,216000000,,0.2,0.0011,,,,-0.959,0.2,154000000,370000000,1.58,2022-09-30,23.75,,4113000000.0,981000000,84000000,57000000,,,None,70000000,2000000,,None,,,,,27000000,27000000,-74000000,None,0.154,,823000000,158000000,,,,,-4000000,,,,,0.911,10.43,6.15,,,,,,,,0.255,,,2025-10-30,quarterly,1.78,USD,post-market,552000000,,0.0828,0.297,-0.41,29.16,247000000,,,,88.91,155.36,12.6582,,,,,,,3736000000,,25.57,,188.77,28.72
2025-12-28,WDC,7.1,10126000000.0,25.57,,1.886,17.22,,,,,,,,,,,,,,,None,3083000000,3083000000,,,,,,None,221000000,,0.2,0.0011,,,,-0.959,0.2,586000000,807000000,1.58,2022-06-30,23.75,,4113000000.0,1445000000,511000000,210000000,,,None,75000000,2000000,,None,,,,,301000000,301000000,-51000000,None,0.154,,883000000,562000000,,,,,24000000,,,,,0.911,10.43,6.15,,,,,,,,0.255,,,2025-10-30,quarterly,1.78,USD,post-market,598000000,,0.0828,0.297,-0.41,29.16,178000000,,,,88.91,155.36,12.6582,,,,,,,4528000000,,25.57,,188.77,28.72
2025-12-28,WDC,7.1,10126000000.0,25.57,,1.886,17.22,,,,,,,,,,,,,,,None,3200000000,3200000000,,,,,,None,216000000,,0.2,0.0011,,,,-0.959,0.2,337000000,553000000,1.58,2022-03-31,23.75,,4113000000.0,1181000000,262000000,237000000,,,None,75000000,1000000,,None,,,,,25000000,25000000,-62000000,None,0.154,,857000000,324000000,,,,,13000000,,,,,0.911,10.43,6.15,,,,,,,,0.255,,,2025-10-30,quarterly,1.78,USD,post-market,572000000,,0.0828,0.297,-0.41,29.16,281000000,,,,88.91,155.36,12.6582,,,,,,,4381000000,,25.57,,188.77,28.72
2025-12-28,WDC,7.1,10126000000.0,25.57,,1.886,17.22,,,,,,,,,,,,,,,None,3250000000,3250000000,,,,,,None,242000000,,0.2,0.0011,,,,-0.959,0.2,722000000,964000000,1.58,2021-12-31,23.75,,4113000000.0,1583000000,646000000,82000000,,,None,76000000,1000000,,None,,,,,564000000,564000000,-81000000,None,0.154,,856000000,727000000,,,,,-5000000,,,,,0.911,10.43,6.15,,,,,,,,0.255,,,2025-10-30,quarterly,1.78,USD,post-market,575000000,,0.0828,0.297,-0.41,29.16,279000000,,,,88.91,155.36,12.6582,,,,,,,4833000000,,25.57,,188.77,28.72
2025-12-28,WDC,7.1,10126000000.0,25.57,,1.886,17.22,,,,,,,,,,,,,,,None,3386000000,3386000000,,,,,,None,250000000,,0.2,0.0011,,,,-0.959,0.2,782000000,1032000000,1.58,2021-09-30,23.75,,4113000000.0,1665000000,704000000,94000000,,,None,78000000,2000000,,None,,,,,610000000,610000000,-74000000,None,0.154,,887000000,778000000,,,,,4000000,,,,,0.911,10.43,6.15,,,,,,,,0.255,,,2025-10-30,quarterly,1.78,USD,post-market,578000000,,0.0828,0.297,-0.41,29.16,291000000,,,,88.91,155.36,12.6582,,,,,,,5051000000,,25.57,,188.77,28.72
2025-12-28,WDC,7.1,10126000000.0,25.57,,1.886,17.22,,,,,,,,,,,,,,,None,3354000000,3354000000,,,,,,None,251000000,,0.2,0.0011,,,,-0.959,0.2,676000000,927000000,1.58,2021-06-30,23.75,,4113000000.0,1566000000,596000000,-26000000,,,None,80000000,1000000,,None,,,,,622000000,622000000,-79000000,None,0.154,,891000000,675000000,,,,,1000000,,,,,0.911,10.43,6.15,,,,,,,,0.255,,,2025-10-30,quarterly,1.78,USD,post-market,598000000,,0.0828,0.297,-0.41,29.16,213000000,,,,88.91,155.36,12.6582,,,,,,,4920000000,,25.57,,188.77,28.72
2025-12-28,WDC,7.1,10126000000.0,25.57,,1.886,17.22,,,,,,,,,,,,,,,None,3046000000,3046000000,,,,,,None,251000000,,0.2,0.0011,,,,-0.959,0.2,330000000,581000000,1.58,2021-03-31,23.75,,4113000000.0,1091000000,249000000,52000000,,,None,81000000,2000000,,None,,,,,197000000,197000000,-68000000,None,0.154,,774000000,317000000,,,,,13000000,,,,,0.911,10.43,6.15,,,,,,,,0.255,,,2025-10-30,quarterly,1.78,USD,post-market,555000000,,0.0828,0.297,-0.41,29.16,287000000,,,,88.91,155.36,12.6582,,,,,,,4137000000,,25.57,,188.77,28.72
2025-12-28,WDC,7.1,10126000000.0,25.57,,1.886,17.22,,,,,,,,,,,,,,,None,2983000000,2983000000,,,,,,None,336000000,,0.2,0.0011,,,,-0.959,0.2,166000000,502000000,1.58,2020-12-31,23.75,,4113000000.0,960000000,85000000,23000000,,,None,81000000,2000000,,None,,,,,62000000,62000000,-73000000,None,0.154,,802000000,158000000,,,,,8000000,,,,,0.911,10.43,6.15,,,,,,,,0.255,,,2025-10-30,quarterly,1.78,USD,post-market,535000000,,0.0828,0.297,-0.41,29.16,265000000,,,,88.91,155.36,12.6582,,,,,,,3943000000,,25.57,,188.77,28.72
2025-12-28,WDC,7.1,10126000000.0,25.57,,1.886,17.22,,,,,,,,,,,,,,,None,3018000000,3018000000,,,,,,None,374000000,,0.2,0.0011,,,,-0.959,0.2,81000000,455000000,1.58,2020-09-30,23.75,,4113000000.0,904000000,-3000000,57000000,,,None,84000000,2000000,,None,,,,,-60000000,-60000000,-82000000,None,0.154,,834000000,70000000,,,,,None,,,,,0.911,10.43,6.15,,,,,,,,0.255,,,2025-10-30,quarterly,1.78,USD,post-market,555000000,,0.0828,0.297,-0.41,29.16,256000000,,,,88.91,155.36,12.6582,,,,,,,3922000000,,25.57,,188.77,28.72
2025-12-28,WDC,7.1,10126000000.0,25.57,,1.886,17.22,,,,,,,,,,,,,,,None,3204000000,3204000000,,,,,,None,377000000,,0.2,0.0011,,,,-0.959,0.2,272000000,649000000,1.58,2020-06-30,23.75,,4113000000.0,1083000000,185000000,37000000,,,None,87000000,2000000,,None,,,,,148000000,148000000,-85000000,None,0.154,,822000000,261000000,,,,,None,,,,,0.911,10.43,6.15,,,,,,,,0.255,,,2025-10-30,quarterly,1.78,USD,post-market,546000000,,0.0828,0.297,-0.41,29.16,176000000,,,,88.91,155.36,12.6582,,,,,,,4287000000,,25.57,,188.77,28.72
2025-12-28,WDC,7.1,10126000000.0,25.57,,1.886,17.22,,,,,,,,,,,,,,,None,3170000000,3170000000,,,,,,None,384000000,,0.2,0.0011,,,,-0.959,0.2,145000000,529000000,1.58,2020-03-31,23.75,,4113000000.0,1005000000,46000000,29000000,,,None,99000000,6000000,,None,,,,,17000000,17000000,-93000000,None,0.154,,852000000,153000000,,,,,-8000000,,,,,0.911,10.43,6.15,,,,,,,,0.255,,,2025-10-30,quarterly,1.78,USD,post-market,563000000,,0.0828,0.297,-0.41,29.16,281000000,,,,88.91,155.36,12.6582,,,,,,,4175000000,,25.57,,188.77,28.72
2025-12-28,WDC,7.1,10126000000.0,25.57,,1.886,17.22,,,,,,,,,,,,,,,None,3299000000,3299000000,,,,,,None,399000000,,0.2,0.0011,,,,-0.959,0.2,65000000,464000000,1.58,2019-12-31,23.75,,4113000000.0,935000000,-40000000,99000000,,,None,105000000,8000000,,None,,,,,-139000000,59000000,-97000000,None,0.154,,885000000,50000000,,,,,15000000,,,,,0.911,10.43,6.15,,,,,,,,0.255,,,2025-10-30,quarterly,1.78,USD,post-market,578000000,,0.0828,0.297,-0.41,29.16,298000000,,,,88.91,155.36,12.6582,,,,,,,4234000000,,25.57,,188.77,28.72
2025-12-28,WDC,7.1,10126000000.0,25.57,,1.886,17.22,,,,,,,,,,,,,,,None,3282000000,3282000000,,,,,,None,406000000,,0.2,0.0011,,,,-0.959,0.2,-115000000,291000000,1.58,2019-09-30,23.75,,4113000000.0,758000000,-237000000,39000000,,,None,122000000,12000000,,None,,,,,-276000000,-198000000,-110000000,None,0.154,,887000000,-129000000,,,,,14000000,,,,,0.911,10.43,6.15,,,,,,,,0.255,,,2025-10-30,quarterly,1.78,USD,post-market,574000000,,0.0828,0.297,-0.41,29.16,305000000,,,,88.91,155.36,12.6582,,,,,,,4040000000,,25.57,,188.77,28.72
2025-12-28,WDC,7.1,10126000000.0,25.57,,1.886,17.22,,,,,,,,,,,,,,,None,3169000000,3169000000,,,,,,None,416000000,,0.2,0.0011,,,,-0.959,0.2,-357000000,59000000,1.58,2019-06-30,23.75,,4113000000.0,465000000,-474000000,-277000000,,,None,117000000,14000000,,None,,,,,-197000000,-751000000,-103000000,None,0.154,,846000000,-381000000,,,,,24000000,,,,,0.911,10.43,6.15,,,,,,,,0.255,,,2025-10-30,quarterly,1.78,USD,post-market,523000000,,0.0828,0.297,-0.41,29.16,192000000,,,,88.91,155.36,12.6582,,,,,,,3634000000,,25.57,,188.77,28.72
2025-12-28,WDC,7.1,10126000000.0,25.57,,1.886,17.22,,,,,,,,,,,,,,,None,3095000000,3095000000,,,,,,None,444000000,,0.2,0.0011,,,,-0.959,0.2,-359000000,85000000,1.58,2019-03-31,23.75,,4113000000.0,579000000,-477000000,104000000,,,None,118000000,13000000,,None,,,,,-581000000,-373000000,-105000000,None,0.154,,973000000,-394000000,,,,,35000000,,,,,0.911,10.43,6.15,,,,,,,,0.255,,,2025-10-30,quarterly,1.78,USD,post-market,544000000,,0.0828,0.297,-0.41,29.16,353000000,,,,88.91,155.36,12.6582,,,,,,,3674000000,,25.57,,188.77,28.72
2025-12-28,WDC,7.1,10126000000.0,25.57,,1.886,17.22,,,,,,,,,,,,,,,None,3189000000,3189000000,,,,,,None,472000000,,0.2,0.0011,,,,-0.959,0.2,199000000,671000000,1.58,2018-12-31,23.75,,4113000000.0,1044000000,81000000,568000000,,,None,118000000,None,,None,,,,,-487000000,649000000,None,None,0.154,,868000000,176000000,,,,,23000000,,,,,0.911,10.43,6.15,,,,,,,,0.255,,,2025-10-30,quarterly,1.78,USD,post-market,539000000,,0.0828,0.297,-0.41,29.16,309000000,,,,88.91,155.36,12.6582,,,,,,,4233000000,,25.57,,188.77,28.72
2025-12-28,WDC,7.1,10126000000.0,25.57,,1.886,17.22,,,,,,,,,,,,,,,None,3364000000,3364000000,,,,,,None,480000000,,0.2,0.0011,,,,-0.959,0.2,699000000,1179000000,1.58,2018-09-30,23.75,,4113000000.0,1664000000,583000000,72000000,,,None,116000000,None,,None,,,,,511000000,655000000,None,None,0.154,,978000000,686000000,,,,,13000000,,,,,0.911,10.43,6.15,,,,,,,,0.255,,,2025-10-30,quarterly,1.78,USD,post-market,576000000,,0.0828,0.297,-0.41,29.16,356000000,,,,88.91,155.36,12.6582,,,,,,,5028000000,,25.57,,188.77,28.72
2025-12-28,WDC,7.1,10126000000.0,25.57,,1.886,17.22,,,,,,,,,,,,,,,None,3265000000,3265000000,,,,,,None,489000000,,0.2,0.0011,,,,-0.959,0.2,843000000,1332000000,1.58,2018-06-30,23.75,,4113000000.0,1852000000,729000000,-27000000,,,None,114000000,None,,None,,,,,756000000,702000000,None,None,0.154,,1009000000,843000000,,,,,None,,,,,0.911,10.43,6.15,,,,,,,,0.255,,,2025-10-30,quarterly,1.78,USD,post-market,577000000,,0.0828,0.297,-0.41,29.16,240000000,,,,88.91,155.36,12.6582,,,,,,,5117000000,,25.57,,188.77,28.72
2025-12-28,WDC,7.1,10126000000.0,25.57,,1.886,17.22,,,,,,,,,,,,,,,None,3086000000,3086000000,,,,,,None,499000000,,0.2,0.0011,,,,-0.959,0.2,32000000,531000000,1.58,2018-03-31,23.75,,4113000000.0,1927000000,-128000000,-189000000,,,None,160000000,None,,None,,,,,61000000,-317000000,None,None,0.154,,1013000000,914000000,,,,,-882000000,,,,,0.911,10.43,6.15,,,,,,,,0.255,,,2025-10-30,quarterly,1.78,USD,post-market,602000000,,0.0828,0.297,-0.41,29.16,376000000,,,,88.91,155.36,12.6582,,,,,,,5013000000,,25.57,,188.77,28.72
2025-12-28,WDC,7.1,10126000000.0,25.57,,1.886,17.22,,,,,,,,,,,,,,,None,3323000000,3323000000,,,,,,None,535000000,,0.2,0.0011,,,,-0.959,0.2,971000000,1506000000,1.58,2017-12-31,23.75,,4113000000.0,2013000000,774000000,1597000000,,,None,197000000,None,,None,,,,,-823000000,2371000000,None,None,0.154,,1058000000,955000000,,,,,16000000,,,,,0.911,10.43,6.15,,,,,,,,0.255,,,2025-10-30,quarterly,1.78,USD,post-market,629000000,,0.0828,0.297,-0.41,29.16,381000000,,,,88.91,155.36,12.6582,,,,,,,5336000000,,25.57,,188.77,28.72
2025-12-28,WDC,7.1,10126000000.0,25.57,,1.886,17.22,,,,,,,,,,,,,,,None,3268000000,3268000000,,,,,,None,533000000,,0.2,0.0011,,,,-0.959,0.2,915000000,1448000000,1.58,2017-09-30,23.75,,4113000000.0,1913000000,710000000,29000000,,,None,205000000,None,,None,,,,,681000000,739000000,None,None,0.154,,1008000000,905000000,,,,,10000000,,,,,0.911,10.43,6.15,,,,,,,,0.255,,,2025-10-30,quarterly,1.78,USD,post-market,592000000,,0.0828,0.297,-0.41,29.16,364000000,,,,88.91,155.36,12.6582,,,,,,,5181000000,,25.57,,188.77,28.72
2025-12-28,WDC,7.1,10126000000.0,25.57,,1.886,17.22,,,,,,,,,,,,,,,None,3161000000,3161000000,,,,,,None,546000000,,0.2,0.0011,,,,-0.959,0.2,616000000,1162000000,1.58,2017-06-30,23.75,,4113000000.0,1681000000,415000000,135000000,,,None,201000000,None,,None,,,,,280000000,-258000000,None,None,0.154,,1029000000,652000000,,,,,-327000000,,,,,0.911,10.43,6.15,,,,,,,,0.255,,,2025-10-30,quarterly,1.78,USD,post-market,604000000,,0.0828,0.297,-0.41,29.16,256000000,,,,88.91,155.36,12.6582,,,,,,,4842000000,,25.57,,188.77,28.72
2025-12-28,WDC,7.1,10126000000.0,25.57,,1.886,17.22,,,,,,,,,,,,,,,None,3126000000,3126000000,,,,,,None,560000000,,0.2,0.0011,,,,-0.959,0.2,509000000,1069000000,1.58,2017-03-31,23.75,,4113000000.0,1523000000,304000000,56000000,,,None,205000000,None,,None,,,,,248000000,248000000,None,None,0.154,,998000000,525000000,,,,,-16000000,,,,,0.911,10.43,6.15,,,,,,,,0.255,,,2025-10-30,quarterly,1.78,USD,post-market,613000000,,0.0828,0.297,-0.41,29.16,346000000,,,,88.91,155.36,12.6582,,,,,,,4649000000,,25.57,,188.77,28.72
2025-12-28,WDC,7.1,10126000000.0,25.57,,1.886,17.22,,,,,,,,,,,,,,,None,3355000000,3355000000,,,,,,None,514000000,,0.2,0.0011,,,,-0.959,0.2,526000000,1040000000,1.58,2016-12-31,23.75,,4113000000.0,1533000000,321000000,86000000,,,None,205000000,None,,None,,,,,235000000,407000000,None,None,0.154,,988000000,545000000,,,,,5000000,,,,,0.911,10.43,6.15,,,,,,,,0.255,,,2025-10-30,quarterly,1.78,USD,post-market,585000000,,0.0828,0.297,-0.41,29.16,358000000,,,,88.91,155.36,12.6582,,,,,,,4888000000,,25.57,,188.77,28.72
2025-12-28,WDC,7.1,10126000000.0,25.57,,1.886,17.22,,,,,,,,,,,,,,,None,3379000000,3379000000,,,,,,None,508000000,,0.2,0.0011,,,,-0.959,0.2,-35000000,473000000,1.58,2016-09-30,23.75,,4113000000.0,1335000000,-271000000,95000000,,,None,236000000,None,,None,,,,,-366000000,-366000000,None,None,0.154,,1103000000,232000000,,,,,None,,,,,0.911,10.43,6.15,,,,,,,,0.255,,,2025-10-30,quarterly,1.78,USD,post-market,639000000,,0.0828,0.297,-0.41,29.16,396000000,,,,88.91,155.36,12.6582,,,,,,,4714000000,,25.57,,188.77,28.72
2025-12-28,WDC,7.1,10126000000.0,25.57,,1.886,17.22,,,,,,,,,,,,,,,None,2674000000,2674000000,,,,,,None,420000000,,0.2,0.0011,,,,-0.959,0.2,-259000000,161000000,1.58,2016-06-30,23.75,,4113000000.0,821000000,-485000000,-119000000,,,None,290000000,None,,None,,,,,-366000000,-366000000,None,None,0.154,,1016000000,-195000000,,,,,-64000000,,,,,0.911,10.43,6.15,,,,,,,,0.255,,,2025-10-30,quarterly,1.78,USD,post-market,494000000,,0.0828,0.297,-0.41,29.16,340000000,,,,88.91,155.36,12.6582,,,,,,,3495000000,,25.57,,188.77,28.72
2025-12-28,WDC,7.1,10126000000.0,25.57,,1.886,17.22,,,,,,,,,,,,,,,None,2069000000,2069000000,,,,,,None,246000000,,0.2,0.0011,,,,-0.959,0.2,94000000,340000000,1.58,2016-03-31,23.75,,4113000000.0,753000000,80000000,6000000,,,None,14000000,None,,None,,,,,74000000,74000000,None,None,0.154,,665000000,88000000,,,,,6000000,,,,,0.911,10.43,6.15,,,,,,,,0.255,,,2025-10-30,quarterly,1.78,USD,post-market,359000000,,0.0828,0.297,-0.41,29.16,166000000,,,,88.91,155.36,12.6582,,,,,,,2822000000,,25.57,,188.77,28.72
2025-12-28,WDC,7.1,10126000000.0,25.57,,1.886,17.22,,,,,,,,,,,,,,,None,2411000000,2411000000,,,,,,None,252000000,,0.2,0.0011,,,,-0.959,0.2,257000000,509000000,1.58,2015-12-31,23.75,,4113000000.0,906000000,244000000,-7000000,,,None,13000000,None,,None,,,,,251000000,407000000,None,None,0.154,,655000000,251000000,,,,,5000000,,,,,0.911,10.43,6.15,,,,,,,,0.255,,,2025-10-30,quarterly,1.78,USD,post-market,389000000,,0.0828,0.297,-0.41,29.16,207000000,,,,88.91,155.36,12.6582,,,,,,,3317000000,,25.57,,188.77,28.72
2025-12-28,WDC,7.1,10126000000.0,25.57,,1.886,17.22,,,,,,,,,,,,,,,None,2405000000,2405000000,,,,,,None,236000000,,0.2,0.0011,,,,-0.959,0.2,327000000,563000000,1.58,2015-09-30,23.75,,4113000000.0,955000000,314000000,31000000,,,None,13000000,None,,None,,,,,283000000,283000000,None,None,0.154,,633000000,322000000,,,,,5000000,,,,,0.911,10.43,6.15,,,,,,,,0.255,,,2025-10-30,quarterly,1.78,USD,post-market,385000000,,0.0828,0.297,-0.41,29.16,192000000,,,,88.91,155.36,12.6582,,,,,,,3360000000,,25.57,,188.77,28.72
2025-12-28,WDC,7.1,10126000000.0,25.57,,1.886,17.22,,,,,,,,,,,,,,,None,2261000000,2261000000,,,,,,None,250000000,,0.2,0.0011,,,,-0.959,0.2,259000000,509000000,1.58,2015-06-30,23.75,,4113000000.0,930000000,247000000,27000000,,,None,12000000,None,,None,,,,,220000000,220000000,None,None,0.154,,675000000,255000000,,,,,4000000,,,,,0.911,10.43,6.15,,,,,,,,0.255,,,2025-10-30,quarterly,1.78,USD,post-market,381000000,,0.0828,0.297,-0.41,29.16,119000000,,,,88.91,155.36,12.6582,,,,,,,3191000000,,25.57,,188.77,28.72
2025-12-28,WDC,7.1,10126000000.0,25.57,,1.886,17.22,,,,,,,,,,,,,,,None,2518000000,2518000000,,,,,,None,285000000,,0.2,0.0011,,,,-0.959,0.2,424000000,709000000,1.58,2015-03-31,23.75,,4113000000.0,1032000000,412000000,28000000,,,None,12000000,None,,None,,,,,384000000,384000000,None,None,0.154,,611000000,421000000,,,,,3000000,,,,,0.911,10.43,6.15,,,,,,,,0.255,,,2025-10-30,quarterly,1.78,USD,post-market,402000000,,0.0828,0.297,-0.41,29.16,199000000,,,,88.91,155.36,12.6582,,,,,,,3550000000,,25.57,,188.77,28.72
2025-12-28,WDC,7.1,10126000000.0,25.57,,1.886,17.22,,,,,,,,,,,,,,,None,2778000000,2778000000,,,,,,None,290000000,,0.2,0.0011,,,,-0.959,0.2,470000000,760000000,1.58,2014-12-31,23.75,,4113000000.0,1110000000,458000000,20000000,,,None,12000000,None,,None,,,,,438000000,438000000,None,None,0.154,,644000000,466000000,,,,,4000000,,,,,0.911,10.43,6.15,,,,,,,,0.255,,,2025-10-30,quarterly,1.78,USD,post-market,426000000,,0.0828,0.297,-0.41,29.16,164000000,,,,88.91,155.36,12.6582,,,,,,,3888000000,,25.57,,188.77,28.72
2025-12-28,WDC,7.1,10126000000.0,25.57,,1.886,17.22,,,,,,,,,,,,,,,None,2794000000,2794000000,,,,,,None,289000000,,0.2,0.0011,,,,-0.959,0.2,473000000,762000000,1.58,2014-09-30,23.75,,4113000000.0,1149000000,460000000,37000000,,,None,13000000,None,,None,,,,,423000000,423000000,None,None,0.154,,680000000,469000000,,,,,4000000,,,,,0.911,10.43,6.15,,,,,,,,0.255,,,2025-10-30,quarterly,1.78,USD,post-market,437000000,,0.0828,0.297,-0.41,29.16,220000000,,,,88.91,155.36,12.6582,,,,,,,3943000000,,25.57,,188.77,28.72
2025-12-28,WDC,7.1,10126000000.0,25.57,,1.886,17.22,,,,,,,,,,,,,,,None,2580000000,2580000000,,,,,,None,308000000,,0.2,0.0011,,,,-0.959,0.2,359000000,667000000,1.58,2014-06-30,23.75,,4113000000.0,1071000000,347000000,30000000,,,None,12000000,None,,None,,,,,317000000,317000000,None,None,0.154,,719000000,352000000,,,,,7000000,,,,,0.911,10.43,6.15,,,,,,,,0.255,,,2025-10-30,quarterly,1.78,USD,post-market,413000000,,0.0828,0.297,-0.41,29.16,142000000,,,,88.91,155.36,12.6582,,,,,,,3651000000,,25.57,,188.77,28.72
2025-12-28,WDC,7.1,10126000000.0,25.57,,1.886,17.22,,,,,,,,,,,,,,,None,2627000000,2627000000,,,,,,None,307000000,,0.2,0.0011,,,,-0.959,0.2,423000000,730000000,1.58,2014-03-31,23.75,,4113000000.0,1076000000,406000000,31000000,,,None,17000000,None,,None,,,,,375000000,375000000,None,None,0.154,,657000000,419000000,,,,,4000000,,,,,0.911,10.43,6.15,,,,,,,,0.255,,,2025-10-30,quarterly,1.78,USD,post-market,418000000,,0.0828,0.297,-0.41,29.16,201000000,,,,88.91,155.36,12.6582,,,,,,,3703000000,,25.57,,188.77,28.72
2025-12-28,WDC,7.1,10126000000.0,25.57,,1.886,17.22,,,,,,,,,,,,,,,None,2816000000,2816000000,,,,,,None,317000000,,0.2,0.0011,,,,-0.959,0.2,481000000,798000000,1.58,2013-12-31,23.75,,4113000000.0,1156000000,467000000,37000000,,,None,14000000,None,,None,,,,,430000000,430000000,None,None,0.154,,678000000,478000000,,,,,3000000,,,,,0.911,10.43,6.15,,,,,,,,0.255,,,2025-10-30,quarterly,1.78,USD,post-market,416000000,,0.0828,0.297,-0.41,29.16,226000000,,,,88.91,155.36,12.6582,,,,,,,3972000000,,25.57,,188.77,28.72
2025-12-28,WDC,7.1,10126000000.0,25.57,,1.886,17.22,,,,,,,,,,,,,,,None,2705000000,2705000000,,,,,,None,312000000,,0.2,0.0011,,,,-0.959,0.2,545000000,857000000,1.58,2013-09-30,23.75,,4113000000.0,1099000000,532000000,37000000,,,None,13000000,None,,None,,,,,495000000,495000000,None,None,0.154,,557000000,542000000,,,,,3000000,,,,,0.911,10.43,6.15,,,,,,,,0.255,,,2025-10-30,quarterly,1.78,USD,post-market,401000000,,0.0828,0.297,-0.41,29.16,132000000,,,,88.91,155.36,12.6582,,,,,,,3804000000,,25.57,,188.77,28.72
2025-12-28,WDC,7.1,10126000000.0,25.57,,1.886,17.22,,,,,,,,,,,,,,,None,2678000000,2678000000,,,,,,None,302000000,,0.2,0.0011,,,,-0.959,0.2,-218000000,84000000,1.58,2013-06-30,23.75,,4113000000.0,1050000000,-230000000,35000000,,,None,12000000,None,,None,,,,,-265000000,-265000000,None,None,0.154,,1271000000,-221000000,,,,,3000000,,,,,0.911,10.43,6.15,,,,,,,,0.255,,,2025-10-30,quarterly,1.78,USD,post-market,402000000,,0.0828,0.297,-0.41,29.16,205000000,,,,88.91,155.36,12.6582,,,,,,,3728000000,,25.57,,188.77,28.72
2025-12-28,WDC,7.1,10126000000.0,25.57,,1.886,17.22,,,,,,,,,,,,,,,None,2703000000,2703000000,,,,,,None,309000000,,0.2,0.0011,,,,-0.959,0.2,420000000,729000000,1.58,2013-03-31,23.75,,4113000000.0,1061000000,406000000,15000000,,,None,14000000,None,,None,,,,,391000000,391000000,None,None,0.154,,644000000,417000000,,,,,3000000,,,,,0.911,10.43,6.15,,,,,,,,0.255,,,2025-10-30,quarterly,1.78,USD,post-market,396000000,,0.0828,0.297,-0.41,29.16,185000000,,,,88.91,155.36,12.6582,,,,,,,3764000000,,25.57,,188.77,28.72
2025-12-28,WDC,7.1,10126000000.0,25.57,,1.886,17.22,,,,,,,,,,,,,,,None,2765000000,2765000000,,,,,,None,309000000,,0.2,0.0011,,,,-0.959,0.2,481000000,790000000,1.58,2012-12-31,23.75,,4113000000.0,1059000000,468000000,133000000,,,None,13000000,None,,None,,,,,335000000,335000000,None,None,0.154,,581000000,478000000,,,,,3000000,,,,,0.911,10.43,6.15,,,,,,,,0.255,,,2025-10-30,quarterly,1.78,USD,post-market,378000000,,0.0828,0.297,-0.41,29.16,162000000,,,,88.91,155.36,12.6582,,,,,,,3824000000,,25.57,,188.77,28.72
2025-12-28,WDC,7.1,10126000000.0,25.57,,1.886,17.22,,,,,,,,,,,,,,,None,2842000000,2842000000,,,,,,None,313000000,,0.2,0.0011,,,,-0.959,0.2,594000000,907000000,1.58,2012-09-30,23.75,,4113000000.0,1193000000,578000000,59000000,,,None,16000000,None,,None,,,,,519000000,519000000,None,None,0.154,,601000000,592000000,,,,,2000000,,,,,0.911,10.43,6.15,,,,,,,,0.255,,,2025-10-30,quarterly,1.78,USD,post-market,396000000,,0.0828,0.297,-0.41,29.16,205000000,,,,88.91,155.36,12.6582,,,,,,,4035000000,,25.57,,188.77,28.72
2025-12-28,WDC,7.1,10126000000.0,25.57,,1.886,17.22,,,,,,,,,,,,,,,None,3282000000,3282000000,,,,,,None,339000000,,0.2,0.0011,,,,-0.959,0.2,811000000,1150000000,1.58,2012-06-30,23.75,,4113000000.0,1472000000,802000000,57000000,,,None,9000000,None,,None,,,,,745000000,745000000,None,None,0.154,,664000000,808000000,,,,,3000000,,,,,0.911,10.43,6.15,,,,,,,,0.255,,,2025-10-30,quarterly,1.78,USD,post-market,406000000,,0.0828,0.297,-0.41,29.16,157000000,,,,88.91,155.36,12.6582,,,,,,,4754000000,,25.57,,188.77,28.72
2025-12-28,WDC,7.1,10126000000.0,25.57,,1.886,17.22,,,,,,,,,,,,,,,None,2058000000,2058000000,,,,,,None,188000000,,0.2,0.0011,,,,-0.959,0.2,545000000,733000000,1.58,2012-03-31,23.75,,4113000000.0,977000000,538000000,55000000,,,None,7000000,None,,None,,,,,483000000,483000000,None,None,0.154,,435000000,542000000,,,,,3000000,,,,,0.911,10.43,6.15,,,,,,,,0.255,,,2025-10-30,quarterly,1.78,USD,post-market,265000000,,0.0828,0.297,-0.41,29.16,122000000,,,,88.91,155.36,12.6582,,,,,,,3035000000,,25.57,,188.77,28.72
2025-12-28,WDC,7.1,10126000000.0,25.57,,1.886,17.22,,,,,,,,,,,,,,,None,1347000000,1347000000,,,,,,None,140000000,,0.2,0.0011,,,,-0.959,0.2,165000000,305000000,1.58,2011-12-31,23.75,,4113000000.0,648000000,160000000,15000000,,,None,2000000,None,,None,,,,,145000000,145000000,None,None,0.154,,486000000,162000000,,,,,3000000,,,,,0.911,10.43,6.15,,,,,,,,0.255,,,2025-10-30,quarterly,1.78,USD,post-market,191000000,,0.0828,0.297,-0.41,29.16,96000000,,,,88.91,155.36,12.6582,,,,,,,1995000000,,25.57,,188.77,28.72
2025-12-28,WDC,7.1,10126000000.0,25.57,,1.886,17.22,,,,,,,,,,,,,,,None,2153000000,2153000000,,,,,,None,158000000,,0.2,0.0011,,,,-0.959,0.2,262000000,420000000,1.58,2011-09-30,23.75,,4113000000.0,541000000,258000000,19000000,,,None,1000000,None,,None,,,,,239000000,239000000,None,None,0.154,,282000000,259000000,,,,,3000000,,,,,0.911,10.43,6.15,,,,,,,,0.255,,,2025-10-30,quarterly,1.78,USD,post-market,193000000,,0.0828,0.297,-0.41,29.16,89000000,,,,88.91,155.36,12.6582,,,,,,,2694000000,,25.57,,188.77,28.72
2025-12-28,WDC,7.1,10126000000.0,25.57,,1.886,17.22,,,,,,,,,,,,,,,None,1934000000,1934000000,,,,,,None,150000000,,0.2,0.0011,,,,-0.959,0.2,175000000,325000000,1.58,2011-06-30,23.75,,4113000000.0,469000000,171000000,13000000,,,None,4000000,None,,None,,,,,158000000,158000000,None,None,0.154,,297000000,172000000,,,,,3000000,,,,,0.911,10.43,6.15,,,,,,,,0.255,,,2025-10-30,quarterly,1.78,USD,post-market,188000000,,0.0828,0.297,-0.41,29.16,109000000,,,,88.91,155.36,12.6582,,,,,,,2403000000,,25.57,,188.77,28.72
2025-12-28,WDC,7.1,10126000000.0,25.57,,1.886,17.22,,,,,,,,,,,,,,,None,1842000000,1842000000,,,,,,None,151000000,,0.2,0.0011,,,,-0.959,0.2,160000000,311000000,1.58,2011-03-31,23.75,,4113000000.0,410000000,159000000,13000000,,,None,1000000,None,,None,,,,,146000000,146000000,None,None,0.154,,252000000,158000000,,,,,2000000,,,,,0.911,10.43,6.15,,,,,,,,0.255,,,2025-10-30,quarterly,1.78,USD,post-market,179000000,,0.0828,0.297,-0.41,29.16,63000000,,,,88.91,155.36,12.6582,,,,,,,2252000000,,25.57,,188.77,28.72
2025-12-28,WDC,7.1,10126000000.0,25.57,,1.886,17.22,,,,,,,,,,,,,,,None,2000000000,2000000000,,,,,,None,151000000,,0.2,0.0011,,,,-0.959,0.2,242000000,393000000,1.58,2010-12-31,23.75,,4113000000.0,475000000,239000000,14000000,,,None,3000000,None,,None,,,,,225000000,225000000,None,None,0.154,,235000000,240000000,,,,,2000000,,,,,0.911,10.43,6.15,,,,,,,,0.255,,,2025-10-30,quarterly,1.78,USD,post-market,169000000,,0.0828,0.297,-0.41,29.16,66000000,,,,88.91,155.36,12.6582,,,,,,,2475000000,,25.57,,188.77,28.72
2025-12-28,WDC,7.1,10126000000.0,25.57,,1.886,17.22,,,,,,,,,,,,,,,None,1959000000,1959000000,,,,,,None,150000000,,0.2,0.0011,,,,-0.959,0.2,213000000,363000000,1.58,2010-09-30,23.75,,4113000000.0,437000000,211000000,14000000,,,None,2000000,None,,None,,,,,197000000,197000000,None,None,0.154,,226000000,211000000,,,,,2000000,,,,,0.911,10.43,6.15,,,,,,,,0.255,,,2025-10-30,quarterly,1.78,USD,post-market,167000000,,0.0828,0.297,-0.41,29.16,59000000,,,,88.91,155.36,12.6582,,,,,,,2396000000,,25.57,,188.77,28.72
2025-12-28,WDC,7.1,10126000000.0,25.57,,1.886,17.22,,,,,,,,,,,,,,,None,1847000000,1847000000,,,,,,None,134000000,,0.2,0.0011,,,,-0.959,0.2,293000000,427000000,1.58,2010-06-30,23.75,,4113000000.0,535000000,292000000,28000000,,,None,1000000,None,,None,,,,,264000000,265000000,None,None,0.154,,243000000,292000000,,,,,1000000,,,,,0.911,10.43,6.15,,,,,,,,0.255,,,2025-10-30,quarterly,1.78,USD,post-market,155000000,,0.0828,0.297,-0.41,29.16,88000000,,,,88.91,155.36,12.6582,,,,,,,2382000000,,25.57,,188.77,28.72
2025-12-28,WDC,7.1,10126000000.0,25.57,,1.886,17.22,,,,,,,,,,,,,,,None,1976000000,1976000000,,,,,,None,129000000,,0.2,0.0011,,,,-0.959,0.2,442000000,571000000,1.58,2010-03-31,23.75,,4113000000.0,665000000,440000000,40000000,,,None,2000000,None,,None,,,,,400000000,400000000,None,None,0.154,,224000000,441000000,,,,,1000000,,,,,0.911,10.43,6.15,,,,,,,,0.255,,,2025-10-30,quarterly,1.78,USD,post-market,160000000,,0.0828,0.297,-0.41,29.16,64000000,,,,88.91,155.36,12.6582,,,,,,,2641000000,,25.57,,188.77,28.72
2025-12-28,WDC,7.1,10126000000.0,25.57,,1.886,17.22,,,,,,,,,,,,,,,None,1932000000,1932000000,,,,,,None,126000000,,0.2,0.0011,,,,-0.959,0.2,474000000,600000000,1.58,2009-12-31,23.75,,4113000000.0,687000000,471000000,42000000,,,None,3000000,None,,None,,,,,429000000,429000000,None,None,0.154,,214000000,473000000,,,,,1000000,,,,,0.911,10.43,6.15,,,,,,,,0.255,,,2025-10-30,quarterly,1.78,USD,post-market,154000000,,0.0828,0.297,-0.41,29.16,60000000,,,,88.91,155.36,12.6582,,,,,,,2619000000,,25.57,,188.77,28.72
2025-12-28,WDC,7.1,10126000000.0,25.57,,1.886,17.22,,,,,,,,,,,,,,,None,1694000000,1694000000,,,,,,None,121000000,,0.2,0.0011,,,,-0.959,0.2,320000000,441000000,1.58,2009-09-30,23.75,,4113000000.0,514000000,317000000,29000000,,,None,3000000,None,,None,,,,,288000000,288000000,None,None,0.154,,195000000,319000000,,,,,1000000,,,,,0.911,10.43,6.15,,,,,,,,0.255,,,2025-10-30,quarterly,1.78,USD,post-market,142000000,,0.0828,0.297,-0.41,29.16,53000000,,,,88.91,155.36,12.6582,,,,,,,2208000000,,25.57,,188.77,28.72
2025-12-28,WDC,7.1,10126000000.0,25.57,,1.886,17.22,,,,,,,,,,,,,,,None,1559000000,1559000000,,,,,,None,121000000,,0.2,0.0011,,,,-0.959,0.2,210000000,331000000,1.58,2009-06-30,23.75,,4113000000.0,370000000,207000000,11000000,,,None,3000000,None,,None,,,,,196000000,0,None,None,0.154,,161000000,209000000,,,,,None,,,,,0.911,10.43,6.15,,,,,,,,0.255,,,2025-10-30,quarterly,1.78,USD,post-market,132000000,,0.0828,0.297,-0.41,29.16,52000000,,,,88.91,155.36,12.6582,,,,,,,1929000000,,25.57,,188.77,28.72
2025-12-28,WDC,7.1,10126000000.0,25.57,,1.886,17.22,,,,,,,,,,,,,,,None,1339000000,1339000000,,,,,,None,119000000,,0.2,0.0011,,,,-0.959,0.2,62000000,181000000,1.58,2009-03-31,23.75,,4113000000.0,253000000,58000000,8000000,,,None,4000000,None,,None,,,,,50000000,0,None,None,0.154,,192000000,61000000,,,,,None,,,,,0.911,10.43,6.15,,,,,,,,0.255,,,2025-10-30,quarterly,1.78,USD,post-market,125000000,,0.0828,0.297,-0.41,29.16,49000000,,,,88.91,155.36,12.6582,,,,,,,1592000000,,25.57,,188.77,28.72
2025-12-28,WDC,7.1,10126000000.0,25.57,,1.886,17.22,,,,,,,,,,,,,,,None,1533000000,1533000000,,,,,,None,122000000,,0.2,0.0011,,,,-0.959,0.2,18000000,140000000,1.58,2008-12-31,23.75,,4113000000.0,290000000,7000000,-7000000,,,None,11000000,None,,None,,,,,14000000,0,None,None,0.154,,274000000,16000000,,,,,None,,,,,0.911,10.43,6.15,,,,,,,,0.255,,,2025-10-30,quarterly,1.78,USD,post-market,119000000,,0.0828,0.297,-0.41,29.16,42000000,,,,88.91,155.36,12.6582,,,,,,,1823000000,,25.57,,188.77,28.72
2025-12-28,WDC,7.1,10126000000.0,25.57,,1.886,17.22,,,,,,,,,,,,,,,None,1685000000,1685000000,,,,,,None,117000000,,0.2,0.0011,,,,-0.959,0.2,234000000,351000000,1.58,2008-09-30,23.75,,4113000000.0,424000000,230000000,19000000,,,None,8000000,None,,None,,,,,211000000,0,None,None,0.154,,190000000,234000000,,,,,None,,,,,0.911,10.43,6.15,,,,,,,,0.255,,,2025-10-30,quarterly,1.78,USD,post-market,133000000,,0.0828,0.297,-0.41,29.16,57000000,,,,88.91,155.36,12.6582,,,,,,,2109000000,,25.57,,188.77,28.72
2025-12-28,WDC,7.1,10126000000.0,25.57,,1.886,17.22,,,,,,,,,,,,,,,None,1568000000,1568000000,,,,,,None,113000000,,0.2,0.0011,,,,-0.959,0.2,241000000,354000000,1.58,2008-06-30,23.75,,4113000000.0,425000000,237000000,24000000,,,None,52000000,None,,None,,,,,213000000,0,None,None,0.154,,184000000,241000000,,,,,None,,,,,0.911,10.43,6.15,,,,,,,,0.255,,,2025-10-30,quarterly,1.78,USD,post-market,128000000,,0.0828,0.297,-0.41,29.16,56000000,,,,88.91,155.36,12.6582,,,,,,,1993000000,,25.57,,188.77,28.72
2025-12-28,WDC,7.1,10126000000.0,25.57,,1.886,17.22,,,,,,,,,,,,,,,None,1634000000,1634000000,,,,,,None,111000000,,0.2,0.0011,,,,-0.959,0.2,298000000,409000000,1.58,2008-03-31,23.75,,4113000000.0,477000000,290000000,10000000,,,None,14000000,None,,None,,,,,280000000,0,None,None,0.154,,179000000,298000000,,,,,None,,,,,0.911,10.43,6.15,,,,,,,,0.255,,,2025-10-30,quarterly,1.78,USD,post-market,123000000,,0.0828,0.297,-0.41,29.16,56000000,,,,88.91,155.36,12.6582,,,,,,,2111000000,,25.57,,188.77,28.72
2025-12-28,WDC,7.1,10126000000.0,25.57,,1.886,17.22,,,,,,,,,,,,,,,None,1691000000,1691000000,,,,,,None,111000000,,0.2,0.0011,,,,-0.959,0.2,332000000,443000000,1.58,2007-12-31,23.75,,4113000000.0,513000000,316000000,11000000,,,None,24000000,None,,None,,,,,305000000,0,None,None,0.154,,181000000,332000000,,,,,None,,,,,0.911,10.43,6.15,,,,,,,,0.255,,,2025-10-30,quarterly,1.78,USD,post-market,122000000,,0.0828,0.297,-0.41,29.16,60000000,,,,88.91,155.36,12.6582,,,,,,,2204000000,,25.57,,188.77,28.72
2025-12-28,WDC,7.1,10126000000.0,25.57,,1.886,17.22,,,,,,,,,,,,,,,None,1443000000,1443000000,,,,,,None,78000000,,0.2,0.0011,,,,-0.959,0.2,184000000,262000000,1.58,2007-09-30,23.75,,4113000000.0,323000000,138000000,69000000,,,None,6000000,None,,None,,,,,69000000,0,None,None,0.154,,188000000,135000000,,,,,None,,,,,0.911,10.43,6.15,,,,,,,,0.255,,,2025-10-30,quarterly,1.78,USD,post-market,91000000,,0.0828,0.297,-0.41,29.16,48000000,,,,88.91,155.36,12.6582,,,,,,,1766000000,,25.57,,188.77,28.72
2025-12-28,WDC,7.1,10126000000.0,25.57,,1.886,17.22,,,,,,,,,,,,,,,None,1162000000,1162000000,,,,,,None,61000000,,0.2,0.0011,,,,-0.959,0.2,79000000,140000000,1.58,2007-06-30,23.75,,4113000000.0,205000000,87000000,-125000000,,,None,4000000,None,,None,,,,,212000000,0,None,None,0.154,,126000000,79000000,,,,,None,,,,,0.911,10.43,6.15,,,,,,,,0.255,,,2025-10-30,quarterly,1.78,USD,post-market,79000000,,0.0828,0.297,-0.41,29.16,47000000,,,,88.91,155.36,12.6582,,,,,,,1367000000,,25.57,,188.77,28.72
2025-12-28,WDC,7.1,10126000000.0,25.57,,1.886,17.22,,,,,,,,,,,,,,,None,1188000000,1188000000,,,,,,None,55000000,,0.2,0.0011,,,,-0.959,0.2,115000000,170000000,1.58,2007-03-31,23.75,,4113000000.0,222000000,122000000,1000000,,,None,1000000,None,,None,,,,,121000000,0,None,None,0.154,,107000000,115000000,,,,,None,,,,,0.911,10.43,6.15,,,,,,,,0.255,,,2025-10-30,quarterly,1.78,USD,post-market,75000000,,0.0828,0.297,-0.41,29.16,32000000,,,,88.91,155.36,12.6582,,,,,,,1410000000,,25.57,,188.77,28.72
2025-12-28,WDC,7.1,10126000000.0,25.57,,1.886,17.22,,,,,,,,,,,,,,,None,1173000000,1173000000,,,,,,None,49000000,,0.2,0.0011,,,,-0.959,0.2,122000000,171000000,1.58,2006-12-31,23.75,,4113000000.0,255000000,128000000,-3000000,,,None,2000000,None,,None,,,,,128000000,0,None,None,0.154,,133000000,122000000,,,,,None,,,,,0.911,10.43,6.15,,,,,,,,0.255,,,2025-10-30,quarterly,1.78,USD,post-market,77000000,,0.0828,0.297,-0.41,29.16,56000000,,,,88.91,155.36,12.6582,,,,,,,1428000000,,25.57,,188.77,28.72
2025-12-28,WDC,7.1,10126000000.0,25.57,,1.886,17.22,,,,,,,,,,,,,,,None,1046000000,1046000000,,,,,,None,45000000,,0.2,0.0011,,,,-0.959,0.2,99000000,144000000,1.58,2006-09-30,23.75,,4113000000.0,218000000,106000000,3000000,,,None,3700000,None,,None,,,,,103000000,0,None,None,0.154,,119000000,99000000,,,,,None,,,,,0.911,10.43,6.15,,,,,,,,0.255,,,2025-10-30,quarterly,1.78,USD,post-market,75000000,,0.0828,0.297,-0.41,29.16,39100000,,,,88.91,155.36,12.6582,,,,,,,1264000000,,25.57,,188.77,28.72
2025-12-28,WDC,7.1,10126000000.0,25.57,,1.886,17.22,,,,,,,,,,,,,,,None,881200000,881200000,,,,,,None,43700000,,0.2,0.0011,,,,-0.959,0.2,92900000,136600000,1.58,2006-06-30,23.75,,4113000000.0,204300000,98600000,-20000000,,,None,0,None,,None,,,,,118600000,0,None,None,0.154,,111400000,92900000,,,,,None,,,,,0.911,10.43,6.15,,,,,,,,0.255,,,2025-10-30,quarterly,1.78,USD,post-market,72300000,,0.0828,0.297,-0.41,29.16,39100000,,,,88.91,155.36,12.6582,,,,,,,1085500000,,25.57,,188.77,28.72
2025-12-28,WDC,7.1,10126000000.0,25.57,,1.886,17.22,,,,,,,,,,,,,,,None,911000000,911000000,,,,,,None,42000000,,0.2,0.0011,,,,-0.959,0.2,100000000,142000000,1.58,2006-03-31,23.75,,4113000000.0,218000000,105000000,3000000,,,None,1200000,None,,None,,,,,102000000,0,None,None,0.154,,118000000,100000000,,,,,None,,,,,0.911,10.43,6.15,,,,,,,,0.255,,,2025-10-30,quarterly,1.78,USD,post-market,79000000,,0.0828,0.297,-0.41,29.16,38500000,,,,88.91,155.36,12.6582,,,,,,,1129000000,,25.57,,188.77,28.72
2025-12-28,WDC,7.1,10126000000.0,25.57,,1.886,17.22,,,,,,,,,,,,,,,None,889000000,889000000,,,,,,None,38000000,,0.2,0.0011,,,,-0.959,0.2,104000000,142000000,1.58,2005-12-31,23.75,,4113000000.0,228000000,107000000,3000000,,,None,900000,None,,None,,,,,104000000,0,None,None,0.154,,124000000,104000000,,,,,None,,,,,0.911,10.43,6.15,,,,,,,,0.255,,,2025-10-30,quarterly,1.78,USD,post-market,76000000,,0.0828,0.297,-0.41,29.16,47800000,,,,88.91,155.36,12.6582,,,,,,,1117000000,,25.57,,188.77,28.72
2025-12-28,WDC,7.1,10126000000.0,25.57,,1.886,17.22,,,,,,,,,,,,,,,None,832000000,832000000,,,,,,None,36000000,,0.2,0.0011,,,,-0.959,0.2,68000000,104000000,1.58,2005-09-30,23.75,,4113000000.0,178000000,70000000,2000000,,,None,2700000,None,,None,,,,,69000000,0,None,None,0.154,,110000000,68000000,,,,,None,,,,,0.911,10.43,6.15,,,,,,,,0.255,,,2025-10-30,quarterly,1.78,USD,post-market,70000000,,0.0828,0.297,-0.41,29.16,40400000,,,,88.91,155.36,12.6582,,,,,,,1010000000,,25.57,,188.77,28.72
2025-12-28,WDC,7.1,10126000000.0,25.57,,1.886,17.22,,,,,,,,,,,,,,,None,5828000000,5828000000,,,,,,None,451000000,,0.2,0.0011,,,,-0.959,0.2,1487000000,1938000000,1.58,2025-06-30,23.75,,4113000000.0,3692000000,1130000000,-513000000,,,None,357000000,45000000,,None,,,,,1861000000,1643000000,-312000000,None,0.154,,1358000000,2334000000,,,,,None,,,,,0.911,10.43,6.15,,,,,,,,0.255,,,2025-10-30,annual,1.78,USD,post-market,994000000,,0.0828,0.297,-0.41,29.16,529000000,,,,88.91,155.36,12.6582,,,,,,,9520000000,,25.57,,188.77,28.72
2025-12-28,WDC,7.1,10126000000.0,25.57,,1.886,17.22,,,,,,,,,,,,,,,None,4544000000,4544000000,,,,,,None,568000000,,0.2,0.0011,,,,-0.959,0.2,-325000000,243000000,1.58,2024-06-30,23.75,,4113000000.0,1773000000,-739000000,26000000,,,None,414000000,39000000,,None,,,,,-798000000,-798000000,-378000000,None,0.154,,2176000000,-403000000,,,,,None,,,,,0.911,10.43,6.15,,,,,,,,0.255,,,2025-10-30,annual,1.78,USD,post-market,950000000,,0.0828,0.297,-0.41,29.16,756000000,,,,88.91,155.36,12.6582,,,,,,,6317000000,,25.57,,188.77,28.72
2025-12-28,WDC,7.1,10126000000.0,25.57,,1.886,17.22,,,,,,,,,,,,,,,None,4864000000,4864000000,,,,,,None,828000000,,0.2,0.0011,,,,-0.959,0.2,-539000000,289000000,1.58,2023-06-30,23.75,,4113000000.0,1391000000,-849000000,53000000,,,None,310000000,24000000,,None,,,,,-1684000000,-1706000000,-275000000,None,0.154,,1939000000,-548000000,,,,,37000000,,,,,0.911,10.43,6.15,,,,,,,,0.255,,,2025-10-30,annual,1.78,USD,post-market,986000000,,0.0828,0.297,-0.41,29.16,901000000,,,,88.91,155.36,12.6582,,,,,,,6255000000,,25.57,,188.77,28.72
2025-12-28,WDC,7.1,10126000000.0,25.57,,1.886,17.22,,,,,,,,,,,,,,,None,12919000000,12919000000,,,,,,None,929000000,,0.2,0.0011,,,,-0.959,0.2,2475000000,3404000000,1.58,2022-06-30,23.75,,4113000000.0,5874000000,2171000000,625000000,,,None,304000000,6000000,,None,,,,,1546000000,1500000000,-268000000,None,0.154,,3483000000,2391000000,,,,,36000000,,,,,0.911,10.43,6.15,,,,,,,,0.255,,,2025-10-30,annual,1.78,USD,post-market,2323000000,,0.0828,0.297,-0.41,29.16,1029000000,,,,88.91,155.36,12.6582,,,,,,,18793000000,,25.57,,188.77,28.72
2025-12-28,WDC,7.1,10126000000.0,25.57,,1.886,17.22,,,,,,,,,,,,,,,None,12401000000,12401000000,,,,,,None,1212000000,,0.2,0.0011,,,,-0.959,0.2,1253000000,2465000000,1.58,2021-06-30,23.75,,4113000000.0,4521000000,927000000,106000000,,,None,326000000,7000000,,None,,,,,821000000,821000000,-293000000,None,0.154,,3301000000,1220000000,,,,,33000000,,,,,0.911,10.43,6.15,,,,,,,,0.255,,,2025-10-30,annual,1.78,USD,post-market,2243000000,,0.0828,0.297,-0.41,29.16,1021000000,,,,88.91,155.36,12.6582,,,,,,,16922000000,,25.57,,188.77,28.72
2025-12-28,WDC,7.1,10126000000.0,25.57,,1.886,17.22,,,,,,,,,,,,,,,None,12955000000,12955000000,,,,,,None,1566000000,,0.2,0.0011,,,,-0.959,0.2,367000000,1933000000,1.58,2020-06-30,23.75,,4113000000.0,3781000000,-46000000,204000000,,,None,413000000,28000000,,None,,,,,-250000000,-250000000,-385000000,None,0.154,,3446000000,335000000,,,,,None,,,,,0.911,10.43,6.15,,,,,,,,0.255,,,2025-10-30,annual,1.78,USD,post-market,2261000000,,0.0828,0.297,-0.41,29.16,1060000000,,,,88.91,155.36,12.6582,,,,,,,16736000000,,25.57,,188.77,28.72
2025-12-28,WDC,7.1,10126000000.0,25.57,,1.886,17.22,,,,,,,,,,,,,,,None,12817000000,12817000000,,,,,,None,1812000000,,0.2,0.0011,,,,-0.959,0.2,182000000,1994000000,1.58,2019-06-30,23.75,,4113000000.0,3752000000,-287000000,467000000,,,None,469000000,57000000,,None,,,,,-754000000,180000000,-412000000,None,0.154,,3665000000,87000000,,,,,95000000,,,,,0.911,10.43,6.15,,,,,,,,0.255,,,2025-10-30,annual,1.78,USD,post-market,2182000000,,0.0828,0.297,-0.41,29.16,1210000000,,,,88.91,155.36,12.6582,,,,,,,16569000000,,25.57,,188.77,28.72
2025-12-28,WDC,7.1,10126000000.0,25.57,,1.886,17.22,,,,,,,,,,,,,,,None,12942000000,12942000000,,,,,,None,2056000000,,0.2,0.0011,,,,-0.959,0.2,2761000000,4817000000,1.58,2018-06-30,23.75,,4113000000.0,7705000000,2085000000,1410000000,,,None,676000000,60000000,,None,,,,,675000000,3495000000,-616000000,None,0.154,,4088000000,3617000000,,,,,-856000000,,,,,0.911,10.43,6.15,,,,,,,,0.255,,,2025-10-30,annual,1.78,USD,post-market,2400000000,,0.0828,0.297,-0.41,29.16,1363000000,,,,88.91,155.36,12.6582,,,,,,,20647000000,,25.57,,188.77,28.72
2025-12-28,WDC,7.1,10126000000.0,25.57,,1.886,17.22,,,,,,,,,,,,,,,None,13021000000,13021000000,,,,,,None,2128000000,,0.2,0.0011,,,,-0.959,0.2,1616000000,3744000000,1.58,2017-06-30,23.75,,4113000000.0,6072000000,769000000,372000000,,,None,847000000,26000000,,None,,,,,397000000,397000000,-821000000,None,0.154,,4118000000,1954000000,,,,,-338000000,,,,,0.911,10.43,6.15,,,,,,,,0.255,,,2025-10-30,annual,1.78,USD,post-market,2441000000,,0.0828,0.297,-0.41,29.16,1356000000,,,,88.91,155.36,12.6582,,,,,,,19093000000,,25.57,,188.77,28.72
2025-12-28,WDC,7.1,10126000000.0,25.57,,1.886,17.22,,,,,,,,,,,,,,,None,9559000000,9559000000,,,,,,None,1154000000,,0.2,0.0011,,,,-0.959,0.2,419000000,1573000000,1.58,2016-06-30,23.75,,4113000000.0,3435000000,153000000,-89000000,,,None,266000000,26000000,,None,,,,,242000000,242000000,-240000000,None,0.154,,2969000000,466000000,,,,,-47000000,,,,,0.911,10.43,6.15,,,,,,,,0.255,,,2025-10-30,annual,1.78,USD,post-market,1627000000,,0.0828,0.297,-0.41,29.16,937000000,,,,88.91,155.36,12.6582,,,,,,,12994000000,,25.57,,188.77,28.72
2025-12-28,WDC,7.1,10126000000.0,25.57,,1.886,17.22,,,,,,,,,,,,,,,None,10351000000,10351000000,,,,,,None,1114000000,,0.2,0.0011,,,,-0.959,0.2,1626000000,2740000000,1.58,2015-06-30,23.75,,4113000000.0,4221000000,1577000000,112000000,,,None,49000000,34000000,,None,,,,,1465000000,1465000000,None,None,0.154,,2610000000,1611000000,,,,,15000000,,,,,0.911,10.43,6.15,,,,,,,,0.255,,,2025-10-30,annual,1.78,USD,post-market,1646000000,,0.0828,0.297,-0.41,29.16,717000000,,,,88.91,155.36,12.6582,,,,,,,14572000000,,25.57,,188.77,28.72
2025-12-28,WDC,7.1,10126000000.0,25.57,,1.886,17.22,,,,,,,,,,,,,,,None,10770000000,10770000000,,,,,,None,1244000000,,0.2,0.0011,,,,-0.959,0.2,1808000000,3052000000,1.58,2014-06-30,23.75,,4113000000.0,4360000000,1752000000,135000000,,,None,56000000,None,,None,,,,,1617000000,1617000000,None,None,0.154,,2569000000,1791000000,,,,,17000000,,,,,0.911,10.43,6.15,,,,,,,,0.255,,,2025-10-30,annual,1.78,USD,post-market,1661000000,,0.0828,0.297,-0.41,29.16,766000000,,,,88.91,155.36,12.6582,,,,,,,15130000000,,25.57,,188.77,28.72
2025-12-28,WDC,7.1,10126000000.0,25.57,,1.886,17.22,,,,,,,,,,,,,,,None,10988000000,10988000000,,,,,,None,1233000000,,0.2,0.0011,,,,-0.959,0.2,1277000000,2510000000,1.58,2013-06-30,23.75,,4113000000.0,4363000000,1222000000,242000000,,,None,55000000,None,,None,,,,,980000000,980000000,None,None,0.154,,3097000000,1266000000,,,,,11000000,,,,,0.911,10.43,6.15,,,,,,,,0.255,,,2025-10-30,annual,1.78,USD,post-market,1572000000,,0.0828,0.297,-0.41,29.16,706000000,,,,88.91,155.36,12.6582,,,,,,,15351000000,,25.57,,188.77,28.72
2025-12-28,WDC,7.1,10126000000.0,25.57,,1.886,17.22,,,,,,,,,,,,,,,None,8840000000,8840000000,,,,,,None,825000000,,0.2,0.0011,,,,-0.959,0.2,1783000000,2608000000,1.58,2012-06-30,23.75,,4113000000.0,3638000000,1757000000,145000000,,,None,26000000,None,,None,,,,,1612000000,1612000000,None,None,0.154,,1867000000,1771000000,,,,,12000000,,,,,0.911,10.43,6.15,,,,,,,,0.255,,,2025-10-30,annual,1.78,USD,post-market,1055000000,,0.0828,0.297,-0.41,29.16,457000000,,,,88.91,155.36,12.6582,,,,,,,12478000000,,25.57,,188.77,28.72
2025-12-28,WDC,7.1,10126000000.0,25.57,,1.886,17.22,,,,,,,,,,,,,,,None,7735000000,7735000000,,,,,,None,602000000,,0.2,0.0011,,,,-0.959,0.2,790000000,1392000000,1.58,2011-06-30,23.75,,4113000000.0,1791000000,780000000,54000000,,,None,1000000,None,,None,,,,,726000000,726000000,None,None,0.154,,1010000000,781000000,,,,,9000000,,,,,0.911,10.43,6.15,,,,,,,,0.255,,,2025-10-30,annual,1.78,USD,post-market,703000000,,0.0828,0.297,-0.41,29.16,265000000,,,,88.91,155.36,12.6582,,,,,,,9526000000,,25.57,,188.77,28.72
2025-12-28,WDC,7.1,10126000000.0,25.57,,1.886,17.22,,,,,,,,,,,,,,,None,7449000000,7449000000,,,,,,None,510000000,,0.2,0.0011,,,,-0.959,0.2,1529000000,2039000000,1.58,2010-06-30,23.75,,4113000000.0,2401000000,1520000000,138000000,,,None,9000000,None,,None,,,,,1382000000,1382000000,None,None,0.154,,876000000,1525000000,,,,,4000000,,,,,0.911,10.43,6.15,,,,,,,,0.255,,,2025-10-30,annual,1.78,USD,post-market,611000000,,0.0828,0.297,-0.41,29.16,238000000,,,,88.91,155.36,12.6582,,,,,,,9850000000,,25.57,,188.77,28.72
2025-12-28,WDC,7.1,10126000000.0,25.57,,1.886,17.22,,,,,,,,,,,,,,,None,6116000000,6116000000,,,,,,None,479000000,,0.2,0.0011,,,,-0.959,0.2,528000000,1007000000,1.58,2009-06-30,23.75,,4113000000.0,1337000000,501000000,31000000,,,None,27000000,None,,None,,,,,470000000,None,None,None,0.154,,818000000,519000000,,,,,None,,,,,0.911,10.43,6.15,,,,,,,,0.255,,,2025-10-30,annual,1.78,USD,post-market,509000000,,0.0828,0.297,-0.41,29.16,201000000,,,,88.91,155.36,12.6582,,,,,,,7453000000,,25.57,,188.77,28.72
2025-12-28,WDC,7.1,10126000000.0,25.57,,1.886,17.22,,,,,,,,,,,,,,,None,6335000000,6335000000,,,,,,None,413000000,,0.2,0.0011,,,,-0.959,0.2,1033000000,1446000000,1.58,2008-06-30,23.75,,4113000000.0,1739000000,981000000,114000000,,,None,52000000,None,,None,,,,,867000000,None,None,None,0.154,,733000000,1006000000,,,,,None,,,,,0.911,10.43,6.15,,,,,,,,0.255,,,2025-10-30,annual,1.78,USD,post-market,464000000,,0.0828,0.297,-0.41,29.16,220000000,,,,88.91,155.36,12.6582,,,,,,,8074000000,,25.57,,188.77,28.72
2025-12-28,WDC,7.1,10126000000.0,25.57,,1.886,17.22,,,,,,,,,,,,,,,None,4568000000,4568000000,,,,,,None,210000000,,0.2,0.0011,,,,-0.959,0.2,415000000,625000000,1.58,2007-06-30,23.75,,4113000000.0,900000000,443000000,-121000000,,,None,4000000,None,,None,,,,,564000000,None,None,None,0.154,,485000000,415000000,,,,,None,,,,,0.911,10.43,6.15,,,,,,,,0.255,,,2025-10-30,annual,1.78,USD,post-market,306000000,,0.0828,0.297,-0.41,29.16,179000000,,,,88.91,155.36,12.6582,,,,,,,5468000000,,25.57,,188.77,28.72
2025-12-28,WDC,7.1,10126000000.0,25.57,,1.886,17.22,,,,,,,,,,,,,,,None,3513000000,3513000000,,,,,,None,160000000,,0.2,0.0011,,,,-0.959,0.2,365000000,525000000,1.58,2006-06-30,23.75,,4113000000.0,828000000,382000000,-13000000,,,None,3700000,None,,None,,,,,395000000,None,None,None,0.154,,462000000,366000000,,,,,None,,,,,0.911,10.43,6.15,,,,,,,,0.255,,,2025-10-30,annual,1.78,USD,post-market,297000000,,0.0828,0.297,-0.41,29.16,165700000,,,,88.91,155.36,12.6582,,,,,,,4341000000,,25.57,,188.77,28.72
2025-12-28,WDC,7.1,10126000000.0,25.57,None,1.886,17.22,,None,2048000000,2048000000,,,,,,,,,3000000,376000000,None,3513000000,3513000000,1533000000,None,2226000000,1355000000,None,None,160000000,,0.2,0.0011,,,,-0.959,0.2,365000000,525000000,1.58,2025-09-30,23.75,4319000000,4113000000.0,828000000,382000000,-13000000,None,None,None,3700000,None,1393000000,None,None,2457000000,None,None,395000000,None,None,None,0.154,,462000000,366000000,514000000,1087000000,None,419000000,None,,,,,0.911,10.43,6.15,,,,,,,,0.255,,None,2025-10-30,quarterly,1.78,USD,post-market,297000000,1904000000,0.0828,0.297,-0.41,29.16,165700000,5044000000,2255000000,965000000,88.91,155.36,12.6582,14359000000,6275000000,5173000000,8471000000,8084000000,3298000000,4341000000,5888000000,25.57,None,188.77,28.72
2025-12-28,WDC,7.1,10126000000.0,25.57,None,1.886,17.22,,None,2114000000,2114000000,,,,,,,,,3000000,362000000,None,3513000000,3513000000,1266000000,None,2226000000,1486000000,None,None,160000000,,0.2,0.0011,,,,-0.959,0.2,365000000,525000000,1.58,2025-06-30,23.75,4319000000,4113000000.0,828000000,382000000,-13000000,72000000,72000000,None,3700000,None,1291000000,None,None,2485000000,None,None,395000000,None,None,None,0.154,,462000000,366000000,611000000,1095000000,None,396000000,None,,,,,0.911,10.43,6.15,,,,,,,,0.255,,None,2025-10-30,quarterly,1.78,USD,post-market,297000000,762000000,0.0828,0.297,-0.41,29.16,165700000,5081000000,2257000000,354000000,88.91,155.36,12.6582,14002000000,5856000000,5418000000,8691000000,8146000000,3273000000,4341000000,5311000000,25.57,None,188.77,28.72
2025-12-28,WDC,7.1,10126000000.0,25.57,None,1.886,17.22,,None,3477000000,3477000000,,,,,,,,,3000000,358000000,None,3513000000,3513000000,1287000000,None,2426000000,1469000000,None,None,160000000,,0.2,0.0011,,,,-0.959,0.2,365000000,525000000,1.58,2025-03-31,23.75,4319000000,4113000000.0,828000000,382000000,-13000000,76000000,76000000,None,3700000,None,1311000000,None,None,4907000000,None,None,395000000,None,None,None,0.154,,462000000,366000000,417000000,1065000000,None,400000000,None,,,,,0.911,10.43,6.15,,,,,,,,0.255,,None,2025-10-30,quarterly,1.78,USD,post-market,297000000,521000000,0.0828,0.297,-0.41,29.16,165700000,7709000000,2457000000,1412000000,88.91,155.36,12.6582,16368000000,8086000000,5182000000,11191000000,8282000000,6009000000,4341000000,5177000000,25.57,None,188.77,28.72
2025-12-28,WDC,7.1,10126000000.0,25.57,None,1.886,17.22,,None,2291000000,2291000000,,,,,,,,,3000000,357000000,None,3513000000,3513000000,1996000000,None,150000000,2597000000,None,None,160000000,,0.2,0.0011,,,,-0.959,0.2,365000000,525000000,1.58,2024-12-31,23.75,9729000000,4113000000.0,828000000,382000000,-13000000,77000000,77000000,None,3700000,None,3420000000,None,None,7216000000,None,None,395000000,None,None,None,0.154,,462000000,366000000,1064000000,2047000000,None,598000000,None,,,,,0.911,10.43,6.15,,,,,,,,0.255,,None,2025-10-30,quarterly,1.78,USD,post-market,297000000,7862000000,0.0828,0.297,-0.41,29.16,165700000,7938000000,195000000,None,88.91,155.36,12.6582,25456000000,9372000000,4706000000,13339000000,16084000000,8633000000,4341000000,12117000000,25.57,None,188.77,28.72
2025-12-28,WDC,7.1,10126000000.0,25.57,None,1.886,17.22,,None,1705000000,1705000000,,,,,,,,,3000000,357000000,None,3513000000,3513000000,1930000000,None,1750000000,2458000000,None,None,160000000,,0.2,0.0011,,,,-0.959,0.2,365000000,525000000,1.58,2024-09-30,23.75,9812000000,4113000000.0,828000000,382000000,-13000000,77000000,77000000,None,3700000,None,3384000000,None,None,5650000000,None,None,395000000,None,None,None,0.154,,462000000,366000000,1395000000,1919000000,None,563000000,None,,,,,0.911,10.43,6.15,,,,,,,,0.255,,None,2025-10-30,quarterly,1.78,USD,post-market,297000000,7268000000,0.0828,0.297,-0.41,29.16,165700000,7978000000,1794000000,None,88.91,155.36,12.6582,24771000000,8942000000,6091000000,13128000000,15829000000,7037000000,4341000000,11643000000,25.57,None,188.77,28.72
2025-12-28,WDC,7.1,10126000000.0,25.57,None,1.886,17.22,,None,1551000000,1551000000,,,,,,,,,3000000,349000000,None,3513000000,3513000000,1054000000,None,1750000000,1231000000,None,None,160000000,,0.2,0.0011,,,,-0.959,0.2,365000000,525000000,1.58,2024-06-30,23.75,4319000000,4113000000.0,828000000,382000000,-13000000,78000000,78000000,None,3700000,None,1387000000,None,None,5684000000,None,None,395000000,None,None,None,0.154,,462000000,366000000,3891000000,2730000000,None,604000000,None,,,,,0.911,10.43,6.15,,,,,,,,0.255,,None,2025-10-30,quarterly,1.78,USD,post-market,297000000,6775000000,0.0828,0.297,-0.41,29.16,165700000,7824000000,1778000000,None,88.91,155.36,12.6582,24188000000,8060000000,6087000000,13370000000,16128000000,7283000000,4341000000,10818000000,25.57,None,188.77,28.72
2025-12-28,WDC,7.1,10126000000.0,25.57,None,1.886,17.22,,None,1894000000,1894000000,,,,,,,,,3000000,335000000,None,3513000000,3513000000,1710000000,None,450000000,1800000000,None,None,160000000,,0.2,0.0011,,,,-0.959,0.2,365000000,525000000,1.58,2024-03-31,23.75,10034000000,4113000000.0,828000000,382000000,-13000000,78000000,78000000,None,3700000,None,3215000000,None,None,7318000000,None,None,395000000,None,None,None,0.154,,462000000,366000000,623000000,1370000000,None,680000000,None,,,,,0.911,10.43,6.15,,,,,,,,0.255,,None,2025-10-30,quarterly,1.78,USD,post-market,297000000,6736000000,0.0828,0.297,-0.41,29.16,165700000,9073000000,497000000,None,88.91,155.36,12.6582,23801000000,7532000000,4053000000,13680000000,16269000000,9627000000,4341000000,10121000000,25.57,None,188.77,28.72
2025-12-28,WDC,7.1,10126000000.0,25.57,None,1.886,17.22,,None,2481000000,2481000000,,,,,,,,,3000000,325000000,None,3513000000,3513000000,1755000000,None,1042000000,1523000000,None,None,160000000,,0.2,0.0011,,,,-0.959,0.2,365000000,525000000,1.58,2023-12-31,23.75,10037000000,4113000000.0,828000000,382000000,-13000000,79000000,79000000,None,3700000,None,3216000000,None,None,7351000000,None,None,395000000,None,None,None,0.154,,462000000,366000000,618000000,1343000000,None,697000000,None,,,,,0.911,10.43,6.15,,,,,,,,0.255,,None,2025-10-30,quarterly,1.78,USD,post-market,297000000,6601000000,0.0828,0.297,-0.41,29.16,165700000,9709000000,1089000000,None,88.91,155.36,12.6582,24385000000,7838000000,4693000000,14317000000,16547000000,9624000000,4341000000,10068000000,25.57,None,188.77,28.72
2025-12-28,WDC,7.1,10126000000.0,25.57,None,1.886,17.22,,None,2032000000,2032000000,,,,,,,,,3000000,323000000,None,3513000000,3513000000,1571000000,None,1850000000,1451000000,None,None,160000000,,0.2,0.0011,,,,-0.959,0.2,365000000,525000000,1.58,2023-09-30,23.75,10035000000,4113000000.0,828000000,382000000,-13000000,80000000,80000000,None,3700000,None,3497000000,None,None,5822000000,None,None,395000000,None,None,None,0.154,,462000000,366000000,597000000,1696000000,None,1398000000,None,,,,,0.911,10.43,6.15,,,,,,,,0.255,,None,2025-10-30,quarterly,1.78,USD,post-market,297000000,6739000000,0.0828,0.297,-0.41,29.16,165700000,7672000000,1850000000,None,88.91,155.36,12.6582,24001000000,7577000000,5792000000,13012000000,16424000000,7220000000,4341000000,10989000000,25.57,None,188.77,28.72
2025-12-28,WDC,7.1,10126000000.0,25.57,None,1.886,17.22,,None,2023000000,2023000000,,,,,,,,,3000000,321000000,None,3513000000,3513000000,1585000000,None,1213000000,1598000000,None,None,160000000,,0.2,0.0011,,,,-0.959,0.2,365000000,525000000,1.58,2023-06-30,23.75,10037000000,4113000000.0,828000000,382000000,-13000000,80000000,80000000,None,3700000,None,3698000000,None,None,5857000000,None,None,395000000,None,None,None,0.154,,462000000,366000000,567000000,1637000000,None,12262000000,None,,,,,0.911,10.43,6.15,,,,,,,,0.255,,3620000000,2025-10-30,quarterly,1.78,USD,post-market,297000000,7573000000,0.0828,0.297,-0.41,29.16,165700000,7070000000,1213000000,None,88.91,155.36,12.6582,24546000000,7886000000,5434000000,12706000000,16660000000,7272000000,4341000000,11840000000,25.57,None,188.77,28.72
2025-12-28,WDC,7.1,10126000000.0,25.57,None,1.886,17.22,,None,2220000000,2220000000,,,,,,,,,3000000,319000000,None,3513000000,3513000000,1572000000,None,1175000000,1591000000,None,None,160000000,,0.2,0.0011,,,,-0.959,0.2,365000000,525000000,1.58,2023-03-31,23.75,10041000000,4113000000.0,828000000,382000000,-13000000,97000000,97000000,None,3700000,None,3979000000,None,None,5898000000,None,None,395000000,None,None,None,0.154,,462000000,366000000,693000000,1501000000,None,13116000000,None,,,,,0.911,10.43,6.15,,,,,,,,0.255,,3668000000,2025-10-30,quarterly,1.78,USD,post-market,297000000,8139000000,0.0828,0.297,-0.41,29.16,165700000,7073000000,1175000000,None,88.91,155.36,12.6582,25151000000,8483000000,5261000000,12664000000,16668000000,7403000000,4341000000,12487000000,25.57,None,188.77,28.72
2025-12-28,WDC,7.1,10126000000.0,25.57,None,1.886,17.22,,None,1871000000,1871000000,,,,,,,,,3000000,318000000,None,3513000000,3513000000,1561000000,None,38000000,1905000000,None,None,160000000,,0.2,0.0011,,,,-0.959,0.2,365000000,525000000,1.58,2022-12-31,23.75,10041000000,4113000000.0,828000000,382000000,-13000000,135000000,135000000,None,3700000,None,3773000000,None,None,7033000000,None,542000000,395000000,None,None,None,0.154,,462000000,366000000,832000000,1758000000,None,1517000000,None,,,,,0.911,10.43,6.15,,,,,,,,0.255,,3688000000,2025-10-30,quarterly,1.78,USD,post-market,297000000,8711000000,0.0828,0.297,-0.41,29.16,165700000,7071000000,38000000,None,88.91,155.36,12.6582,25047000000,8381000000,4382000000,12932000000,16666000000,8550000000,4341000000,12115000000,25.57,None,188.77,28.72
2025-12-28,WDC,7.1,10126000000.0,25.57,None,1.886,17.22,,None,2049000000,2049000000,,,,,,,,,3000000,319000000,None,3513000000,3513000000,1981000000,None,None,2422000000,None,None,160000000,,0.2,0.0011,,,,-0.959,0.2,365000000,525000000,1.58,2022-09-30,23.75,10037000000,4113000000.0,828000000,382000000,-13000000,174000000,174000000,None,3700000,None,3862000000,None,None,7071000000,None,493000000,395000000,None,None,None,0.154,,462000000,366000000,738000000,1999000000,None,1542000000,None,,,,,0.911,10.43,6.15,,,,,,,,0.255,,3718000000,2025-10-30,quarterly,1.78,USD,post-market,297000000,9157000000,0.0828,0.297,-0.41,29.16,165700000,7071000000,40000000,None,88.91,155.36,12.6582,25686000000,9071000000,4966000000,13579000000,16615000000,8613000000,4341000000,12107000000,25.57,None,188.77,28.72
2025-12-28,WDC,7.1,10126000000.0,25.57,None,1.886,17.22,,None,2327000000,2327000000,,,,,,,,,3000000,318000000,None,3513000000,3513000000,2222000000,None,None,2804000000,None,None,160000000,,0.2,0.0011,,,,-0.959,0.2,365000000,525000000,1.58,2022-06-30,23.75,10041000000,4113000000.0,828000000,382000000,-13000000,213000000,213000000,None,3700000,None,3638000000,None,None,7022000000,None,None,395000000,None,None,None,0.154,,462000000,366000000,684000000,2335000000,None,2459000000,None,,,,,0.911,10.43,6.15,,,,,,,,0.255,,3670000000,2025-10-30,quarterly,1.78,USD,post-market,297000000,9039000000,0.0828,0.297,-0.41,29.16,165700000,7062000000,40000000,3000000,88.91,155.36,12.6582,26259000000,9453000000,4557000000,14038000000,16806000000,9481000000,4341000000,12221000000,25.57,None,188.77,28.72
2025-12-28,WDC,7.1,10126000000.0,25.57,None,1.886,17.22,,None,2505000000,2505000000,,,,,,,,,3000000,316000000,None,3513000000,3513000000,2232000000,None,75000000,2353000000,None,None,160000000,,0.2,0.0011,,,,-0.959,0.2,365000000,525000000,1.58,2022-03-31,23.75,10061000000,4113000000.0,828000000,382000000,-13000000,252000000,252000000,None,3700000,None,3661000000,None,None,7087000000,None,570000000,395000000,None,None,None,0.154,,462000000,366000000,659000000,2090000000,None,2231000000,None,,,,,0.911,10.43,6.15,,,,,,,,0.255,,3488000000,2025-10-30,quarterly,1.78,USD,post-market,297000000,8738000000,0.0828,0.297,-0.41,29.16,165700000,7162000000,75000000,None,88.91,155.36,12.6582,25699000000,9178000000,4397000000,13715000000,16521000000,9318000000,4341000000,11984000000,25.57,None,188.77,28.72
2025-12-28,WDC,7.1,10126000000.0,25.57,None,1.886,17.22,,None,2531000000,2531000000,,,,,,,,,3000000,315000000,None,3513000000,3513000000,2411000000,None,251000000,2743000000,None,None,160000000,,0.2,0.0011,,,,-0.959,0.2,365000000,525000000,1.58,2021-12-31,23.75,10065000000,4113000000.0,828000000,382000000,-13000000,300000000,300000000,None,3700000,None,3647000000,None,None,7057000000,None,None,395000000,None,None,None,0.154,,462000000,366000000,614000000,2267000000,None,2021000000,None,,,,,0.911,10.43,6.15,,,,,,,,0.255,,3367000000,2025-10-30,quarterly,1.78,USD,post-market,297000000,8713000000,0.0828,0.297,-0.41,29.16,165700000,7308000000,251000000,None,88.91,155.36,12.6582,26025000000,9535000000,4929000000,14007000000,16490000000,9078000000,4341000000,12018000000,25.57,None,188.77,28.72
2025-12-28,WDC,7.1,10126000000.0,25.57,None,1.886,17.22,,None,3290000000,3290000000,,,,,,,,,3000000,316000000,None,3513000000,3513000000,2274000000,None,251000000,2446000000,None,None,160000000,,0.2,0.0011,,,,-0.959,0.2,365000000,525000000,1.58,2021-09-30,23.75,10066000000,4113000000.0,828000000,382000000,-13000000,364000000,364000000,None,3700000,None,3544000000,None,None,8270000000,None,None,395000000,None,None,None,0.154,,462000000,366000000,576000000,2184000000,None,2051000000,None,,,,,0.911,10.43,6.15,,,,,,,,0.255,,3260000000,2025-10-30,quarterly,1.78,USD,post-market,297000000,8149000000,0.0828,0.297,-0.41,29.16,165700000,8521000000,251000000,1646000000,88.91,155.36,12.6582,26391000000,9856000000,4709000000,15030000000,16535000000,10321000000,4341000000,11361000000,25.57,-25000000,188.77,28.72
2025-12-28,WDC,7.1,10126000000.0,25.57,None,1.886,17.22,,None,3370000000,3370000000,,,,,,,,,3000000,315000000,None,3513000000,3513000000,2332000000,None,251000000,2257000000,None,None,160000000,,0.2,0.0011,,,,-0.959,0.2,365000000,525000000,1.58,2021-06-30,23.75,10066000000,4113000000.0,828000000,382000000,-13000000,442000000,442000000,None,3700000,None,3616000000,None,None,8474000000,None,None,395000000,None,None,None,0.154,,462000000,366000000,514000000,2024000000,None,2067000000,None,,,,,0.911,10.43,6.15,,,,,,,,0.255,,3188000000,2025-10-30,quarterly,1.78,USD,post-market,297000000,7539000000,0.0828,0.297,-0.41,29.16,165700000,8725000000,251000000,1586000000,88.91,155.36,12.6582,26132000000,9757000000,4870000000,15411000000,16375000000,10541000000,4341000000,10721000000,25.57,-232000000,188.77,28.72
2025-12-28,WDC,7.1,10126000000.0,25.57,None,1.886,17.22,,None,2734000000,2734000000,,,,,,,,,3000000,313000000,None,3513000000,3513000000,2204000000,None,251000000,1905000000,None,None,160000000,,0.2,0.0011,,,,-0.959,0.2,365000000,525000000,1.58,2021-03-31,23.75,10066000000,4113000000.0,828000000,382000000,-13000000,519000000,519000000,None,3700000,None,3683000000,None,None,8678000000,None,None,395000000,None,None,None,0.154,,462000000,366000000,710000000,2046000000,None,2281000000,None,,,,,0.911,10.43,6.15,,,,,,,,0.255,,3061000000,2025-10-30,quarterly,1.78,USD,post-market,297000000,6917000000,0.0828,0.297,-0.41,29.16,165700000,8929000000,251000000,1694000000,88.91,155.36,12.6582,25409000000,9032000000,4501000000,15460000000,16377000000,10959000000,4341000000,9949000000,25.57,-364000000,188.77,28.72
2025-12-28,WDC,7.1,10126000000.0,25.57,None,1.886,17.22,,None,2956000000,2956000000,,,,,,,,,3000000,307000000,None,3513000000,3513000000,2332000000,None,251000000,1833000000,None,None,160000000,,0.2,0.0011,,,,-0.959,0.2,365000000,525000000,1.58,2020-12-31,23.75,10071000000,4113000000.0,828000000,382000000,-13000000,596000000,596000000,None,3700000,None,3576000000,None,None,8882000000,None,None,395000000,None,None,None,0.154,,462000000,366000000,744000000,1943000000,None,2315000000,None,,,,,0.911,10.43,6.15,,,,,,,,0.255,,2918000000,2025-10-30,quarterly,1.78,USD,post-market,297000000,6720000000,0.0828,0.297,-0.41,29.16,165700000,9133000000,251000000,1858000000,88.91,155.36,12.6582,25552000000,9109000000,4526000000,15723000000,16443000000,11197000000,4341000000,9829000000,25.57,-390000000,188.77,28.72
2025-12-28,WDC,7.1,10126000000.0,25.57,None,1.886,17.22,,None,2995000000,2995000000,,,,,,,,,3000000,303000000,None,3513000000,3513000000,2353000000,None,286000000,2097000000,None,None,160000000,,0.2,0.0011,,,,-0.959,0.2,365000000,525000000,1.58,2020-09-30,23.75,10069000000,4113000000.0,828000000,382000000,-13000000,758000000,758000000,None,3700000,None,3355000000,None,None,9086000000,None,None,395000000,None,None,None,0.154,,462000000,366000000,558000000,1790000000,None,885000000,None,,,,,0.911,10.43,6.15,,,,,,,,0.255,,3125000000,2025-10-30,quarterly,1.78,USD,post-market,297000000,6658000000,0.0828,0.297,-0.41,29.16,165700000,9372000000,286000000,1746000000,88.91,155.36,12.6582,25402000000,9005000000,4429000000,15826000000,16397000000,11397000000,4341000000,9576000000,25.57,None,188.77,28.72
2025-12-28,WDC,7.1,10126000000.0,25.57,None,1.886,17.22,,None,3048000000,3048000000,,,,,,,,,3000000,301000000,None,3513000000,3513000000,2352000000,None,286000000,2379000000,None,None,160000000,,0.2,0.0011,,,,-0.959,0.2,365000000,525000000,1.58,2020-06-30,23.75,10067000000,4113000000.0,828000000,382000000,-13000000,941000000,941000000,None,3700000,None,3070000000,None,None,9289000000,None,None,395000000,None,None,None,0.154,,462000000,366000000,551000000,1768000000,None,881000000,None,,,,,0.911,10.43,6.15,,,,,,,,0.255,,3084000000,2025-10-30,quarterly,1.78,USD,post-market,297000000,6725000000,0.0828,0.297,-0.41,29.16,165700000,9575000000,286000000,1875000000,88.91,155.36,12.6582,25662000000,9048000000,4406000000,16111000000,16614000000,11705000000,4341000000,9551000000,25.57,None,188.77,28.72
2025-12-28,WDC,7.1,10126000000.0,25.57,None,1.886,17.22,,None,2943000000,2943000000,,,,,,,,,3000000,303000000,None,3513000000,3513000000,2183000000,None,286000000,1978000000,None,None,160000000,,0.2,0.0011,,,,-0.959,0.2,365000000,525000000,1.58,2020-03-31,23.75,10066000000,4113000000.0,828000000,382000000,-13000000,1126000000,1126000000,None,3700000,None,3091000000,None,None,9343000000,None,None,395000000,None,None,None,0.154,,462000000,366000000,541000000,2002000000,None,906000000,None,,,,,0.911,10.43,6.15,,,,,,,,0.255,,2735000000,2025-10-30,quarterly,1.78,USD,post-market,297000000,6578000000,0.0828,0.297,-0.41,29.16,165700000,9629000000,286000000,None,88.91,155.36,12.6582,25509000000,8553000000,4471000000,16266000000,16956000000,11795000000,4341000000,9243000000,25.57,-898000000,188.77,28.72
2025-12-28,WDC,7.1,10126000000.0,25.57,None,1.886,17.22,,None,3137000000,3137000000,,,,,,,,,3000000,298000000,None,3513000000,3513000000,2100000000,None,286000000,1791000000,None,None,160000000,,0.2,0.0011,,,,-0.959,0.2,365000000,525000000,1.58,2019-12-31,23.75,10069000000,4113000000.0,828000000,382000000,-13000000,1311000000,1311000000,None,3700000,None,3122000000,None,None,9547000000,None,2321000000,395000000,None,None,None,0.154,,462000000,366000000,577000000,2096000000,None,2452000000,None,,,,,0.911,10.43,6.15,,,,,,,,0.255,,2722000000,2025-10-30,quarterly,1.78,USD,post-market,297000000,6717000000,0.0828,0.297,-0.41,29.16,165700000,9833000000,286000000,None,88.91,155.36,12.6582,25860000000,8627000000,4482000000,16481000000,17233000000,11999000000,4341000000,9379000000,25.57,-962000000,188.77,28.72
2025-12-28,WDC,7.1,10126000000.0,25.57,None,1.886,17.22,,None,3248000000,3248000000,,,,,,,,,3000000,296000000,None,3513000000,3513000000,2231000000,None,251000000,1448000000,None,None,160000000,,0.2,0.0011,,,,-0.959,0.2,365000000,525000000,1.58,2019-09-30,23.75,10090000000,4113000000.0,828000000,382000000,-13000000,1514000000,1514000000,None,3700000,None,3287000000,None,None,9961000000,None,2629000000,395000000,None,None,None,0.154,,462000000,366000000,517000000,1806000000,None,2465000000,None,,,,,0.911,10.43,6.15,,,,,,,,0.255,,2796000000,2025-10-30,quarterly,1.78,USD,post-market,297000000,7012000000,0.0828,0.297,-0.41,29.16,165700000,10212000000,251000000,None,88.91,155.36,12.6582,26280000000,8500000000,4288000000,16714000000,17780000000,12426000000,4341000000,9566000000,25.57,-1087000000,188.77,28.72
2025-12-28,WDC,7.1,10126000000.0,25.57,None,1.886,17.22,,None,3455000000,3455000000,,,,,,,,,3000000,294000000,None,3513000000,3513000000,1898000000,None,276000000,1204000000,None,None,160000000,,0.2,0.0011,,,,-0.959,0.2,365000000,525000000,1.58,2019-06-30,23.75,10076000000,4113000000.0,828000000,382000000,-13000000,1711000000,1711000000,None,3700000,None,3283000000,None,None,10246000000,None,2791000000,395000000,None,None,None,0.154,,462000000,366000000,535000000,1643000000,None,2340000000,None,,,,,0.911,10.43,6.15,,,,,,,,0.255,,2843000000,2025-10-30,quarterly,1.78,USD,post-market,297000000,7449000000,0.0828,0.297,-0.41,29.16,165700000,10522000000,276000000,2000000,88.91,155.36,12.6582,26370000000,8477000000,3817000000,16403000000,17893000000,12586000000,4341000000,9967000000,25.57,-1268000000,188.77,28.72
2025-12-28,WDC,7.1,10126000000.0,25.57,None,1.886,17.22,,None,3682000000,3682000000,,,,,,,,,3000000,292000000,None,3513000000,3513000000,1889000000,None,276000000,1223000000,None,None,160000000,,0.2,0.0011,,,,-0.959,0.2,365000000,525000000,1.58,2019-03-31,23.75,10075000000,4113000000.0,828000000,382000000,-13000000,1918000000,1918000000,None,3700000,None,3440000000,None,None,10309000000,None,2403000000,395000000,None,None,None,0.154,,462000000,366000000,557000000,2047000000,None,2178000000,None,,,,,0.911,10.43,6.15,,,,,,,,0.255,,3031000000,2025-10-30,quarterly,1.78,USD,post-market,297000000,7799000000,0.0828,0.297,-0.41,29.16,165700000,10585000000,276000000,15000000,88.91,155.36,12.6582,26913000000,8902000000,4212000000,16699000000,18011000000,12487000000,4341000000,10214000000,25.57,-1424000000,188.77,28.72
2025-12-28,WDC,7.1,10126000000.0,25.57,None,1.886,17.22,,None,4013000000,4013000000,,,,,,,,,3000000,290000000,None,3513000000,3513000000,2235000000,None,244000000,1715000000,None,None,160000000,,0.2,0.0011,,,,-0.959,0.2,365000000,525000000,1.58,2018-12-31,23.75,10074000000,4113000000.0,828000000,382000000,-13000000,2148000000,2148000000,None,3700000,None,3427000000,None,None,10370000000,None,2318000000,395000000,None,None,None,0.154,,462000000,366000000,587000000,1871000000,None,2307000000,None,,,,,0.911,10.43,6.15,,,,,,,,0.255,,3077000000,2025-10-30,quarterly,1.78,USD,post-market,297000000,8532000000,0.0828,0.297,-0.41,29.16,165700000,10614000000,244000000,23000000,88.91,155.36,12.6582,27939000000,9742000000,4350000000,17027000000,18197000000,12677000000,4341000000,10912000000,25.57,-1650000000,188.77,28.72
2025-12-28,WDC,7.1,10126000000.0,25.57,None,1.886,17.22,,None,4646000000,4646000000,,,,,,,,,3000000,298000000,None,3513000000,3513000000,2367000000,None,213000000,2219000000,None,None,160000000,,0.2,0.0011,,,,-0.959,0.2,365000000,525000000,1.58,2018-09-30,23.75,10072000000,4113000000.0,828000000,382000000,-13000000,2404000000,2404000000,None,3700000,None,3119000000,None,None,10930000000,None,2028000000,395000000,None,None,None,0.154,,462000000,366000000,587000000,1805000000,None,2015000000,None,,,,,0.911,10.43,6.15,,,,,,,,0.255,,3054000000,2025-10-30,quarterly,1.78,USD,post-market,297000000,9172000000,0.0828,0.297,-0.41,29.16,165700000,11143000000,213000000,24000000,88.91,155.36,12.6582,28705000000,10571000000,4385000000,17330000000,18134000000,12945000000,4341000000,11375000000,25.57,-1809000000,188.77,28.72
2025-12-28,WDC,7.1,10126000000.0,25.57,None,1.886,17.22,,None,5005000000,5005000000,,,,,,,,,3000000,307000000,None,3513000000,3513000000,2524000000,None,179000000,2197000000,None,None,160000000,,0.2,0.0011,,,,-0.959,0.2,365000000,525000000,1.58,2018-06-30,23.75,10075000000,4113000000.0,828000000,382000000,-13000000,2680000000,2680000000,None,3700000,None,2944000000,None,None,10993000000,None,2105000000,395000000,None,None,None,0.154,,462000000,366000000,492000000,1753000000,None,2255000000,None,,,,,0.911,10.43,6.15,,,,,,,,0.255,,3095000000,2025-10-30,quarterly,1.78,USD,post-market,297000000,8757000000,0.0828,0.297,-0.41,29.16,165700000,11172000000,179000000,23000000,88.91,155.36,12.6582,29235000000,10638000000,4456000000,17704000000,18597000000,13248000000,4341000000,11531000000,25.57,-1444000000,188.77,28.72
2025-12-28,WDC,7.1,10126000000.0,25.57,None,1.886,17.22,,None,4963000000,4963000000,,,,,,,,,3000000,308000000,None,3513000000,3513000000,2416000000,None,124000000,2011000000,None,None,160000000,,0.2,0.0011,,,,-0.959,0.2,365000000,525000000,1.58,2018-03-31,23.75,10079000000,4113000000.0,828000000,382000000,-13000000,2956000000,2956000000,None,3700000,None,2670000000,None,None,11076000000,None,2160000000,395000000,None,None,None,0.154,,462000000,366000000,500000000,1719000000,None,2369000000,None,,,,,0.911,10.43,6.15,,,,,,,,0.255,,3011000000,2025-10-30,quarterly,1.78,USD,post-market,297000000,8155000000,0.0828,0.297,-0.41,29.16,165700000,11200000000,124000000,20000000,88.91,155.36,12.6582,29004000000,10164000000,4259000000,17704000000,18840000000,13445000000,4341000000,11300000000,25.57,-1181000000,188.77,28.72
2025-12-28,WDC,7.1,10126000000.0,25.57,None,1.886,17.22,,None,6272000000,6272000000,,,,,,,,,3000000,296000000,None,3513000000,3513000000,2171000000,None,274000000,2052000000,None,None,160000000,,0.2,0.0011,,,,-0.959,0.2,365000000,525000000,1.58,2017-12-31,23.75,10076000000,4113000000.0,828000000,382000000,-13000000,3230000000,3230000000,None,3700000,None,2281000000,None,None,11777000000,None,1845000000,395000000,None,None,None,0.154,,462000000,366000000,485000000,1908000000,None,2438000000,None,,,,,0.911,10.43,6.15,,,,,,,,0.255,,3054000000,2025-10-30,quarterly,1.78,USD,post-market,297000000,8250000000,0.0828,0.297,-0.41,29.16,165700000,12051000000,274000000,23000000,88.91,155.36,12.6582,29840000000,11113000000,4353000000,18568000000,18727000000,14215000000,4341000000,11272000000,25.57,-1345000000,188.77,28.72
2025-12-28,WDC,7.1,10126000000.0,25.57,None,1.886,17.22,,None,6886000000,6886000000,,,,,,,,,3000000,306000000,None,3513000000,3513000000,2292000000,None,258000000,2101000000,None,None,160000000,,0.2,0.0011,,,,-0.959,0.2,365000000,525000000,1.58,2017-09-30,23.75,10073000000,4113000000.0,828000000,382000000,-13000000,3545000000,3545000000,None,3700000,None,2302000000,None,None,12873000000,None,1462000000,395000000,None,None,None,0.154,,462000000,366000000,496000000,1919000000,None,1104000000,None,,,,,0.911,10.43,6.15,,,,,,,,0.255,,3048000000,2025-10-30,quarterly,1.78,USD,post-market,297000000,9229000000,0.0828,0.297,-0.41,29.16,165700000,13131000000,258000000,35000000,88.91,155.36,12.6582,30505000000,11820000000,4469000000,18446000000,18685000000,13977000000,4341000000,12059000000,25.57,-1510000000,188.77,28.72
2025-12-28,WDC,7.1,10126000000.0,25.57,None,1.886,17.22,,None,6354000000,6354000000,,,,,,,,,3000000,301000000,None,3513000000,3513000000,2350000000,None,234000000,1948000000,None,None,160000000,,0.2,0.0011,,,,-0.959,0.2,365000000,525000000,1.58,2017-06-30,23.75,10014000000,4113000000.0,828000000,382000000,-13000000,3823000000,3823000000,None,3700000,None,2341000000,None,None,12918000000,None,1340000000,395000000,None,None,None,0.154,,462000000,366000000,413000000,1761000000,None,1180000000,None,,,,,0.911,10.43,6.15,,,,,,,,0.255,,3033000000,2025-10-30,quarterly,1.78,USD,post-market,297000000,8633000000,0.0828,0.297,-0.41,29.16,165700000,13151000000,233000000,24000000,88.91,155.36,12.6582,29860000000,11056000000,4344000000,18442000000,18804000000,14098000000,4341000000,11418000000,25.57,-1666000000,188.77,28.72
2025-12-28,WDC,7.1,10126000000.0,25.57,None,1.886,17.22,,None,5652000000,5652000000,,,,,,,,,3000000,299000000,None,3513000000,3513000000,2379000000,None,181000000,1948000000,None,None,160000000,,0.2,0.0011,,,,-0.959,0.2,365000000,525000000,1.58,2017-03-31,23.75,10012000000,4113000000.0,828000000,382000000,-13000000,4144000000,4144000000,None,3700000,None,2254000000,None,None,12907000000,None,1291000000,395000000,None,None,None,0.154,,462000000,366000000,434000000,1749000000,None,1201000000,None,,,,,0.911,10.43,6.15,,,,,,,,0.255,,3099000000,2025-10-30,quarterly,1.78,USD,post-market,297000000,8507000000,0.0828,0.297,-0.41,29.16,165700000,13088000000,181000000,25000000,88.91,155.36,12.6582,29448000000,10313000000,4309000000,18417000000,19135000000,14108000000,4341000000,11031000000,25.57,-1860000000,188.77,28.72
2025-12-28,WDC,7.1,10126000000.0,25.57,None,1.886,17.22,,None,4940000000,4940000000,,,,,,,,,3000000,294000000,None,3513000000,3513000000,2187000000,None,129000000,2004000000,None,None,160000000,,0.2,0.0011,,,,-0.959,0.2,365000000,525000000,1.58,2016-12-31,23.75,10005000000,4113000000.0,828000000,382000000,-13000000,4469000000,4469000000,None,3700000,None,2085000000,None,None,12944000000,None,1082000000,395000000,None,None,None,0.154,,462000000,366000000,416000000,1772000000,None,1211000000,None,,,,,0.911,10.43,6.15,,,,,,,,0.255,,3238000000,2025-10-30,quarterly,1.78,USD,post-market,297000000,8411000000,0.0828,0.297,-0.41,29.16,165700000,13073000000,129000000,161000000,88.91,155.36,12.6582,28975000000,9606000000,4088000000,18243000000,19369000000,14155000000,4341000000,10732000000,25.57,-2059000000,188.77,28.72
2025-12-28,WDC,7.1,10126000000.0,25.57,None,1.886,17.22,,None,4077000000,4077000000,,,,,,,,,3000000,285000000,None,3513000000,3513000000,2136000000,None,78000000,2023000000,None,None,160000000,,0.2,0.0011,,,,-0.959,0.2,365000000,525000000,1.58,2016-09-30,23.75,9967000000,4113000000.0,828000000,382000000,-13000000,4791000000,4791000000,None,3700000,None,2109000000,None,None,13055000000,None,1217000000,395000000,None,None,None,0.154,,462000000,366000000,666000000,1705000000,None,1261000000,None,,,,,0.911,10.43,6.15,,,,,,,,0.255,,3359000000,2025-10-30,quarterly,1.78,USD,post-market,297000000,8329000000,0.0828,0.297,-0.41,29.16,165700000,13133000000,78000000,248000000,88.91,155.36,12.6582,29010000000,9123000000,3919000000,18235000000,19887000000,14316000000,4341000000,10775000000,25.57,-2164000000,188.77,28.72
2025-12-28,WDC,7.1,10126000000.0,25.57,None,1.886,17.22,,None,8151000000,8151000000,,,,,,,,,3000000,261000000,None,3513000000,3513000000,2056000000,None,339000000,1461000000,None,None,160000000,,0.2,0.0011,,,,-0.959,0.2,365000000,525000000,1.58,2016-06-30,23.75,9951000000,4113000000.0,828000000,382000000,-13000000,5034000000,5034000000,None,3700000,None,2129000000,None,None,13660000000,None,1171000000,395000000,None,None,None,0.154,,462000000,366000000,616000000,1559000000,None,1108000000,None,,,,,0.911,10.43,6.15,,,,,,,,0.255,,3503000000,2025-10-30,quarterly,1.78,USD,post-market,297000000,8848000000,0.0828,0.297,-0.41,29.16,165700000,16994000000,3334000000,227000000,88.91,155.36,12.6582,32862000000,12584000000,6949000000,21717000000,20278000000,14768000000,4341000000,11145000000,25.57,-2238000000,188.77,28.72
2025-12-28,WDC,7.1,10126000000.0,25.57,None,1.886,17.22,,None,5887000000,5887000000,,,,,,,,,3000000,234000000,None,3513000000,3513000000,1571000000,None,203000000,1254000000,None,None,160000000,,0.2,0.0011,,,,-0.959,0.2,365000000,525000000,1.58,2016-03-31,23.75,2766000000,4113000000.0,828000000,382000000,-13000000,268000000,268000000,None,3700000,None,1227000000,None,None,2000000000,None,None,395000000,None,None,None,0.154,,462000000,366000000,226000000,1007000000,None,557000000,None,,,,,0.911,10.43,6.15,,,,,,,,0.255,,2687000000,2025-10-30,quarterly,1.78,USD,post-market,297000000,9363000000,0.0828,0.297,-0.41,29.16,165700000,2203000000,203000000,146000000,88.91,155.36,12.6582,14947000000,8740000000,2781000000,5338000000,6207000000,2557000000,4341000000,9609000000,25.57,-2243000000,188.77,28.72
2025-12-28,WDC,7.1,10126000000.0,25.57,None,1.886,17.22,,None,5363000000,5363000000,,,,,,,,,3000000,234000000,None,3513000000,3513000000,1806000000,None,None,1650000000,None,None,160000000,,0.2,0.0011,,,,-0.959,0.2,365000000,525000000,1.58,2015-12-31,23.75,2766000000,4113000000.0,828000000,382000000,-13000000,292000000,292000000,None,3700000,None,1238000000,None,None,12944000000,None,1082000000,395000000,None,None,None,0.154,,462000000,366000000,200000000,996000000,None,1211000000,None,,,,,0.911,10.43,6.15,,,,,,,,0.255,,3238000000,2025-10-30,quarterly,1.78,USD,post-market,297000000,9407000000,0.0828,0.297,-0.41,29.16,165700000,13387000000,443000000,497000000,88.91,155.36,12.6582,15466000000,8948000000,3245000000,5909000000,6518000000,2664000000,4341000000,9557000000,25.57,-2266000000,188.77,28.72
2025-12-28,WDC,7.1,10126000000.0,25.57,None,1.886,17.22,,None,5081000000,5081000000,,,,,,,,,3000000,234000000,None,3513000000,3513000000,1799000000,None,None,1616000000,None,None,160000000,,0.2,0.0011,,,,-0.959,0.2,365000000,525000000,1.58,2015-09-30,23.75,2766000000,4113000000.0,828000000,382000000,-13000000,319000000,319000000,None,3700000,None,1260000000,None,None,2109000000,None,None,395000000,None,None,None,0.154,,462000000,366000000,351000000,1005000000,None,585000000,None,,,,,0.911,10.43,6.15,,,,,,,,0.255,,2890000000,2025-10-30,quarterly,1.78,USD,post-market,297000000,9273000000,0.0828,0.297,-0.41,29.16,165700000,2536000000,427000000,347000000,88.91,155.36,12.6582,15261000000,8655000000,3231000000,5925000000,6606000000,2694000000,4341000000,9336000000,25.57,-2303000000,188.77,28.72
2025-12-28,WDC,7.1,10126000000.0,25.57,None,1.886,17.22,,None,5024000000,5024000000,,,,,,,,,3000000,235000000,None,3513000000,3513000000,1881000000,None,152000000,1532000000,None,None,160000000,,0.2,0.0011,,,,-0.959,0.2,365000000,525000000,1.58,2015-06-30,23.75,2766000000,4113000000.0,828000000,382000000,-13000000,332000000,332000000,None,3700000,None,1368000000,None,None,2156000000,None,None,395000000,None,None,None,0.154,,462000000,366000000,327000000,950000000,None,564000000,None,,,,,0.911,10.43,6.15,,,,,,,,0.255,,2965000000,2025-10-30,quarterly,1.78,USD,post-market,297000000,9107000000,0.0828,0.297,-0.41,29.16,165700000,2556000000,407000000,262000000,88.91,155.36,12.6582,15181000000,8517000000,3242000000,5951000000,6657000000,2720000000,4341000000,9219000000,25.57,-2299000000,188.77,28.72
2025-12-28,WDC,7.1,10126000000.0,25.57,None,1.886,17.22,,None,4812000000,4812000000,,,,,,,,,3000000,236000000,None,3513000000,3513000000,2020000000,None,None,1696000000,None,None,160000000,,0.2,0.0011,,,,-0.959,0.2,365000000,525000000,1.58,2015-03-31,23.75,2745000000,4113000000.0,828000000,382000000,-13000000,400000000,400000000,None,3700000,None,1322000000,None,None,2203000000,None,None,395000000,None,None,None,0.154,,462000000,366000000,371000000,1057000000,None,529000000,None,,,,,0.911,10.43,6.15,,,,,,,,0.255,,3051000000,2025-10-30,quarterly,1.78,USD,post-market,297000000,9004000000,0.0828,0.297,-0.41,29.16,165700000,2344000000,141000000,228000000,88.91,155.36,12.6582,15176000000,8429000000,3218000000,5950000000,6747000000,2732000000,4341000000,9226000000,25.57,-2147000000,188.77,28.72
2025-12-28,WDC,7.1,10126000000.0,25.57,None,1.886,17.22,,None,4902000000,4902000000,,,,,,,,,3000000,238000000,None,3513000000,3513000000,2071000000,None,None,1880000000,None,None,160000000,,0.2,0.0011,,,,-0.959,0.2,365000000,525000000,1.58,2014-12-31,23.75,2566000000,4113000000.0,828000000,382000000,-13000000,359000000,359000000,None,3700000,None,1282000000,None,None,2250000000,None,None,395000000,None,None,None,0.154,,462000000,366000000,355000000,1093000000,None,518000000,None,,,,,0.911,10.43,6.15,,,,,,,,0.255,,3099000000,2025-10-30,quarterly,1.78,USD,post-market,297000000,8738000000,0.0828,0.297,-0.41,29.16,165700000,2375000000,125000000,241000000,88.91,155.36,12.6582,15139000000,8660000000,3289000000,6057000000,6479000000,2768000000,4341000000,9082000000,25.57,-1945000000,188.77,28.72
2025-12-28,WDC,7.1,10126000000.0,25.57,None,1.886,17.22,,None,5159000000,5159000000,,,,,,,,,3000000,240000000,None,3513000000,3513000000,2016000000,None,None,1915000000,None,None,160000000,,0.2,0.0011,,,,-0.959,0.2,365000000,525000000,1.58,2014-09-30,23.75,2559000000,4113000000.0,828000000,382000000,-13000000,406000000,406000000,None,3700000,None,1272000000,None,None,2281000000,None,None,395000000,None,None,None,0.154,,462000000,366000000,422000000,1777000000,None,490000000,None,,,,,0.911,10.43,6.15,,,,,,,,0.255,,3202000000,2025-10-30,quarterly,1.78,USD,post-market,297000000,8394000000,0.0828,0.297,-0.41,29.16,165700000,2406000000,125000000,222000000,88.91,155.36,12.6582,15652000000,8990000000,3918000000,6689000000,6662000000,2771000000,4341000000,8963000000,25.57,-1705000000,188.77,28.72
2025-12-28,WDC,7.1,10126000000.0,25.57,None,1.886,17.22,,None,4804000000,4804000000,,,,,,,,,3000000,241000000,None,3513000000,3513000000,1971000000,None,2438000000,1989000000,None,None,160000000,,0.2,0.0011,,,,-0.959,0.2,365000000,525000000,1.58,2014-06-30,23.75,2559000000,4113000000.0,828000000,382000000,-13000000,454000000,454000000,None,3700000,None,1226000000,None,None,2313000000,None,None,395000000,None,None,None,0.154,,462000000,366000000,417000000,1749000000,None,499000000,None,,,,,0.911,10.43,6.15,,,,,,,,0.255,,3293000000,2025-10-30,quarterly,1.78,USD,post-market,297000000,8066000000,0.0828,0.297,-0.41,29.16,165700000,2438000000,125000000,284000000,88.91,155.36,12.6582,15499000000,8720000000,3845000000,6657000000,6779000000,2812000000,4341000000,8842000000,25.57,-1570000000,188.77,28.72
2025-12-28,WDC,7.1,10126000000.0,25.57,None,1.886,17.22,,None,4569000000,4569000000,,,,,,,,,3000000,242000000,None,3513000000,3513000000,1902000000,None,None,1802000000,None,None,160000000,,0.2,0.0011,,,,-0.959,0.2,365000000,525000000,1.58,2014-03-31,23.75,2558000000,4113000000.0,828000000,382000000,-13000000,539000000,539000000,None,3700000,None,1277000000,None,None,2344000000,None,None,395000000,None,None,None,0.154,,462000000,366000000,362000000,1720000000,None,473000000,None,,,,,0.911,10.43,6.15,,,,,,,,0.255,,3406000000,2025-10-30,quarterly,1.78,USD,post-market,297000000,7845000000,0.0828,0.297,-0.41,29.16,165700000,2469000000,125000000,296000000,88.91,155.36,12.6582,15332000000,8306000000,3747000000,6564000000,7026000000,2817000000,4341000000,8768000000,25.57,-1390000000,188.77,28.72
2025-12-28,WDC,7.1,10126000000.0,25.57,None,1.886,17.22,,None,4655000000,4655000000,,,,,,,,,3000000,243000000,None,3513000000,3513000000,2106000000,None,None,1959000000,None,None,160000000,,0.2,0.0011,,,,-0.959,0.2,365000000,525000000,1.58,2013-12-31,23.75,2555000000,4113000000.0,828000000,382000000,-13000000,607000000,607000000,None,3700000,None,1293000000,None,None,1610000000,None,None,395000000,None,None,None,0.154,,462000000,366000000,381000000,1784000000,None,473000000,None,,,,,0.911,10.43,6.15,,,,,,,,0.255,,3509000000,2025-10-30,quarterly,1.78,USD,post-market,297000000,7541000000,0.0828,0.297,-0.41,29.16,165700000,2340000000,730000000,0,88.91,155.36,12.6582,15282000000,8288000000,4620000000,6703000000,6994000000,2083000000,4341000000,8579000000,25.57,-1178000000,188.77,28.72
2025-12-28,WDC,7.1,10126000000.0,25.57,None,1.886,17.22,,None,4869000000,4869000000,,,,,,,,,3000000,242000000,None,3513000000,3513000000,2061000000,None,None,1791000000,None,None,160000000,,0.2,0.0011,,,,-0.959,0.2,365000000,525000000,1.58,2013-09-30,23.75,2051000000,4113000000.0,828000000,382000000,-13000000,616000000,616000000,None,3700000,None,1244000000,None,None,1668000000,None,None,395000000,None,None,None,0.154,,462000000,366000000,357000000,1636000000,None,458000000,None,,,,,0.911,10.43,6.15,,,,,,,,0.255,,3638000000,2025-10-30,quarterly,1.78,USD,post-market,297000000,7183000000,0.0828,0.297,-0.41,29.16,165700000,2398000000,730000000,0,88.91,155.36,12.6582,14806000000,8261000000,4427000000,6553000000,6545000000,2126000000,4341000000,8253000000,25.57,-1119000000,188.77,28.72
2025-12-28,WDC,7.1,10126000000.0,25.57,None,1.886,17.22,,None,4309000000,4309000000,,,,,,,,,3000000,236000000,None,3513000000,3513000000,1990000000,None,None,1793000000,None,None,160000000,,0.2,0.0011,,,,-0.959,0.2,365000000,525000000,1.58,2013-06-30,23.75,1954000000,4113000000.0,828000000,382000000,-13000000,605000000,605000000,None,3700000,None,1188000000,None,None,1725000000,None,None,395000000,None,None,None,0.154,,462000000,366000000,308000000,1753000000,None,445000000,None,,,,,0.911,10.43,6.15,,,,,,,,0.255,,3700000000,2025-10-30,quarterly,1.78,USD,post-market,297000000,6749000000,0.0828,0.297,-0.41,29.16,165700000,1955000000,230000000,0,88.91,155.36,12.6582,14036000000,7598000000,3973000000,6143000000,6438000000,2170000000,4341000000,7893000000,25.57,-1012000000,188.77,28.72
2025-12-28,WDC,7.1,10126000000.0,25.57,None,1.886,17.22,,None,4060000000,4060000000,,,,,,,,,3000000,245000000,None,3513000000,3513000000,2037000000,None,None,1700000000,None,None,160000000,,0.2,0.0011,,,,-0.959,0.2,365000000,525000000,1.58,2013-03-31,23.75,1954000000,4113000000.0,828000000,382000000,-13000000,656000000,656000000,None,3700000,None,1197000000,None,None,1783000000,None,None,395000000,None,None,None,0.154,,462000000,366000000,383000000,959000000,None,495000000,None,,,,,0.911,10.43,6.15,,,,,,,,0.255,,3803000000,2025-10-30,quarterly,1.78,USD,post-market,297000000,7073000000,0.0828,0.297,-0.41,29.16,165700000,2013000000,230000000,0,88.91,155.36,12.6582,13927000000,7340000000,3226000000,5504000000,6587000000,2278000000,4341000000,8423000000,25.57,-905000000,188.77,28.72
2025-12-28,WDC,7.1,10126000000.0,25.57,None,1.886,17.22,,None,3816000000,3816000000,,,,,,,,,3000000,246000000,None,3513000000,3513000000,2185000000,None,None,1732000000,None,None,160000000,,0.2,0.0011,,,,-0.959,0.2,365000000,525000000,1.58,2012-12-31,23.75,1907000000,4113000000.0,828000000,382000000,-13000000,709000000,709000000,None,3700000,None,1204000000,None,None,1840000000,None,None,395000000,None,None,None,0.154,,462000000,366000000,423000000,853000000,None,516000000,None,,,,,0.911,10.43,6.15,,,,,,,,0.255,,3938000000,2025-10-30,quarterly,1.78,USD,post-market,297000000,6744000000,0.0828,0.297,-0.41,29.16,165700000,2128000000,288000000,0,88.91,155.36,12.6582,13929000000,7175000000,3326000000,5682000000,6754000000,2356000000,4341000000,8247000000,25.57,-732000000,188.77,28.72
2025-12-28,WDC,7.1,10126000000.0,25.57,None,1.886,17.22,,None,3537000000,3537000000,,,,,,,,,3000000,252000000,None,3513000000,3513000000,2545000000,None,None,1951000000,None,None,160000000,,0.2,0.0011,,,,-0.959,0.2,365000000,525000000,1.58,2012-09-30,23.75,1944000000,4113000000.0,828000000,382000000,-13000000,746000000,746000000,None,3700000,None,1304000000,None,None,1898000000,None,None,395000000,None,None,None,0.154,,462000000,366000000,394000000,920000000,None,542000000,None,,,,,0.911,10.43,6.15,,,,,,,,0.255,,4027000000,2025-10-30,quarterly,1.78,USD,post-market,297000000,6470000000,0.0828,0.297,-0.41,29.16,165700000,2128000000,230000000,0,88.91,155.36,12.6582,14172000000,7186000000,3695000000,6135000000,6986000000,2440000000,4341000000,8037000000,25.57,-674000000,188.77,28.72
2025-12-28,WDC,7.1,10126000000.0,25.57,None,1.886,17.22,,None,3208000000,3208000000,,,,,,,,,3000000,252000000,None,3513000000,3513000000,2773000000,None,None,2364000000,None,None,160000000,,0.2,0.0011,,,,-0.959,0.2,365000000,525000000,1.58,2012-06-30,23.75,1975000000,4113000000.0,828000000,382000000,-13000000,799000000,799000000,None,3700000,None,1210000000,None,None,1955000000,None,None,395000000,None,None,None,0.154,,462000000,366000000,359000000,1029000000,None,None,None,,,,,0.911,10.43,6.15,,,,,,,,0.255,,4067000000,2025-10-30,quarterly,1.78,USD,post-market,297000000,6012000000,0.0828,0.297,-0.41,29.16,165700000,2185000000,230000000,0,88.91,155.36,12.6582,14206000000,7141000000,4032000000,6537000000,7065000000,2505000000,4341000000,7669000000,25.57,-554000000,188.77,28.72
2025-12-28,WDC,7.1,10126000000.0,25.57,None,1.886,17.22,,None,3377000000,3377000000,,,,,,,,,3000000,246000000,None,3513000000,3513000000,2774000000,None,None,2377000000,None,None,160000000,,0.2,0.0011,,,,-0.959,0.2,365000000,525000000,1.58,2012-03-31,23.75,1851000000,4113000000.0,828000000,382000000,-13000000,840000000,840000000,None,3700000,None,1282000000,None,None,2013000000,None,None,395000000,None,None,None,0.154,,462000000,366000000,409000000,1031000000,None,None,None,,,,,0.911,10.43,6.15,,,,,,,,0.255,,4171000000,2025-10-30,quarterly,1.78,USD,post-market,297000000,5267000000,0.0828,0.297,-0.41,29.16,165700000,2743000000,730000000,0,88.91,155.36,12.6582,14510000000,7445000000,4535000000,7094000000,7065000000,2559000000,4341000000,7416000000,25.57,0,188.77,28.72
2025-12-28,WDC,7.1,10126000000.0,25.57,None,1.886,17.22,,None,3924000000,3924000000,,,,,,,,,2000000,237000000,None,3513000000,3513000000,883000000,None,None,747000000,None,None,160000000,,0.2,0.0011,,,,-0.959,0.2,365000000,525000000,1.58,2011-12-31,23.75,151000000,4113000000.0,828000000,382000000,-13000000,63000000,63000000,None,3700000,None,466000000,None,None,50000000,None,None,395000000,None,None,None,0.154,,462000000,366000000,261000000,488000000,None,None,None,,,,,0.911,10.43,6.15,,,,,,,,0.255,,2091000000,2025-10-30,quarterly,1.78,USD,post-market,297000000,4784000000,0.0828,0.297,-0.41,29.16,165700000,231000000,181000000,0,88.91,155.36,12.6582,7807000000,5398000000,1552000000,1884000000,2409000000,332000000,4341000000,5923000000,25.57,0,188.77,28.72
2025-12-28,WDC,7.1,10126000000.0,25.57,None,1.886,17.22,,None,3675000000,3675000000,,,,,,,,,2000000,237000000,None,3513000000,3513000000,1708000000,None,None,1356000000,None,None,160000000,,0.2,0.0011,,,,-0.959,0.2,365000000,525000000,1.58,2011-09-30,23.75,151000000,4113000000.0,828000000,382000000,-13000000,67000000,67000000,None,3700000,None,645000000,None,None,100000000,None,None,395000000,None,None,None,0.154,,462000000,366000000,250000000,483000000,None,None,None,,,,,0.911,10.43,6.15,,,,,,,,0.255,,2209000000,2025-10-30,quarterly,1.78,USD,post-market,297000000,4639000000,0.0828,0.297,-0.41,29.16,165700000,263000000,163000000,0,88.91,155.36,12.6582,8467000000,5926000000,2354000000,2744000000,2541000000,390000000,4341000000,5723000000,25.57,0,188.77,28.72
2025-12-28,WDC,7.1,10126000000.0,25.57,None,1.886,17.22,,None,3490000000,3490000000,,,,,,,,,2000000,237000000,None,3513000000,3513000000,1545000000,None,None,1206000000,None,None,160000000,,0.2,0.0011,,,,-0.959,0.2,365000000,525000000,1.58,2011-06-30,23.75,151000000,4113000000.0,828000000,382000000,-13000000,71000000,71000000,None,3700000,None,577000000,None,None,150000000,None,None,395000000,None,None,None,0.154,,462000000,366000000,214000000,481000000,None,None,None,,,,,0.911,10.43,6.15,,,,,,,,0.255,,2224000000,2025-10-30,quarterly,1.78,USD,post-market,297000000,4400000000,0.0828,0.297,-0.41,29.16,165700000,294000000,144000000,0,88.91,155.36,12.6582,8118000000,5487000000,2170000000,2630000000,2631000000,460000000,4341000000,5488000000,25.57,0,188.77,28.72
2025-12-28,WDC,7.1,10126000000.0,25.57,None,1.886,17.22,,None,3230000000,3230000000,,,,,,,,,2000000,236000000,None,3513000000,3513000000,1486000000,None,None,1171000000,None,None,160000000,,0.2,0.0011,,,,-0.959,0.2,365000000,525000000,1.58,2011-03-31,23.75,151000000,4113000000.0,828000000,382000000,-13000000,75000000,75000000,None,3700000,None,574000000,None,None,200000000,None,None,395000000,None,None,None,0.154,,462000000,366000000,178000000,384000000,None,None,None,,,,,0.911,10.43,6.15,,,,,,,,0.255,,2249000000,2025-10-30,quarterly,1.78,USD,post-market,297000000,4242000000,0.0828,0.297,-0.41,29.16,165700000,325000000,125000000,0,88.91,155.36,12.6582,7839000000,5153000000,1995000000,2523000000,2686000000,528000000,4341000000,5316000000,25.57,0,188.77,28.72
2025-12-28,WDC,7.1,10126000000.0,25.57,None,1.886,17.22,,None,3110000000,3110000000,,,,,,,,,2000000,235000000,None,3513000000,3513000000,1628000000,None,None,1250000000,None,None,160000000,,0.2,0.0011,,,,-0.959,0.2,365000000,525000000,1.58,2010-12-31,23.75,151000000,4113000000.0,828000000,382000000,-13000000,79000000,79000000,None,3700000,None,568000000,None,None,231000000,None,None,395000000,None,None,None,0.154,,462000000,366000000,192000000,397000000,None,None,None,,,,,0.911,10.43,6.15,,,,,,,,0.255,,2277000000,2025-10-30,quarterly,1.78,USD,post-market,297000000,4096000000,0.0828,0.297,-0.41,29.16,165700000,350000000,119000000,0,88.91,155.36,12.6582,7843000000,5120000000,2144000000,2684000000,2723000000,540000000,4341000000,5159000000,25.57,0,188.77,28.72
2025-12-28,WDC,7.1,10126000000.0,25.57,None,1.886,17.22,,None,2858000000,2858000000,,,,,,,,,2000000,234000000,None,3513000000,3513000000,1703000000,None,None,1325000000,None,None,160000000,,0.2,0.0011,,,,-0.959,0.2,365000000,525000000,1.58,2010-09-30,23.75,150000000,4113000000.0,828000000,382000000,-13000000,83000000,83000000,None,3700000,None,561000000,None,None,262000000,None,None,395000000,None,None,None,0.154,,462000000,366000000,195000000,358000000,None,None,None,,,,,0.911,10.43,6.15,,,,,,,,0.255,,2245000000,2025-10-30,quarterly,1.78,USD,post-market,297000000,3871000000,0.0828,0.297,-0.41,29.16,165700000,375000000,113000000,0,88.91,155.36,12.6582,7633000000,4939000000,2174000000,2744000000,2694000000,570000000,4341000000,4911000000,25.57,-39000000,188.77,28.72
2025-12-28,WDC,7.1,10126000000.0,25.57,None,1.886,17.22,,None,2734000000,2734000000,,,,,,,,,2000000,234000000,None,3513000000,3513000000,1507000000,None,None,1256000000,None,None,160000000,,0.2,0.0011,,,,-0.959,0.2,365000000,525000000,1.58,2010-06-30,23.75,146000000,4113000000.0,828000000,382000000,-13000000,88000000,88000000,None,3700000,None,560000000,None,None,294000000,None,None,395000000,None,None,None,0.154,,462000000,366000000,170000000,410000000,None,None,None,,,,,0.911,10.43,6.15,,,,,,,,0.255,,2159000000,2025-10-30,quarterly,1.78,USD,post-market,297000000,3674000000,0.0828,0.297,-0.41,29.16,165700000,400000000,106000000,0,88.91,155.36,12.6582,7328000000,4720000000,2023000000,2619000000,2608000000,596000000,4341000000,4709000000,25.57,0,188.77,28.72
2025-12-28,WDC,7.1,10126000000.0,25.57,None,1.886,17.22,,None,2826000000,2826000000,,,,,,,,,2000000,234000000,None,3513000000,3513000000,1508000000,None,None,1257000000,None,None,160000000,,0.2,0.0011,,,,-0.959,0.2,365000000,525000000,1.58,2010-03-31,23.75,139000000,4113000000.0,828000000,382000000,-13000000,80000000,80000000,None,3700000,None,507000000,None,None,325000000,None,None,395000000,None,None,None,0.154,,462000000,366000000,188000000,349000000,None,None,None,,,,,0.911,10.43,6.15,,,,,,,,0.255,,1756000000,2025-10-30,quarterly,1.78,USD,post-market,297000000,3410000000,0.0828,0.297,-0.41,29.16,165700000,425000000,100000000,0,88.91,155.36,12.6582,7000000000,4778000000,1957000000,2569000000,2222000000,612000000,4341000000,4431000000,25.57,0,188.77,28.72
2025-12-28,WDC,7.1,10126000000.0,25.57,None,1.886,17.22,,None,2435000000,2435000000,,,,,,,,,2000000,232000000,None,3513000000,3513000000,1507000000,None,None,1365000000,None,None,160000000,,0.2,0.0011,,,,-0.959,0.2,365000000,525000000,1.58,2009-12-31,23.75,139000000,4113000000.0,828000000,382000000,-13000000,83000000,83000000,None,3700000,None,453000000,None,None,350000000,None,None,395000000,None,None,None,0.154,,462000000,366000000,163000000,406000000,None,None,None,,,,,0.911,10.43,6.15,,,,,,,,0.255,,1696000000,2025-10-30,quarterly,1.78,USD,post-market,297000000,3009000000,0.0828,0.297,-0.41,29.16,165700000,444000000,94000000,0,88.91,155.36,12.6582,6585000000,4416000000,2007000000,2594000000,2169000000,587000000,4341000000,3991000000,25.57,0,188.77,28.72
2025-12-28,WDC,7.1,10126000000.0,25.57,None,1.886,17.22,,None,2056000000,2056000000,,,,,,,,,2000000,230000000,None,3513000000,3513000000,1342000000,None,None,1131000000,None,None,160000000,,0.2,0.0011,,,,-0.959,0.2,365000000,525000000,1.58,2009-09-30,23.75,139000000,4113000000.0,828000000,382000000,-13000000,86000000,86000000,None,3700000,None,395000000,None,None,375000000,None,None,395000000,None,None,None,0.154,,462000000,366000000,168000000,319000000,None,None,None,,,,,0.911,10.43,6.15,,,,,,,,0.255,,1625000000,2025-10-30,quarterly,1.78,USD,post-market,297000000,2580000000,0.0828,0.297,-0.41,29.16,165700000,463000000,88000000,0,88.91,155.36,12.6582,5849000000,3750000000,1749000000,2326000000,2099000000,577000000,4341000000,3523000000,25.57,0,188.77,28.72
2025-12-28,WDC,7.1,10126000000.0,25.57,None,1.886,17.22,,None,1794000000,1794000000,,,,,,,,,2000000,230000000,None,3513000000,3513000000,1101000000,None,None,926000000,None,None,160000000,,0.2,0.0011,,,,-0.959,0.2,365000000,525000000,1.58,2009-06-30,23.75,139000000,4113000000.0,828000000,382000000,-13000000,89000000,89000000,None,3700000,None,376000000,None,None,400000000,None,None,395000000,None,None,None,0.154,,462000000,366000000,134000000,342000000,None,None,None,,,,,0.911,10.43,6.15,,,,,,,,0.255,,1584000000,2025-10-30,quarterly,1.78,USD,post-market,297000000,2292000000,0.0828,0.297,-0.41,29.16,165700000,482000000,82000000,1000000,88.91,155.36,12.6582,5291000000,3230000000,1525000000,2099000000,2061000000,574000000,4341000000,3192000000,25.57,None,188.77,28.72
2025-12-28,WDC,7.1,10126000000.0,25.57,None,1.886,17.22,,None,1579000000,1579000000,,,,,,,,,2000000,226000000,None,3513000000,3513000000,1001000000,None,None,824000000,None,None,160000000,,0.2,0.0011,,,,-0.959,0.2,365000000,525000000,1.58,2009-03-31,23.75,138000000,4113000000.0,828000000,382000000,-13000000,93000000,93000000,None,3700000,None,385000000,None,None,425000000,None,None,395000000,None,None,None,0.154,,462000000,366000000,134000000,345000000,None,None,None,,,,,0.911,10.43,6.15,,,,,,,,0.255,,1570000000,2025-10-30,quarterly,1.78,USD,post-market,297000000,2096000000,0.0828,0.297,-0.41,29.16,165700000,502000000,77000000,None,88.91,155.36,12.6582,4992000000,2922000000,1423000000,2000000000,2070000000,577000000,4341000000,2992000000,25.57,-16000000,188.77,28.72
2025-12-28,WDC,7.1,10126000000.0,25.57,None,1.886,17.22,,None,1376000000,1376000000,,,,,,,,,2000000,224000000,None,3513000000,3513000000,1075000000,None,None,926000000,None,None,160000000,,0.2,0.0011,,,,-0.959,0.2,365000000,525000000,1.58,2008-12-31,23.75,116000000,4113000000.0,828000000,382000000,-13000000,70000000,70000000,None,3700000,None,446000000,None,None,444000000,None,None,395000000,None,None,None,0.154,,462000000,366000000,147000000,337000000,None,None,None,,,,,0.911,10.43,6.15,,,,,,,,0.255,,1620000000,2025-10-30,quarterly,1.78,USD,post-market,297000000,2047000000,0.0828,0.297,-0.41,29.16,165700000,504000000,60000000,None,88.91,155.36,12.6582,4971000000,2895000000,1472000000,2050000000,2076000000,578000000,4341000000,2921000000,25.57,-26000000,188.77,28.72
2025-12-28,WDC,7.1,10126000000.0,25.57,None,1.886,17.22,,None,1213000000,1213000000,,,,,,,,,2000000,226000000,None,3513000000,3513000000,1215000000,None,None,1082000000,None,None,160000000,,0.2,0.0011,,,,-0.959,0.2,365000000,525000000,1.58,2008-09-30,23.75,116000000,4113000000.0,828000000,382000000,-13000000,78000000,78000000,None,3700000,None,477000000,None,None,462000000,None,None,395000000,None,None,None,0.154,,462000000,366000000,174000000,336000000,None,None,None,,,,,0.911,10.43,6.15,,,,,,,,0.255,,1674000000,2025-10-30,quarterly,1.78,USD,post-market,297000000,2033000000,0.0828,0.297,-0.41,29.16,165700000,507000000,45000000,2000000,88.91,155.36,12.6582,5092000000,2948000000,1596000000,2205000000,2144000000,609000000,4341000000,2887000000,25.57,-54000000,188.77,28.72
2025-12-28,WDC,7.1,10126000000.0,25.57,None,1.886,17.22,,None,1104000000,1104000000,,,,,,,,,2000000,226000000,None,3513000000,3513000000,1181000000,None,None,1010000000,None,None,160000000,,0.2,0.0011,,,,-0.959,0.2,365000000,525000000,1.58,2008-06-30,23.75,116000000,4113000000.0,828000000,382000000,-13000000,81000000,81000000,None,3700000,None,456000000,None,None,482000000,None,None,395000000,None,None,None,0.154,,462000000,366000000,161000000,356000000,None,None,None,,,,,0.911,10.43,6.15,,,,,,,,0.255,,1668000000,2025-10-30,quarterly,1.78,USD,post-market,297000000,1822000000,0.0828,0.297,-0.41,29.16,165700000,509000000,27000000,3000000,88.91,155.36,12.6582,4875000000,2731000000,1564000000,2179000000,2144000000,615000000,4341000000,2696000000,25.57,-22000000,188.77,28.72
2025-12-28,WDC,7.1,10126000000.0,25.57,None,1.886,17.22,,None,917000000,917000000,,,,,,,,,2000000,227000000,None,3513000000,3513000000,1144000000,None,None,1014000000,None,None,160000000,,0.2,0.0011,,,,-0.959,0.2,365000000,525000000,1.58,2008-03-31,23.75,187000000,4113000000.0,828000000,382000000,-13000000,187000000,187000000,None,3700000,None,455000000,None,None,503000000,None,None,395000000,None,None,None,0.154,,462000000,366000000,211000000,339000000,None,None,None,,,,,0.911,10.43,6.15,,,,,,,,0.255,,1529000000,2025-10-30,quarterly,1.78,USD,post-market,297000000,1609000000,0.0828,0.297,-0.41,29.16,165700000,514000000,11000000,32000000,88.91,155.36,12.6582,4543000000,2629000000,1494000000,2126000000,1914000000,632000000,4341000000,2417000000,25.57,-58000000,188.77,28.72
2025-12-28,WDC,7.1,10126000000.0,25.57,None,1.886,17.22,,None,917000000,917000000,,,,,,,,,2000000,226000000,None,3513000000,3513000000,1216000000,None,None,1086000000,None,None,160000000,,0.2,0.0011,,,,-0.959,0.2,365000000,525000000,1.58,2007-12-31,23.75,174000000,4113000000.0,828000000,382000000,-13000000,174000000,174000000,None,3700000,None,459000000,None,None,4000000,None,None,395000000,None,None,None,0.154,,462000000,366000000,141000000,365000000,None,None,None,,,,,0.911,10.43,6.15,,,,,,,,0.255,,1560000000,2025-10-30,quarterly,1.78,USD,post-market,297000000,1329000000,0.0828,0.297,-0.41,29.16,165700000,775000000,771000000,50000000,88.91,155.36,12.6582,4600000000,2653000000,2352000000,2473000000,1947000000,121000000,4341000000,2127000000,25.57,-27000000,188.77,28.72
2025-12-28,WDC,7.1,10126000000.0,25.57,None,1.886,17.22,,None,651000000,651000000,,,,,,,,,2000000,224000000,None,3513000000,3513000000,1106000000,None,None,985000000,None,None,160000000,,0.2,0.0011,,,,-0.959,0.2,365000000,525000000,1.58,2007-09-30,23.75,187000000,4113000000.0,828000000,382000000,-13000000,187000000,187000000,None,3700000,None,461000000,None,None,7000000,None,None,395000000,None,None,None,0.154,,462000000,366000000,150000000,346000000,None,None,None,,,,,0.911,10.43,6.15,,,,,,,,0.255,,1516000000,2025-10-30,quarterly,1.78,USD,post-market,297000000,1023000000,0.0828,0.297,-0.41,29.16,165700000,1018000000,1011000000,200000000,88.91,155.36,12.6582,4374000000,2447000000,2463000000,2587000000,1927000000,124000000,4341000000,1787000000,25.57,-51000000,188.77,28.72
2025-12-28,WDC,7.1,10126000000.0,25.57,None,1.886,17.22,,None,700000000,700000000,,,,,,,,,2000000,224000000,None,3513000000,3513000000,882000000,None,None,697000000,None,None,160000000,,0.2,0.0011,,,,-0.959,0.2,365000000,525000000,1.58,2007-06-30,23.75,None,4113000000.0,828000000,382000000,-13000000,4000000,4000000,None,3700000,None,259000000,None,None,10000000,None,None,395000000,None,None,None,0.154,,462000000,366000000,166000000,236000000,None,None,None,,,,,0.911,10.43,6.15,,,,,,,,0.255,,741000000,2025-10-30,quarterly,1.78,USD,post-market,297000000,955000000,0.0828,0.297,-0.41,29.16,165700000,22000000,12000000,207000000,88.91,155.36,12.6582,2901000000,2029000000,1130000000,1185000000,872000000,55000000,4341000000,1716000000,25.57,-51000000,188.77,28.72
2025-12-28,WDC,7.1,10126000000.0,25.57,None,1.886,17.22,,None,704000000,704000000,,,,,,,,,2000000,226000000,None,3513000000,3513000000,851000000,None,None,715000000,None,None,160000000,,0.2,0.0011,,,,-0.959,0.2,365000000,525000000,1.58,2007-03-31,23.75,None,4113000000.0,828000000,382000000,-13000000,48000000,48000000,None,3700000,None,243000000,None,None,13000000,None,None,395000000,None,None,None,0.154,,462000000,366000000,100000000,199000000,None,None,None,,,,,0.911,10.43,6.15,,,,,,,,0.255,,672000000,2025-10-30,quarterly,1.78,USD,post-market,297000000,742000000,0.0828,0.297,-0.41,29.16,165700000,27000000,14000000,171000000,88.91,155.36,12.6582,2653000000,1933000000,1064000000,1117000000,720000000,53000000,4341000000,1536000000,25.57,-20000000,188.77,28.72
2025-12-28,WDC,7.1,10126000000.0,25.57,None,1.886,17.22,,None,676000000,676000000,,,,,,,,,2000000,226000000,None,3513000000,3513000000,816000000,None,None,668000000,None,None,160000000,,0.2,0.0011,,,,-0.959,0.2,365000000,525000000,1.58,2006-12-31,23.75,None,4113000000.0,828000000,382000000,-13000000,37000000,37000000,None,3700000,None,265000000,None,None,21000000,None,None,395000000,None,None,None,0.154,,462000000,366000000,103000000,212000000,None,None,None,,,,,0.911,10.43,6.15,,,,,,,,0.255,,637000000,2025-10-30,quarterly,1.78,USD,post-market,297000000,622000000,0.0828,0.297,-0.41,29.16,165700000,49000000,28000000,154000000,88.91,155.36,12.6582,2540000000,1866000000,1056000000,1115000000,674000000,59000000,4341000000,1425000000,25.57,-1000000,188.77,28.72
2025-12-28,WDC,7.1,10126000000.0,25.57,None,1.886,17.22,,None,603000000,603000000,,,,,,,,,2000000,225000000,None,3513000000,3513000000,750000000,None,None,614000000,None,None,160000000,,0.2,0.0011,,,,-0.959,0.2,365000000,525000000,1.58,2006-09-30,23.75,None,4113000000.0,828000000,382000000,-13000000,30000000,30000000,None,3700000,None,216000000,None,None,29000000,None,None,395000000,None,None,None,0.154,,462000000,366000000,116000000,202000000,None,None,None,,,,,0.911,10.43,6.15,,,,,,,,0.255,,598000000,2025-10-30,quarterly,1.78,USD,post-market,297000000,494000000,0.0828,0.297,-0.41,29.16,165700000,59000000,30000000,148000000,88.91,155.36,12.6582,2325000000,1697000000,982000000,1053000000,628000000,71000000,4341000000,1272000000,25.57,-7000000,188.77,28.72
2025-12-28,WDC,7.1,10126000000.0,25.57,None,1.886,17.22,,None,550700000,550700000,,,,,,,,,2200000,225000000,None,3513000000,3513000000,631800000,None,None,481500000,None,None,160000000,,0.2,0.0011,,,,-0.959,0.2,365000000,525000000,1.58,2006-06-30,23.75,None,4113000000.0,828000000,382000000,-13000000,32500000,32500000,None,3700000,None,205100000,None,None,19400000,None,None,395000000,None,None,None,0.154,,462000000,366000000,106800000,202600000,None,None,None,,,,,0.911,10.43,6.15,,,,,,,,0.255,,548600000,2025-10-30,quarterly,1.78,USD,post-market,297000000,390500000,0.0828,0.297,-0.41,29.16,165700000,44000000,24600000,148100000,88.91,155.36,12.6582,2073300000,1492200000,859000000,916100000,None,None,4341000000,1157200000,25.57,-11800000,188.77,28.72
2025-12-28,WDC,7.1,10126000000.0,25.57,None,1.886,17.22,,None,543400000,543400000,,,,,,,,,2200000,227000000,None,3513000000,3513000000,597400000,None,None,483200000,None,None,160000000,,0.2,0.0011,,,,-0.959,0.2,365000000,525000000,1.58,2006-03-31,23.75,None,4113000000.0,828000000,382000000,-13000000,17600000,17600000,None,3700000,None,177600000,None,None,25200000,None,None,395000000,None,None,None,0.154,,462000000,366000000,82800000,216100000,None,None,None,,,,,0.911,10.43,6.15,,,,,,,,0.255,,496400000,2025-10-30,quarterly,1.78,USD,post-market,297000000,291500000,0.0828,0.297,-0.41,29.16,165700000,50200000,25000000,130700000,88.91,155.36,12.6582,1931700000,1417700000,838500000,903700000,514000000,65200000,4341000000,1028000000,25.57,-18500000,188.77,28.72
2025-12-28,WDC,7.1,10126000000.0,25.57,None,1.886,17.22,,None,550200000,550200000,,,,,,,,,2200000,221000000,None,3513000000,3513000000,580200000,None,None,428300000,None,None,160000000,,0.2,0.0011,,,,-0.959,0.2,365000000,525000000,1.58,2005-12-31,23.75,None,4113000000.0,828000000,382000000,-13000000,20100000,20100000,None,3700000,None,168300000,None,None,31900000,None,None,395000000,None,None,None,0.154,,462000000,366000000,83300000,211900000,None,None,None,,,,,0.911,10.43,6.15,,,,,,,,0.255,,433700000,2025-10-30,quarterly,1.78,USD,post-market,297000000,188600000,0.0828,0.297,-0.41,29.16,165700000,56800000,24900000,94500000,88.91,155.36,12.6582,1778400000,1324600000,817000000,884400000,453800000,67400000,4341000000,894000000,25.57,-800000,188.77,28.72
2025-12-28,WDC,7.1,10126000000.0,25.57,None,1.886,17.22,,None,506000000,506000000,,,,,,,,,2200000,221000000,None,3513000000,3513000000,648100000,None,None,470400000,None,None,160000000,,0.2,0.0011,,,,-0.959,0.2,365000000,525000000,1.58,2005-09-30,23.75,None,4113000000.0,828000000,382000000,-13000000,10600000,10600000,None,3700000,None,172800000,None,None,31500000,None,None,395000000,None,None,None,0.154,,462000000,366000000,47600000,188200000,None,None,None,,,,,0.911,10.43,6.15,,,,,,,,0.255,,417800000,2025-10-30,quarterly,1.78,USD,post-market,297000000,84300000,0.0828,0.297,-0.41,29.16,165700000,53700000,22200000,75300000,88.91,155.36,12.6582,1700500000,1272100000,858500000,923800000,428400000,65300000,4341000000,776700000,25.57,-15200000,188.77,28.72
2025-12-28,WDC,7.1,10126000000.0,25.57,None,1.886,17.22,,None,2114000000,2114000000,,,,,,,,,3000000,359000000,None,3513000000,3513000000,1266000000,None,2226000000,1486000000,None,None,160000000,,0.2,0.0011,,,,-0.959,0.2,365000000,525000000,1.58,2025-06-30,23.75,4319000000,4113000000.0,828000000,382000000,-13000000,None,None,None,3700000,None,1291000000,None,None,2485000000,None,None,395000000,None,None,None,0.154,,462000000,366000000,611000000,1895000000,None,396000000,None,,,,,0.911,10.43,6.15,,,,,,,,0.255,,None,2025-10-30,annual,1.78,USD,post-market,297000000,762000000,0.0828,0.297,-0.41,29.16,165700000,5081000000,2257000000,354000000,88.91,155.36,12.6582,14002000000,5856000000,5418000000,8691000000,8146000000,3273000000,4341000000,5311000000,25.57,None,188.77,28.72
2025-12-28,WDC,7.1,10126000000.0,25.57,None,1.886,17.22,,None,1551000000,1551000000,,,,,,,,,3000000,326000000,None,3513000000,3513000000,1054000000,None,1750000000,1231000000,None,None,160000000,,0.2,0.0011,,,,-0.959,0.2,365000000,525000000,1.58,2024-06-30,23.75,4319000000,4113000000.0,828000000,382000000,-13000000,78000000,78000000,None,3700000,None,1387000000,None,None,5684000000,None,None,395000000,None,None,None,0.154,,462000000,366000000,3891000000,2730000000,None,604000000,None,,,,,0.911,10.43,6.15,,,,,,,,0.255,,None,2025-10-30,annual,1.78,USD,post-market,297000000,6775000000,0.0828,0.297,-0.41,29.16,165700000,7824000000,1778000000,None,88.91,155.36,12.6582,24188000000,8060000000,6087000000,13370000000,16128000000,7283000000,4341000000,10818000000,25.57,None,188.77,28.72
2025-12-28,WDC,7.1,10126000000.0,25.57,None,1.886,17.22,,None,2023000000,2023000000,,,,,,,,,3000000,318000000,None,3513000000,3513000000,1585000000,None,1213000000,1598000000,None,None,160000000,,0.2,0.0011,,,,-0.959,0.2,365000000,525000000,1.58,2023-06-30,23.75,10037000000,4113000000.0,828000000,382000000,-13000000,80000000,80000000,None,3700000,None,3698000000,None,None,5857000000,None,None,395000000,None,None,None,0.154,,462000000,366000000,567000000,1637000000,None,12262000000,None,,,,,0.911,10.43,6.15,,,,,,,,0.255,,3620000000,2025-10-30,annual,1.78,USD,post-market,297000000,7573000000,0.0828,0.297,-0.41,29.16,165700000,7070000000,1213000000,None,88.91,155.36,12.6582,24546000000,7886000000,5434000000,12706000000,16660000000,7272000000,4341000000,11840000000,25.57,None,188.77,28.72
2025-12-28,WDC,7.1,10126000000.0,25.57,None,1.886,17.22,,None,2327000000,2327000000,,,,,,,,,3000000,316000000,None,3513000000,3513000000,2222000000,None,None,2804000000,None,None,160000000,,0.2,0.0011,,,,-0.959,0.2,365000000,525000000,1.58,2022-06-30,23.75,10041000000,4113000000.0,828000000,382000000,-13000000,213000000,213000000,None,3700000,None,3638000000,None,None,7022000000,None,None,395000000,None,None,None,0.154,,462000000,366000000,684000000,2335000000,None,2459000000,None,,,,,0.911,10.43,6.15,,,,,,,,0.255,,3670000000,2025-10-30,annual,1.78,USD,post-market,297000000,9039000000,0.0828,0.297,-0.41,29.16,165700000,7062000000,40000000,3000000,88.91,155.36,12.6582,26259000000,9453000000,4557000000,14038000000,16806000000,9481000000,4341000000,12221000000,25.57,None,188.77,28.72
2025-12-28,WDC,7.1,10126000000.0,25.57,None,1.886,17.22,,None,3370000000,3370000000,,,,,,,,,3000000,309000000,None,3513000000,3513000000,2332000000,None,251000000,2257000000,None,None,160000000,,0.2,0.0011,,,,-0.959,0.2,365000000,525000000,1.58,2021-06-30,23.75,10066000000,4113000000.0,828000000,382000000,-13000000,442000000,442000000,None,3700000,None,3616000000,None,None,8474000000,None,None,395000000,None,None,None,0.154,,462000000,366000000,514000000,2024000000,None,2067000000,None,,,,,0.911,10.43,6.15,,,,,,,,0.255,,3188000000,2025-10-30,annual,1.78,USD,post-market,297000000,7539000000,0.0828,0.297,-0.41,29.16,165700000,8725000000,251000000,1586000000,88.91,155.36,12.6582,26132000000,9757000000,4870000000,15411000000,16375000000,10541000000,4341000000,10721000000,25.57,-232000000,188.77,28.72
2025-12-28,WDC,7.1,10126000000.0,25.57,None,1.886,17.22,,None,3048000000,3048000000,,,,,,,,,3000000,298000000,None,3513000000,3513000000,2352000000,None,286000000,2379000000,None,None,160000000,,0.2,0.0011,,,,-0.959,0.2,365000000,525000000,1.58,2020-06-30,23.75,10067000000,4113000000.0,828000000,382000000,-13000000,941000000,941000000,None,3700000,None,3070000000,None,None,9289000000,None,None,395000000,None,None,None,0.154,,462000000,366000000,551000000,1768000000,None,881000000,None,,,,,0.911,10.43,6.15,,,,,,,,0.255,,3084000000,2025-10-30,annual,1.78,USD,post-market,297000000,6725000000,0.0828,0.297,-0.41,29.16,165700000,9575000000,286000000,1875000000,88.91,155.36,12.6582,25662000000,9048000000,4406000000,16111000000,16614000000,11705000000,4341000000,9551000000,25.57,None,188.77,28.72
2025-12-28,WDC,7.1,10126000000.0,25.57,None,1.886,17.22,,None,3455000000,3455000000,,,,,,,,,3000000,292000000,None,3513000000,3513000000,1898000000,None,276000000,1204000000,None,None,160000000,,0.2,0.0011,,,,-0.959,0.2,365000000,525000000,1.58,2019-06-30,23.75,10076000000,4113000000.0,828000000,382000000,-13000000,1711000000,1711000000,None,3700000,None,3283000000,None,None,10246000000,None,2791000000,395000000,None,None,None,0.154,,462000000,366000000,535000000,1643000000,None,2340000000,None,,,,,0.911,10.43,6.15,,,,,,,,0.255,,2843000000,2025-10-30,annual,1.78,USD,post-market,297000000,7449000000,0.0828,0.297,-0.41,29.16,165700000,10522000000,276000000,2000000,88.91,155.36,12.6582,26370000000,8477000000,3817000000,16403000000,17893000000,12586000000,4341000000,9967000000,25.57,-1268000000,188.77,28.72
2025-12-28,WDC,7.1,10126000000.0,25.57,None,1.886,17.22,,None,5005000000,5005000000,,,,,,,,,3000000,307000000,None,3513000000,3513000000,2524000000,None,179000000,2197000000,None,None,160000000,,0.2,0.0011,,,,-0.959,0.2,365000000,525000000,1.58,2018-06-30,23.75,10075000000,4113000000.0,828000000,382000000,-13000000,2680000000,2680000000,None,3700000,None,2944000000,None,None,10993000000,None,2105000000,395000000,None,None,None,0.154,,462000000,366000000,492000000,1753000000,None,2255000000,None,,,,,0.911,10.43,6.15,,,,,,,,0.255,,3095000000,2025-10-30,annual,1.78,USD,post-market,297000000,8757000000,0.0828,0.297,-0.41,29.16,165700000,11172000000,179000000,23000000,88.91,155.36,12.6582,29235000000,10638000000,4456000000,17704000000,18597000000,13248000000,4341000000,11531000000,25.57,-1444000000,188.77,28.72
2025-12-28,WDC,7.1,10126000000.0,25.57,None,1.886,17.22,,None,6354000000,6354000000,,,,,,,,,3000000,296000000,None,3513000000,3513000000,2350000000,None,233000000,1948000000,None,None,160000000,,0.2,0.0011,,,,-0.959,0.2,365000000,525000000,1.58,2017-06-30,23.75,10014000000,4113000000.0,828000000,382000000,-13000000,3823000000,3823000000,None,3700000,None,2341000000,None,None,12918000000,None,1340000000,395000000,None,None,None,0.154,,462000000,366000000,413000000,1761000000,None,1180000000,None,,,,,0.911,10.43,6.15,,,,,,,,0.255,,3033000000,2025-10-30,annual,1.78,USD,post-market,297000000,8633000000,0.0828,0.297,-0.41,29.16,165700000,13151000000,233000000,24000000,88.91,155.36,12.6582,29860000000,11056000000,4344000000,18442000000,18804000000,14098000000,4341000000,11418000000,25.57,-1666000000,188.77,28.72
2025-12-28,WDC,7.1,10126000000.0,25.57,None,1.886,17.22,,None,8151000000,8151000000,,,,,,,,,3000000,242000000,None,3513000000,3513000000,2056000000,None,3334000000,1461000000,None,None,160000000,,0.2,0.0011,,,,-0.959,0.2,365000000,525000000,1.58,2016-06-30,23.75,9951000000,4113000000.0,828000000,382000000,-13000000,5034000000,5034000000,None,3700000,None,2129000000,None,None,13660000000,None,1171000000,395000000,None,None,None,0.154,,462000000,366000000,616000000,1559000000,None,1108000000,None,,,,,0.911,10.43,6.15,,,,,,,,0.255,,3503000000,2025-10-30,annual,1.78,USD,post-market,297000000,8848000000,0.0828,0.297,-0.41,29.16,165700000,16994000000,3334000000,227000000,88.91,155.36,12.6582,32862000000,12584000000,6949000000,21717000000,20278000000,14768000000,4341000000,11145000000,25.57,-2238000000,188.77,28.72
2025-12-28,WDC,7.1,10126000000.0,25.57,None,1.886,17.22,,None,5024000000,5024000000,,,,,,,,,3000000,237000000,None,3513000000,3513000000,1881000000,None,152000000,1532000000,None,None,160000000,,0.2,0.0011,,,,-0.959,0.2,365000000,525000000,1.58,2015-06-30,23.75,2766000000,4113000000.0,828000000,382000000,-13000000,332000000,332000000,None,3700000,None,1368000000,None,None,2156000000,None,None,395000000,None,None,None,0.154,,462000000,366000000,327000000,950000000,None,564000000,None,,,,,0.911,10.43,6.15,,,,,,,,0.255,,2965000000,2025-10-30,annual,1.78,USD,post-market,297000000,9107000000,0.0828,0.297,-0.41,29.16,165700000,2556000000,407000000,262000000,88.91,155.36,12.6582,15181000000,8517000000,3242000000,5951000000,6657000000,2720000000,4341000000,9219000000,25.57,-2299000000,188.77,28.72
2025-12-28,WDC,7.1,10126000000.0,25.57,None,1.886,17.22,,None,4804000000,4804000000,,,,,,,,,3000000,242000000,None,3513000000,3513000000,1971000000,None,2438000000,1989000000,None,None,160000000,,0.2,0.0011,,,,-0.959,0.2,365000000,525000000,1.58,2014-06-30,23.75,2559000000,4113000000.0,828000000,382000000,-13000000,454000000,454000000,None,3700000,None,1226000000,None,None,2313000000,None,None,395000000,None,None,None,0.154,,462000000,366000000,417000000,1749000000,None,499000000,None,,,,,0.911,10.43,6.15,,,,,,,,0.255,,3293000000,2025-10-30,annual,1.78,USD,post-market,297000000,8066000000,0.0828,0.297,-0.41,29.16,165700000,2438000000,125000000,284000000,88.91,155.36,12.6582,15499000000,8720000000,3845000000,6657000000,6779000000,2812000000,4341000000,8842000000,25.57,-1570000000,188.77,28.72
2025-12-28,WDC,7.1,10126000000.0,25.57,None,1.886,17.22,,None,4309000000,4309000000,,,,,,,,,3000000,246000000,None,3513000000,3513000000,1990000000,None,None,1793000000,None,None,160000000,,0.2,0.0011,,,,-0.959,0.2,365000000,525000000,1.58,2013-06-30,23.75,1954000000,4113000000.0,828000000,382000000,-13000000,605000000,605000000,None,3700000,None,1188000000,None,None,1725000000,None,None,395000000,None,None,None,0.154,,462000000,366000000,308000000,1753000000,None,445000000,None,,,,,0.911,10.43,6.15,,,,,,,,0.255,,3700000000,2025-10-30,annual,1.78,USD,post-market,297000000,6749000000,0.0828,0.297,-0.41,29.16,165700000,1955000000,230000000,0,88.91,155.36,12.6582,14036000000,7598000000,3973000000,6143000000,6438000000,2170000000,4341000000,7893000000,25.57,-1012000000,188.77,28.72
2025-12-28,WDC,7.1,10126000000.0,25.57,None,1.886,17.22,,None,3208000000,3208000000,,,,,,,,,3000000,245000000,None,3513000000,3513000000,2773000000,None,None,2364000000,None,None,160000000,,0.2,0.0011,,,,-0.959,0.2,365000000,525000000,1.58,2012-06-30,23.75,1975000000,4113000000.0,828000000,382000000,-13000000,799000000,799000000,None,3700000,None,1210000000,None,None,1955000000,None,None,395000000,None,None,None,0.154,,462000000,366000000,359000000,1029000000,None,None,None,,,,,0.911,10.43,6.15,,,,,,,,0.255,,4067000000,2025-10-30,annual,1.78,USD,post-market,297000000,6012000000,0.0828,0.297,-0.41,29.16,165700000,2185000000,230000000,0,88.91,155.36,12.6582,14206000000,7141000000,4032000000,6537000000,7065000000,2505000000,4341000000,7669000000,25.57,-554000000,188.77,28.72
2025-12-28,WDC,7.1,10126000000.0,25.57,None,1.886,17.22,,None,3490000000,3490000000,,,,,,,,,2000000,235000000,None,3513000000,3513000000,1545000000,None,None,1206000000,None,None,160000000,,0.2,0.0011,,,,-0.959,0.2,365000000,525000000,1.58,2011-06-30,23.75,151000000,4113000000.0,828000000,382000000,-13000000,71000000,71000000,None,3700000,None,577000000,None,None,150000000,None,None,395000000,None,None,None,0.154,,462000000,366000000,214000000,481000000,None,None,None,,,,,0.911,10.43,6.15,,,,,,,,0.255,,2224000000,2025-10-30,annual,1.78,USD,post-market,297000000,4400000000,0.0828,0.297,-0.41,29.16,165700000,294000000,144000000,0,88.91,155.36,12.6582,8118000000,5487000000,2170000000,2630000000,2631000000,460000000,4341000000,5488000000,25.57,0,188.77,28.72
2025-12-28,WDC,7.1,10126000000.0,25.57,None,1.886,17.22,,None,2734000000,2734000000,,,,,,,,,2000000,233000000,None,3513000000,3513000000,1507000000,None,None,1256000000,None,None,160000000,,0.2,0.0011,,,,-0.959,0.2,365000000,525000000,1.58,2010-06-30,23.75,146000000,4113000000.0,828000000,382000000,-13000000,88000000,88000000,None,3700000,None,560000000,None,None,294000000,None,None,395000000,None,None,None,0.154,,462000000,366000000,170000000,410000000,None,None,None,,,,,0.911,10.43,6.15,,,,,,,,0.255,,2159000000,2025-10-30,annual,1.78,USD,post-market,297000000,3674000000,0.0828,0.297,-0.41,29.16,165700000,400000000,106000000,0,88.91,155.36,12.6582,7328000000,4720000000,2023000000,2619000000,2608000000,596000000,4341000000,4709000000,25.57,0,188.77,28.72
2025-12-28,WDC,7.1,10126000000.0,25.57,None,1.886,17.22,,None,1794000000,1794000000,,,,,,,,,2000000,226000000,None,3513000000,3513000000,1101000000,None,None,926000000,None,None,160000000,,0.2,0.0011,,,,-0.959,0.2,365000000,525000000,1.58,2009-06-30,23.75,139000000,4113000000.0,828000000,382000000,-13000000,89000000,89000000,None,3700000,None,376000000,None,None,400000000,None,None,395000000,None,None,None,0.154,,462000000,366000000,134000000,342000000,None,None,None,,,,,0.911,10.43,6.15,,,,,,,,0.255,,1584000000,2025-10-30,annual,1.78,USD,post-market,297000000,2292000000,0.0828,0.297,-0.41,29.16,165700000,482000000,82000000,1000000,88.91,155.36,12.6582,5291000000,3230000000,1525000000,2099000000,2061000000,574000000,4341000000,3192000000,25.57,None,188.77,28.72
2025-12-28,WDC,7.1,10126000000.0,25.57,None,1.886,17.22,,None,1104000000,1104000000,,,,,,,,,2000000,226000000,None,3513000000,3513000000,1181000000,None,None,1010000000,None,None,160000000,,0.2,0.0011,,,,-0.959,0.2,365000000,525000000,1.58,2008-06-30,23.75,116000000,4113000000.0,828000000,382000000,-13000000,81000000,81000000,None,3700000,None,456000000,None,None,482000000,None,None,395000000,None,None,None,0.154,,462000000,366000000,161000000,356000000,None,None,None,,,,,0.911,10.43,6.15,,,,,,,,0.255,,1668000000,2025-10-30,annual,1.78,USD,post-market,297000000,1822000000,0.0828,0.297,-0.41,29.16,165700000,509000000,27000000,3000000,88.91,155.36,12.6582,4875000000,2731000000,1564000000,2179000000,2144000000,615000000,4341000000,2696000000,25.57,-22000000,188.77,28.72
2025-12-28,WDC,7.1,10126000000.0,25.57,None,1.886,17.22,,None,700000000,700000000,,,,,,,,,2000000,226000000,None,3513000000,3513000000,882000000,None,None,697000000,None,None,160000000,,0.2,0.0011,,,,-0.959,0.2,365000000,525000000,1.58,2007-06-30,23.75,None,4113000000.0,828000000,382000000,-13000000,4000000,4000000,None,3700000,None,259000000,None,None,10000000,None,None,395000000,None,None,None,0.154,,462000000,366000000,166000000,236000000,None,None,None,,,,,0.911,10.43,6.15,,,,,,,,0.255,,741000000,2025-10-30,annual,1.78,USD,post-market,297000000,955000000,0.0828,0.297,-0.41,29.16,165700000,22000000,12000000,207000000,88.91,155.36,12.6582,2901000000,2029000000,1130000000,1185000000,872000000,55000000,4341000000,1716000000,25.57,-51000000,188.77,28.72
2025-12-28,WDC,7.1,10126000000.0,25.57,None,1.886,17.22,,None,551000000,551000000,,,,,,,,,2200000,224000000,None,3513000000,3513000000,632000000,None,None,481000000,None,None,160000000,,0.2,0.0011,,,,-0.959,0.2,365000000,525000000,1.58,2006-06-30,23.75,None,4113000000.0,828000000,382000000,-13000000,32500000,32500000,None,3700000,None,205000000,None,None,19400000,None,None,395000000,None,None,None,0.154,,462000000,366000000,120000000,215000000,None,None,None,,,,,0.911,10.43,6.15,,,,,,,,0.255,,548600000,2025-10-30,annual,1.78,USD,post-market,297000000,391000000,0.0828,0.297,-0.41,29.16,165700000,44000000,25000000,148000000,88.91,155.36,12.6582,2073300000,1492200000,859000000,929000000,581000000,57100000,4341000000,1157000000,25.57,-11800000,188.77,28.72
2025-12-28,WDC,7.1,10126000000.0,25.57,None,1.886,17.22,73000000,None,551000000,551000000,-678000000,-57000000,None,None,-101000000,None,None,None,2200000,224000000,None,3513000000,3513000000,632000000,None,None,481000000,None,None,160000000,88000000,0.2,0.0011,39000000,39000000,None,-0.959,0.2,365000000,525000000,1.58,2025-09-30,23.75,None,4113000000.0,828000000,382000000,-13000000,32500000,32500000,None,3700000,None,205000000,None,None,19400000,None,None,1182000000,None,None,None,0.154,672000000,462000000,366000000,120000000,215000000,None,None,None,None,None,None,None,0.911,10.43,6.15,None,None,None,None,None,-553000000,None,0.255,None,548600000,2025-10-30,quarterly,1.78,USD,post-market,297000000,391000000,0.0828,0.297,-0.41,29.16,165700000,44000000,25000000,148000000,88.91,155.36,12.6582,2073300000,1492200000,859000000,929000000,581000000,57100000,4341000000,1157000000,25.57,-11800000,188.77,28.72
2025-12-28,WDC,7.1,10126000000.0,25.57,None,1.886,17.22,71000000,None,551000000,551000000,-2042000000,-70000000,None,None,20000000,None,None,None,2200000,224000000,None,3513000000,3513000000,632000000,None,None,481000000,None,None,160000000,86000000,0.2,0.0011,44000000,44000000,None,-0.959,0.2,365000000,525000000,1.58,2025-06-30,23.75,None,4113000000.0,828000000,382000000,-13000000,32500000,32500000,None,3700000,None,205000000,None,None,19400000,None,None,282000000,None,None,None,0.154,746000000,462000000,366000000,120000000,215000000,None,None,None,None,None,None,None,0.911,10.43,6.15,None,None,None,None,None,-149000000,None,0.255,None,548600000,2025-10-30,quarterly,1.78,USD,post-market,297000000,391000000,0.0828,0.297,-0.41,29.16,165700000,44000000,25000000,148000000,88.91,155.36,12.6582,2073300000,1492200000,859000000,929000000,581000000,57100000,4341000000,1157000000,25.57,-11800000,188.77,28.72
2025-12-28,WDC,7.1,10126000000.0,25.57,None,1.886,17.22,129000000,None,551000000,551000000,533000000,142000000,None,None,-317000000,None,None,None,2200000,224000000,None,3513000000,3513000000,632000000,None,None,481000000,None,None,160000000,110000000,0.2,0.0011,None,None,None,-0.959,0.2,365000000,525000000,1.58,2025-03-31,23.75,None,4113000000.0,828000000,382000000,-13000000,32500000,32500000,None,3700000,None,205000000,None,None,19400000,None,None,520000000,None,None,None,0.154,508000000,462000000,366000000,120000000,215000000,None,None,None,None,None,None,None,0.911,10.43,6.15,None,None,None,None,None,-12000000,None,0.255,None,548600000,2025-10-30,quarterly,1.78,USD,post-market,297000000,391000000,0.0828,0.297,-0.41,29.16,165700000,44000000,25000000,148000000,88.91,155.36,12.6582,2073300000,1492200000,859000000,929000000,581000000,57100000,4341000000,1157000000,25.57,-11800000,188.77,28.72
2025-12-28,WDC,7.1,10126000000.0,25.57,None,1.886,17.22,116000000,None,551000000,551000000,-1000000,123000000,None,None,-36000000,None,None,None,2200000,224000000,None,3513000000,3513000000,632000000,None,None,481000000,None,None,160000000,120000000,0.2,0.0011,None,None,None,-0.959,0.2,365000000,525000000,1.58,2024-12-31,23.75,None,4113000000.0,828000000,382000000,-13000000,32500000,32500000,None,3700000,None,205000000,None,None,19400000,None,None,594000000,None,None,None,0.154,403000000,462000000,366000000,120000000,215000000,None,None,None,None,None,None,None,0.911,10.43,6.15,None,None,None,None,None,-16000000,None,0.255,None,548600000,2025-10-30,quarterly,1.78,USD,post-market,297000000,391000000,0.0828,0.297,-0.41,29.16,165700000,44000000,25000000,148000000,88.91,155.36,12.6582,2073300000,1492200000,859000000,929000000,581000000,57100000,4341000000,1157000000,25.57,-11800000,188.77,28.72
2025-12-28,WDC,7.1,10126000000.0,25.57,None,1.886,17.22,96000000,None,551000000,551000000,-102000000,-45000000,None,None,-76000000,None,None,None,2200000,224000000,None,3513000000,3513000000,632000000,None,None,481000000,None,None,160000000,135000000,0.2,0.0011,None,None,None,-0.959,0.2,365000000,525000000,1.58,2024-09-30,23.75,None,4113000000.0,828000000,382000000,-13000000,32500000,32500000,None,3700000,None,205000000,None,None,19400000,None,None,493000000,None,None,None,0.154,34000000,462000000,366000000,120000000,215000000,None,None,None,None,None,None,None,0.911,10.43,6.15,None,None,None,None,None,-64000000,None,0.255,None,548600000,2025-10-30,quarterly,1.78,USD,post-market,297000000,391000000,0.0828,0.297,-0.41,29.16,165700000,44000000,25000000,148000000,88.91,155.36,12.6582,2073300000,1492200000,859000000,929000000,581000000,57100000,4341000000,1157000000,25.57,-11800000,188.77,28.72
2025-12-28,WDC,7.1,10126000000.0,25.57,None,1.886,17.22,116000000,None,551000000,551000000,-319000000,-58000000,None,None,-127000000,None,None,None,2200000,224000000,None,3513000000,3513000000,632000000,None,None,481000000,None,None,160000000,138000000,0.2,0.0011,None,None,None,-0.959,0.2,365000000,525000000,1.58,2024-06-30,23.75,None,4113000000.0,828000000,382000000,-13000000,32500000,32500000,None,3700000,None,205000000,None,None,19400000,None,None,39000000,None,None,None,0.154,366000000,462000000,366000000,120000000,215000000,None,None,None,None,None,None,None,0.911,10.43,6.15,None,None,None,None,None,5000000,None,0.255,None,548600000,2025-10-30,quarterly,1.78,USD,post-market,297000000,391000000,0.0828,0.297,-0.41,29.16,165700000,44000000,25000000,148000000,88.91,155.36,12.6582,2073300000,1492200000,859000000,929000000,581000000,57100000,4341000000,1157000000,25.57,-11800000,188.77,28.72
2025-12-28,WDC,7.1,10126000000.0,25.57,None,1.886,17.22,97000000,None,551000000,551000000,-645000000,7000000,None,None,1000000,None,None,None,2200000,224000000,None,3513000000,3513000000,632000000,None,None,481000000,None,None,160000000,140000000,0.2,0.0011,None,None,None,-0.959,0.2,365000000,525000000,1.58,2024-03-31,23.75,None,4113000000.0,828000000,382000000,-13000000,32500000,32500000,None,3700000,None,205000000,None,None,19400000,None,None,135000000,None,None,None,0.154,58000000,462000000,366000000,120000000,215000000,None,None,None,None,None,None,None,0.911,10.43,6.15,None,None,None,None,None,-16000000,None,0.255,None,548600000,2025-10-30,quarterly,1.78,USD,post-market,297000000,391000000,0.0828,0.297,-0.41,29.16,165700000,44000000,25000000,148000000,88.91,155.36,12.6582,2073300000,1492200000,859000000,929000000,581000000,57100000,4341000000,1157000000,25.57,-11800000,188.77,28.72
2025-12-28,WDC,7.1,10126000000.0,25.57,None,1.886,17.22,150000000,None,551000000,551000000,597000000,-60000000,None,None,281000000,None,None,None,2200000,224000000,None,3513000000,3513000000,632000000,None,None,481000000,None,None,160000000,143000000,0.2,0.0011,40000000,40000000,None,-0.959,0.2,365000000,525000000,1.58,2023-12-31,23.75,None,4113000000.0,828000000,382000000,-13000000,32500000,32500000,None,3700000,None,205000000,None,None,19400000,None,None,-287000000,None,None,None,0.154,-92000000,462000000,366000000,120000000,215000000,None,None,None,None,None,None,None,0.911,10.43,6.15,None,None,None,None,None,-2000000,None,0.255,None,548600000,2025-10-30,quarterly,1.78,USD,post-market,297000000,391000000,0.0828,0.297,-0.41,29.16,165700000,44000000,25000000,148000000,88.91,155.36,12.6582,2073300000,1492200000,859000000,929000000,581000000,57100000,4341000000,1157000000,25.57,-11800000,188.77,28.72
2025-12-28,WDC,7.1,10126000000.0,25.57,None,1.886,17.22,124000000,None,551000000,551000000,554000000,84000000,None,None,201000000,None,None,None,2200000,224000000,None,3513000000,3513000000,632000000,None,None,481000000,None,None,160000000,147000000,0.2,0.0011,None,None,None,-0.959,0.2,365000000,525000000,1.58,2023-09-30,23.75,None,4113000000.0,828000000,382000000,-13000000,32500000,32500000,None,3700000,None,205000000,None,None,19400000,None,None,-685000000,None,None,None,0.154,-626000000,462000000,366000000,120000000,215000000,None,None,None,None,None,None,None,0.911,10.43,6.15,None,None,None,None,None,-3000000,None,0.255,None,548600000,2025-10-30,quarterly,1.78,USD,post-market,297000000,391000000,0.0828,0.297,-0.41,29.16,165700000,44000000,25000000,148000000,88.91,155.36,12.6582,2073300000,1492200000,859000000,929000000,581000000,57100000,4341000000,1157000000,25.57,-11800000,188.77,28.72
2025-12-28,WDC,7.1,10126000000.0,25.57,None,1.886,17.22,119000000,None,551000000,551000000,19000000,-142000000,-191000000,None,281000000,None,None,-7000000,2200000,224000000,None,3513000000,3513000000,632000000,None,None,481000000,None,None,160000000,185000000,0.2,0.0011,1087000000,1087000000,None,-0.959,0.2,365000000,525000000,1.58,2023-06-30,23.75,None,4113000000.0,828000000,382000000,-13000000,32500000,32500000,None,3700000,None,205000000,None,None,19400000,None,None,-715000000,None,None,None,0.154,-68000000,462000000,366000000,120000000,215000000,None,None,None,None,None,None,None,0.911,10.43,6.15,None,None,None,None,None,-1000000,None,0.255,None,548600000,2025-10-30,quarterly,1.78,USD,post-market,297000000,391000000,0.0828,0.297,-0.41,29.16,165700000,44000000,25000000,148000000,88.91,155.36,12.6582,2073300000,1492200000,859000000,929000000,581000000,57100000,4341000000,1157000000,25.57,-11800000,188.77,28.72
2025-12-28,WDC,7.1,10126000000.0,25.57,None,1.886,17.22,110000000,None,551000000,551000000,868000000,-138000000,349000000,None,-206000000,None,None,314000000,2200000,224000000,None,3513000000,3513000000,632000000,None,None,481000000,None,None,160000000,213000000,0.2,0.0011,868000000,868000000,None,-0.959,0.2,365000000,525000000,1.58,2023-03-31,23.75,None,4113000000.0,828000000,382000000,-13000000,32500000,32500000,None,3700000,None,205000000,None,None,19400000,None,None,-571000000,None,None,None,0.154,-381000000,462000000,366000000,120000000,215000000,None,None,None,None,None,None,None,0.911,10.43,6.15,None,None,None,None,None,-14000000,None,0.255,None,548600000,2025-10-30,quarterly,1.78,USD,post-market,297000000,391000000,0.0828,0.297,-0.41,29.16,165700000,44000000,25000000,148000000,88.91,155.36,12.6582,2073300000,1492200000,859000000,929000000,581000000,57100000,4341000000,1157000000,25.57,-11800000,188.77,28.72
2025-12-28,WDC,7.1,10126000000.0,25.57,None,1.886,17.22,258000000,None,551000000,551000000,38000000,-258000000,-185000000,None,89000000,None,None,517000000,2200000,224000000,None,3513000000,3513000000,632000000,None,None,481000000,None,None,160000000,214000000,0.2,0.0011,43000000,43000000,None,-0.959,0.2,365000000,525000000,1.58,2022-12-31,23.75,None,4113000000.0,828000000,382000000,-13000000,32500000,32500000,None,3700000,None,205000000,None,None,19400000,None,None,-431000000,None,None,None,0.154,35000000,462000000,366000000,120000000,215000000,None,None,None,None,None,None,None,0.911,10.43,6.15,None,None,None,None,None,-5000000,None,0.255,None,548600000,2025-10-30,quarterly,1.78,USD,post-market,297000000,391000000,0.0828,0.297,-0.41,29.16,165700000,44000000,25000000,148000000,88.91,155.36,12.6582,2073300000,1492200000,859000000,929000000,581000000,57100000,4341000000,1157000000,25.57,-11800000,188.77,28.72
2025-12-28,WDC,7.1,10126000000.0,25.57,None,1.886,17.22,320000000,None,551000000,551000000,-50000000,-224000000,-268000000,None,-224000000,None,None,382000000,2200000,224000000,None,3513000000,3513000000,632000000,None,None,481000000,None,None,160000000,216000000,0.2,0.0011,None,None,None,-0.959,0.2,365000000,525000000,1.58,2022-09-30,23.75,None,4113000000.0,828000000,382000000,-13000000,32500000,32500000,None,3700000,None,205000000,None,None,19400000,None,None,27000000,None,None,None,0.154,6000000,462000000,366000000,120000000,215000000,None,None,None,None,None,None,None,0.911,10.43,6.15,None,None,None,None,None,-50000000,None,0.255,None,548600000,2025-10-30,quarterly,1.78,USD,post-market,297000000,391000000,0.0828,0.297,-0.41,29.16,165700000,44000000,25000000,148000000,88.91,155.36,12.6582,2073300000,1492200000,859000000,929000000,581000000,57100000,4341000000,1157000000,25.57,-11800000,188.77,28.72
2025-12-28,WDC,7.1,10126000000.0,25.57,None,1.886,17.22,278000000,None,551000000,551000000,-95000000,-370000000,-170000000,None,23000000,None,None,-450000000,2200000,224000000,None,3513000000,3513000000,632000000,None,None,481000000,None,None,160000000,221000000,0.2,0.0011,None,None,None,-0.959,0.2,365000000,525000000,1.58,2022-06-30,23.75,None,4113000000.0,828000000,382000000,-13000000,32500000,32500000,None,3700000,None,205000000,None,None,19400000,None,None,301000000,None,None,None,0.154,295000000,462000000,366000000,120000000,215000000,None,None,None,None,None,None,None,0.911,10.43,6.15,None,None,None,None,None,-5000000,None,0.255,None,548600000,2025-10-30,quarterly,1.78,USD,post-market,297000000,391000000,0.0828,0.297,-0.41,29.16,165700000,44000000,25000000,148000000,88.91,155.36,12.6582,2073300000,1492200000,859000000,929000000,581000000,57100000,4341000000,1157000000,25.57,-11800000,188.77,28.72
2025-12-28,WDC,7.1,10126000000.0,25.57,None,1.886,17.22,290000000,None,551000000,551000000,-167000000,-253000000,-22000000,None,-15000000,None,None,390000000,2200000,224000000,None,3513000000,3513000000,632000000,None,None,481000000,None,None,160000000,216000000,0.2,0.0011,None,None,None,-0.959,0.2,365000000,525000000,1.58,2022-03-31,23.75,None,4113000000.0,828000000,382000000,-13000000,32500000,32500000,None,3700000,None,205000000,None,None,19400000,None,None,25000000,None,None,None,0.154,398000000,462000000,366000000,120000000,215000000,None,None,None,None,None,None,None,0.911,10.43,6.15,None,None,None,None,None,-5000000,None,0.255,None,548600000,2025-10-30,quarterly,1.78,USD,post-market,297000000,391000000,0.0828,0.297,-0.41,29.16,165700000,44000000,25000000,148000000,88.91,155.36,12.6582,2073300000,1492200000,859000000,929000000,581000000,57100000,4341000000,1157000000,25.57,-11800000,188.77,28.72
2025-12-28,WDC,7.1,10126000000.0,25.57,None,1.886,17.22,294000000,None,551000000,551000000,-1167000000,-257000000,-758000000,None,-103000000,None,None,-298000000,2200000,224000000,None,3513000000,3513000000,632000000,None,None,481000000,None,None,160000000,242000000,0.2,0.0011,None,None,None,-0.959,0.2,365000000,525000000,1.58,2021-12-31,23.75,None,4113000000.0,828000000,382000000,-13000000,32500000,32500000,None,3700000,None,205000000,None,None,19400000,None,None,564000000,None,None,None,0.154,666000000,462000000,366000000,120000000,215000000,None,None,None,None,None,None,None,0.911,10.43,6.15,None,None,None,None,None,-2000000,None,0.255,None,548600000,2025-10-30,quarterly,1.78,USD,post-market,297000000,391000000,0.0828,0.297,-0.41,29.16,165700000,44000000,25000000,148000000,88.91,155.36,12.6582,2073300000,1492200000,859000000,929000000,581000000,57100000,4341000000,1157000000,25.57,-11800000,188.77,28.72
2025-12-28,WDC,7.1,10126000000.0,25.57,None,1.886,17.22,245000000,None,551000000,551000000,-289000000,-312000000,-80000000,None,73000000,None,None,-188000000,2200000,224000000,None,3513000000,3513000000,632000000,None,None,481000000,None,None,160000000,250000000,0.2,0.0011,None,None,None,-0.959,0.2,365000000,525000000,1.58,2021-09-30,23.75,None,4113000000.0,828000000,382000000,-13000000,32500000,32500000,None,3700000,None,205000000,None,None,19400000,None,None,610000000,None,None,None,0.154,521000000,462000000,366000000,120000000,215000000,None,None,None,None,None,None,None,0.911,10.43,6.15,None,None,None,None,None,-78000000,None,0.255,None,548600000,2025-10-30,quarterly,1.78,USD,post-market,297000000,391000000,0.0828,0.297,-0.41,29.16,165700000,44000000,25000000,148000000,88.91,155.36,12.6582,2073300000,1492200000,859000000,929000000,581000000,57100000,4341000000,1157000000,25.57,-11800000,188.77,28.72
2025-12-28,WDC,7.1,10126000000.0,25.57,None,1.886,17.22,304000000,None,551000000,551000000,-155000000,-203000000,636000000,None,67000000,None,None,-353000000,2200000,224000000,None,3513000000,3513000000,632000000,None,None,481000000,None,None,160000000,251000000,0.2,0.0011,0,0,None,-0.959,0.2,365000000,525000000,1.58,2021-06-30,23.75,None,4113000000.0,828000000,382000000,-13000000,32500000,32500000,None,3700000,None,205000000,None,None,19400000,None,None,622000000,None,None,None,0.154,994000000,462000000,366000000,120000000,215000000,None,None,None,None,None,None,None,0.911,10.43,6.15,None,None,None,None,None,-5000000,None,0.255,None,548600000,2025-10-30,quarterly,1.78,USD,post-market,297000000,391000000,0.0828,0.297,-0.41,29.16,165700000,44000000,25000000,148000000,88.91,155.36,12.6582,2073300000,1492200000,859000000,929000000,581000000,57100000,4341000000,1157000000,25.57,-11800000,188.77,28.72
2025-12-28,WDC,7.1,10126000000.0,25.57,None,1.886,17.22,162000000,None,551000000,551000000,-212000000,-126000000,-222000000,None,-108000000,None,None,-72000000,2200000,224000000,None,3513000000,3513000000,632000000,None,None,481000000,None,None,160000000,251000000,0.2,0.0011,0,0,None,-0.959,0.2,365000000,525000000,1.58,2021-03-31,23.75,None,4113000000.0,828000000,382000000,-13000000,32500000,32500000,None,3700000,None,205000000,None,None,19400000,None,None,197000000,None,None,None,0.154,116000000,462000000,366000000,120000000,215000000,None,None,None,None,None,None,None,0.911,10.43,6.15,None,None,None,None,None,-8000000,None,0.255,None,548600000,2025-10-30,quarterly,1.78,USD,post-market,297000000,391000000,0.0828,0.297,-0.41,29.16,165700000,44000000,25000000,148000000,88.91,155.36,12.6582,2073300000,1492200000,859000000,929000000,581000000,57100000,4341000000,1157000000,25.57,-11800000,188.77,28.72
2025-12-28,WDC,7.1,10126000000.0,25.57,None,1.886,17.22,207000000,None,551000000,551000000,-197000000,-270000000,-42000000,None,-220000000,None,None,264000000,2200000,224000000,None,3513000000,3513000000,632000000,None,None,481000000,None,None,160000000,336000000,0.2,0.0011,None,None,None,-0.959,0.2,365000000,525000000,1.58,2020-12-31,23.75,None,4113000000.0,828000000,382000000,-13000000,32500000,32500000,None,3700000,None,205000000,None,None,19400000,None,None,62000000,None,None,None,0.154,425000000,462000000,366000000,120000000,215000000,None,None,None,None,None,None,None,0.911,10.43,6.15,None,None,None,None,None,-2000000,None,0.255,None,548600000,2025-10-30,quarterly,1.78,USD,post-market,297000000,391000000,0.0828,0.297,-0.41,29.16,165700000,44000000,25000000,148000000,88.91,155.36,12.6582,2073300000,1492200000,859000000,929000000,581000000,57100000,4341000000,1157000000,25.57,-11800000,188.77,28.72
2025-12-28,WDC,7.1,10126000000.0,25.57,None,1.886,17.22,330000000,None,551000000,551000000,-253000000,-166000000,None,None,-285000000,None,None,None,2200000,224000000,None,3513000000,3513000000,632000000,None,None,481000000,None,None,160000000,374000000,0.2,0.0011,0,0,None,-0.959,0.2,365000000,525000000,1.58,2020-09-30,23.75,None,4113000000.0,828000000,382000000,-13000000,32500000,32500000,None,3700000,None,205000000,None,None,19400000,None,None,-60000000,None,None,None,0.154,363000000,462000000,366000000,120000000,215000000,None,None,None,None,None,None,None,0.911,10.43,6.15,None,None,None,None,None,-41000000,None,0.255,None,548600000,2025-10-30,quarterly,1.78,USD,post-market,297000000,391000000,0.0828,0.297,-0.41,29.16,165700000,44000000,25000000,148000000,88.91,155.36,12.6582,2073300000,1492200000,859000000,929000000,581000000,57100000,4341000000,1157000000,25.57,-11800000,188.77,28.72
2025-12-28,WDC,7.1,10126000000.0,25.57,None,1.886,17.22,215000000,None,551000000,551000000,-154000000,86000000,None,None,21000000,None,None,None,2200000,224000000,None,3513000000,3513000000,632000000,None,None,481000000,None,None,160000000,377000000,0.2,0.0011,150000000,150000000,None,-0.959,0.2,365000000,525000000,1.58,2020-06-30,23.75,None,4113000000.0,828000000,382000000,-13000000,32500000,32500000,None,3700000,None,205000000,None,None,19400000,None,None,148000000,None,None,None,0.154,172000000,462000000,366000000,120000000,215000000,None,None,None,None,None,None,None,0.911,10.43,6.15,None,None,None,None,None,-79000000,None,0.255,None,548600000,2025-10-30,quarterly,1.78,USD,post-market,297000000,391000000,0.0828,0.297,-0.41,29.16,165700000,44000000,25000000,148000000,88.91,155.36,12.6582,2073300000,1492200000,859000000,929000000,581000000,57100000,4341000000,1157000000,25.57,-11800000,188.77,28.72
2025-12-28,WDC,7.1,10126000000.0,25.57,None,1.886,17.22,127000000,None,551000000,551000000,-369000000,32000000,-195000000,None,24000000,None,None,-187000000,2200000,224000000,None,3513000000,3513000000,632000000,None,None,481000000,None,None,160000000,384000000,0.2,0.0011,149000000,149000000,None,-0.959,0.2,365000000,525000000,1.58,2020-03-31,23.75,None,4113000000.0,828000000,382000000,-13000000,32500000,32500000,None,3700000,None,205000000,None,None,19400000,None,None,17000000,None,None,None,0.154,142000000,462000000,366000000,120000000,215000000,None,None,None,None,None,None,None,0.911,10.43,6.15,None,None,None,None,None,-15000000,None,0.255,None,548600000,2025-10-30,quarterly,1.78,USD,post-market,297000000,391000000,0.0828,0.297,-0.41,29.16,165700000,44000000,25000000,148000000,88.91,155.36,12.6582,2073300000,1492200000,859000000,929000000,581000000,57100000,4341000000,1157000000,25.57,-11800000,188.77,28.72
2025-12-28,WDC,7.1,10126000000.0,25.57,None,1.886,17.22,160000000,None,551000000,551000000,-493000000,126000000,-110000000,None,160000000,None,None,-344000000,2200000,224000000,None,3513000000,3513000000,632000000,None,None,481000000,None,None,160000000,399000000,0.2,0.0011,149000000,149000000,None,-0.959,0.2,365000000,525000000,1.58,2019-12-31,23.75,None,4113000000.0,828000000,382000000,-13000000,32500000,32500000,None,3700000,None,205000000,None,None,19400000,None,None,-139000000,None,None,None,0.154,257000000,462000000,366000000,120000000,215000000,None,None,None,None,None,None,None,0.911,10.43,6.15,None,None,None,None,None,-2000000,None,0.255,None,548600000,2025-10-30,quarterly,1.78,USD,post-market,297000000,391000000,0.0828,0.297,-0.41,29.16,165700000,44000000,25000000,148000000,88.91,155.36,12.6582,2073300000,1492200000,859000000,929000000,581000000,57100000,4341000000,1157000000,25.57,-11800000,188.77,28.72
2025-12-28,WDC,7.1,10126000000.0,25.57,None,1.886,17.22,145000000,None,551000000,551000000,-492000000,34000000,-205000000,None,-5000000,None,None,-243000000,2200000,224000000,None,3513000000,3513000000,632000000,None,None,481000000,None,None,160000000,406000000,0.2,0.0011,147000000,147000000,None,-0.959,0.2,365000000,525000000,1.58,2019-09-30,23.75,None,4113000000.0,828000000,382000000,-13000000,32500000,32500000,None,3700000,None,205000000,None,None,19400000,None,None,-276000000,None,None,None,0.154,253000000,462000000,366000000,120000000,215000000,None,None,None,None,None,None,None,0.911,10.43,6.15,None,None,None,None,None,-52000000,None,0.255,None,548600000,2025-10-30,quarterly,1.78,USD,post-market,297000000,391000000,0.0828,0.297,-0.41,29.16,165700000,44000000,25000000,148000000,88.91,155.36,12.6582,2073300000,1492200000,859000000,929000000,581000000,57100000,4341000000,1157000000,25.57,-11800000,188.77,28.72
2025-12-28,WDC,7.1,10126000000.0,25.57,None,1.886,17.22,38000000,None,551000000,551000000,-172000000,-230000000,-231000000,None,157000000,None,None,18000000,2200000,224000000,None,3513000000,3513000000,632000000,None,None,481000000,None,None,160000000,416000000,0.2,0.0011,146000000,146000000,None,-0.959,0.2,365000000,525000000,1.58,2019-06-30,23.75,None,4113000000.0,828000000,382000000,-13000000,32500000,32500000,None,3700000,None,205000000,None,None,19400000,None,None,-197000000,None,None,None,0.154,169000000,462000000,366000000,120000000,215000000,None,None,None,None,None,None,None,0.911,10.43,6.15,None,None,None,None,None,-62000000,None,0.255,None,548600000,2025-10-30,quarterly,1.78,USD,post-market,297000000,391000000,0.0828,0.297,-0.41,29.16,165700000,44000000,25000000,148000000,88.91,155.36,12.6582,2073300000,1492200000,859000000,929000000,581000000,57100000,4341000000,1157000000,25.57,-11800000,188.77,28.72
2025-12-28,WDC,7.1,10126000000.0,25.57,None,1.886,17.22,222000000,None,551000000,551000000,-219000000,-317000000,-331000000,1000000,-13000000,None,None,493000000,2200000,224000000,None,3513000000,3513000000,632000000,None,None,481000000,None,None,160000000,444000000,0.2,0.0011,146000000,146000000,None,-0.959,0.2,365000000,525000000,1.58,2019-03-31,23.75,None,4113000000.0,828000000,382000000,-13000000,32500000,32500000,None,3700000,None,205000000,None,None,19400000,None,None,-581000000,None,None,None,0.154,204000000,462000000,366000000,120000000,215000000,None,None,None,None,None,None,None,0.911,10.43,6.15,None,None,None,None,None,-40000000,None,0.255,None,548600000,2025-10-30,quarterly,1.78,USD,post-market,297000000,391000000,0.0828,0.297,-0.41,29.16,165700000,44000000,25000000,148000000,88.91,155.36,12.6582,2073300000,1492200000,859000000,929000000,581000000,57100000,4341000000,1157000000,25.57,-11800000,188.77,28.72
2025-12-28,WDC,7.1,10126000000.0,25.57,None,1.886,17.22,220000000,None,551000000,551000000,-631000000,-466000000,-633000000,-5000000,-308000000,None,None,504000000,2200000,224000000,None,3513000000,3513000000,632000000,None,None,481000000,None,None,160000000,472000000,0.2,0.0011,144000000,144000000,None,-0.959,0.2,365000000,525000000,1.58,2018-12-31,23.75,None,4113000000.0,828000000,382000000,-13000000,32500000,32500000,None,3700000,None,205000000,None,None,19400000,None,None,-487000000,None,None,None,0.154,469000000,462000000,366000000,120000000,215000000,None,None,None,None,None,None,None,0.911,10.43,6.15,None,None,None,None,None,-3000000,None,0.255,None,548600000,2025-10-30,quarterly,1.78,USD,post-market,297000000,391000000,0.0828,0.297,-0.41,29.16,165700000,44000000,25000000,148000000,88.91,155.36,12.6582,2073300000,1492200000,859000000,929000000,581000000,57100000,4341000000,1157000000,25.57,-11800000,188.77,28.72
2025-12-28,WDC,7.1,10126000000.0,25.57,None,1.886,17.22,277000000,None,551000000,551000000,-807000000,-259000000,-359000000,2000000,-175000000,None,None,-22000000,2200000,224000000,None,3513000000,3513000000,632000000,None,None,481000000,None,None,160000000,480000000,0.2,0.0011,148000000,148000000,None,-0.959,0.2,365000000,525000000,1.58,2018-09-30,23.75,None,4113000000.0,828000000,382000000,-13000000,32500000,32500000,None,3700000,None,205000000,None,None,19400000,None,None,511000000,None,None,None,0.154,705000000,462000000,366000000,120000000,215000000,None,None,None,None,None,None,None,0.911,10.43,6.15,None,None,None,None,None,-563000000,None,0.255,None,548600000,2025-10-30,quarterly,1.78,USD,post-market,297000000,391000000,0.0828,0.297,-0.41,29.16,165700000,44000000,25000000,148000000,88.91,155.36,12.6582,2073300000,1492200000,859000000,929000000,581000000,57100000,4341000000,1157000000,25.57,-11800000,188.77,28.72
2025-12-28,WDC,7.1,10126000000.0,25.57,None,1.886,17.22,190000000,None,551000000,551000000,-563000000,-249000000,42000000,-9000000,-274000000,None,None,-186000000,2200000,224000000,None,3513000000,3513000000,632000000,None,None,481000000,None,None,160000000,489000000,0.2,0.0011,150000000,150000000,None,-0.959,0.2,365000000,525000000,1.58,2018-06-30,23.75,None,4113000000.0,828000000,382000000,-13000000,32500000,32500000,None,3700000,None,205000000,None,None,19400000,None,None,756000000,None,None,None,0.154,863000000,462000000,366000000,120000000,215000000,None,None,None,None,None,None,None,0.911,10.43,6.15,None,None,None,None,None,-436000000,None,0.255,None,548600000,2025-10-30,quarterly,1.78,USD,post-market,297000000,391000000,0.0828,0.297,-0.41,29.16,165700000,44000000,25000000,148000000,88.91,155.36,12.6582,2073300000,1492200000,859000000,929000000,581000000,57100000,4341000000,1157000000,25.57,-11800000,188.77,28.72
2025-12-28,WDC,7.1,10126000000.0,25.57,None,1.886,17.22,213000000,None,551000000,551000000,-1946000000,-399000000,-1309000000,9000000,-389000000,None,None,41000000,2200000,224000000,None,3513000000,3513000000,632000000,None,None,481000000,None,None,160000000,499000000,0.2,0.0011,148000000,148000000,None,-0.959,0.2,365000000,525000000,1.58,2018-03-31,23.75,None,4113000000.0,828000000,382000000,-13000000,32500000,32500000,None,3700000,None,205000000,None,None,19400000,None,None,61000000,None,None,None,0.154,1027000000,462000000,366000000,120000000,215000000,None,None,None,None,None,None,None,0.911,10.43,6.15,None,None,None,None,None,-155000000,None,0.255,None,548600000,2025-10-30,quarterly,1.78,USD,post-market,297000000,391000000,0.0828,0.297,-0.41,29.16,165700000,44000000,25000000,148000000,88.91,155.36,12.6582,2073300000,1492200000,859000000,929000000,581000000,57100000,4341000000,1157000000,25.57,-11800000,188.77,28.72
2025-12-28,WDC,7.1,10126000000.0,25.57,None,1.886,17.22,251000000,None,551000000,551000000,-1167000000,-629000000,-614000000,None,21000000,None,None,49000000,2200000,224000000,None,3513000000,3513000000,632000000,None,None,481000000,None,None,160000000,535000000,0.2,0.0011,148000000,148000000,None,-0.959,0.2,365000000,525000000,1.58,2017-12-31,23.75,None,4113000000.0,828000000,382000000,-13000000,32500000,32500000,None,3700000,None,205000000,None,None,19400000,None,None,-823000000,None,None,None,0.154,1182000000,462000000,366000000,120000000,215000000,None,None,None,None,None,None,None,0.911,10.43,6.15,None,None,None,None,None,-6000000,None,0.255,None,548600000,2025-10-30,quarterly,1.78,USD,post-market,297000000,391000000,0.0828,0.297,-0.41,29.16,165700000,44000000,25000000,148000000,88.91,155.36,12.6582,2073300000,1492200000,859000000,929000000,581000000,57100000,4341000000,1157000000,25.57,-11800000,188.77,28.72
2025-12-28,WDC,7.1,10126000000.0,25.57,None,1.886,17.22,155000000,None,551000000,551000000,-224000000,-378000000,532000000,1000000,44000000,None,None,-148000000,2200000,224000000,None,3513000000,3513000000,632000000,None,None,481000000,None,None,160000000,533000000,0.2,0.0011,147000000,147000000,None,-0.959,0.2,365000000,525000000,1.58,2017-09-30,23.75,None,4113000000.0,828000000,382000000,-13000000,32500000,32500000,None,3700000,None,205000000,None,None,19400000,None,None,681000000,None,None,None,0.154,1133000000,462000000,366000000,120000000,215000000,None,None,None,None,None,None,None,0.911,10.43,6.15,None,None,None,None,None,-61000000,None,0.255,None,548600000,2025-10-30,quarterly,1.78,USD,post-market,297000000,391000000,0.0828,0.297,-0.41,29.16,165700000,44000000,25000000,148000000,88.91,155.36,12.6582,2073300000,1492200000,859000000,929000000,581000000,57100000,4341000000,1157000000,25.57,-11800000,188.77,28.72
2025-12-28,WDC,7.1,10126000000.0,25.57,None,1.886,17.22,125000000,None,551000000,551000000,-49000000,-190000000,702000000,2000000,-87000000,None,None,2000000,2200000,224000000,None,3513000000,3513000000,632000000,None,None,481000000,None,None,160000000,546000000,0.2,0.0011,146000000,146000000,None,-0.959,0.2,365000000,525000000,1.58,2017-06-30,23.75,None,4113000000.0,828000000,382000000,-13000000,32500000,32500000,None,3700000,None,205000000,None,None,19400000,None,None,280000000,None,None,None,0.154,939000000,462000000,366000000,120000000,215000000,None,None,None,None,None,None,None,0.911,10.43,6.15,None,None,None,None,None,-13000000,None,0.255,None,548600000,2025-10-30,quarterly,1.78,USD,post-market,297000000,391000000,0.0828,0.297,-0.41,29.16,165700000,44000000,25000000,148000000,88.91,155.36,12.6582,2073300000,1492200000,859000000,929000000,581000000,57100000,4341000000,1157000000,25.57,-11800000,188.77,28.72
2025-12-28,WDC,7.1,10126000000.0,25.57,None,1.886,17.22,103000000,None,551000000,551000000,-160000000,-130000000,712000000,4000000,-169000000,None,None,51000000,2200000,224000000,None,3513000000,3513000000,632000000,None,None,481000000,None,None,160000000,560000000,0.2,0.0011,144000000,144000000,None,-0.959,0.2,365000000,525000000,1.58,2017-03-31,23.75,None,4113000000.0,828000000,382000000,-13000000,32500000,32500000,None,3700000,None,205000000,None,None,19400000,None,None,248000000,None,None,None,0.154,998000000,462000000,366000000,120000000,215000000,None,None,None,None,None,None,None,0.911,10.43,6.15,None,None,None,None,None,-71000000,None,0.255,None,548600000,2025-10-30,quarterly,1.78,USD,post-market,297000000,391000000,0.0828,0.297,-0.41,29.16,165700000,44000000,25000000,148000000,88.91,155.36,12.6582,2073300000,1492200000,859000000,929000000,581000000,57100000,4341000000,1157000000,25.57,-11800000,188.77,28.72
2025-12-28,WDC,7.1,10126000000.0,25.57,None,1.886,17.22,146000000,None,551000000,551000000,-74000000,-114000000,863000000,-9000000,24000000,None,None,22000000,2200000,224000000,None,3513000000,3513000000,632000000,None,None,481000000,None,None,160000000,514000000,0.2,0.0011,142000000,142000000,None,-0.959,0.2,365000000,525000000,1.58,2016-12-31,23.75,None,4113000000.0,828000000,382000000,-13000000,32500000,32500000,None,3700000,None,205000000,None,None,19400000,None,None,235000000,None,None,None,0.154,1060000000,462000000,366000000,120000000,215000000,None,None,None,None,None,None,None,0.911,10.43,6.15,None,None,None,None,None,-14000000,None,0.255,None,548600000,2025-10-30,quarterly,1.78,USD,post-market,297000000,391000000,0.0828,0.297,-0.41,29.16,165700000,44000000,25000000,148000000,88.91,155.36,12.6582,2073300000,1492200000,859000000,929000000,581000000,57100000,4341000000,1157000000,25.57,-11800000,188.77,28.72
2025-12-28,WDC,7.1,10126000000.0,25.57,None,1.886,17.22,183000000,None,551000000,551000000,-4312000000,-202000000,-4074000000,None,28000000,None,None,-562000000,2200000,224000000,None,3513000000,3513000000,632000000,None,None,481000000,None,None,160000000,508000000,0.2,0.0011,142000000,142000000,None,-0.959,0.2,365000000,525000000,1.58,2016-09-30,23.75,None,4113000000.0,828000000,382000000,-13000000,32500000,32500000,None,3700000,None,205000000,None,None,19400000,None,None,-366000000,None,None,None,0.154,440000000,462000000,366000000,120000000,215000000,None,None,None,None,None,None,None,0.911,10.43,6.15,None,None,None,None,None,-26000000,None,0.255,None,548600000,2025-10-30,quarterly,1.78,USD,post-market,297000000,391000000,0.0828,0.297,-0.41,29.16,165700000,44000000,25000000,148000000,88.91,155.36,12.6582,2073300000,1492200000,859000000,929000000,581000000,57100000,4341000000,1157000000,25.57,-11800000,188.77,28.72
2025-12-28,WDC,7.1,10126000000.0,25.57,None,1.886,17.22,151000000,None,551000000,551000000,11505000000,-9597000000,2714000000,1000000,168000000,None,None,584000000,2200000,224000000,None,3513000000,3513000000,632000000,None,None,481000000,None,None,160000000,420000000,0.2,0.0011,117000000,117000000,None,-0.959,0.2,365000000,525000000,1.58,2016-06-30,23.75,None,4113000000.0,828000000,382000000,-13000000,32500000,32500000,None,3700000,None,205000000,None,None,19400000,None,None,-366000000,None,None,None,0.154,355000000,462000000,366000000,120000000,215000000,None,None,None,None,None,None,None,0.911,10.43,6.15,None,None,None,None,None,-5000000,None,0.255,None,548600000,2025-10-30,quarterly,1.78,USD,post-market,297000000,391000000,0.0828,0.297,-0.41,29.16,165700000,44000000,25000000,148000000,88.91,155.36,12.6582,2073300000,1492200000,859000000,929000000,581000000,57100000,4341000000,1157000000,25.57,-11800000,188.77,28.72
2025-12-28,WDC,7.1,10126000000.0,25.57,None,1.886,17.22,133000000,None,551000000,551000000,-404000000,443000000,74000000,None,11000000,None,None,None,2200000,224000000,None,3513000000,3513000000,632000000,None,None,481000000,None,None,160000000,246000000,0.2,0.0011,116000000,116000000,None,-0.959,0.2,365000000,525000000,1.58,2016-03-31,23.75,None,4113000000.0,828000000,382000000,-13000000,32500000,32500000,None,3700000,None,205000000,None,None,19400000,None,None,74000000,None,None,None,0.154,485000000,462000000,366000000,120000000,215000000,None,None,None,None,None,None,None,0.911,10.43,6.15,None,None,None,None,None,-1000000,None,0.255,None,548600000,2025-10-30,quarterly,1.78,USD,post-market,297000000,391000000,0.0828,0.297,-0.41,29.16,165700000,44000000,25000000,148000000,88.91,155.36,12.6582,2073300000,1492200000,859000000,929000000,581000000,57100000,4341000000,1157000000,25.57,-11800000,188.77,28.72
2025-12-28,WDC,7.1,10126000000.0,25.57,None,1.886,17.22,149000000,None,551000000,551000000,-135000000,-181000000,863000000,-9000000,22000000,None,None,22000000,2200000,224000000,None,3513000000,3513000000,632000000,None,None,481000000,None,None,160000000,252000000,0.2,0.0011,116000000,116000000,None,-0.959,0.2,365000000,525000000,1.58,2015-12-31,23.75,None,4113000000.0,828000000,382000000,-13000000,32500000,32500000,None,3700000,None,205000000,None,None,19400000,None,None,251000000,None,None,None,0.154,598000000,462000000,366000000,120000000,215000000,None,None,None,None,None,None,None,0.911,10.43,6.15,None,None,None,None,None,-1000000,None,0.255,None,548600000,2025-10-30,quarterly,1.78,USD,post-market,297000000,391000000,0.0828,0.297,-0.41,29.16,165700000,44000000,25000000,148000000,88.91,155.36,12.6582,2073300000,1492200000,859000000,929000000,581000000,57100000,4341000000,1157000000,25.57,-11800000,188.77,28.72
2025-12-28,WDC,7.1,10126000000.0,25.57,None,1.886,17.22,151000000,None,551000000,551000000,-215000000,-273000000,57000000,None,105000000,None,None,-84000000,2200000,224000000,None,3513000000,3513000000,632000000,None,None,481000000,None,None,160000000,236000000,0.2,0.0011,115000000,115000000,None,-0.959,0.2,365000000,525000000,1.58,2015-09-30,23.75,None,4113000000.0,828000000,382000000,-13000000,32500000,32500000,None,3700000,None,205000000,None,None,19400000,None,None,283000000,None,None,None,0.154,545000000,462000000,366000000,120000000,215000000,None,None,None,None,None,None,None,0.911,10.43,6.15,None,None,None,None,None,-60000000,None,0.255,None,548600000,2025-10-30,quarterly,1.78,USD,post-market,297000000,391000000,0.0828,0.297,-0.41,29.16,165700000,44000000,25000000,148000000,88.91,155.36,12.6582,2073300000,1492200000,859000000,929000000,581000000,57100000,4341000000,1157000000,25.57,-11800000,188.77,28.72
2025-12-28,WDC,7.1,10126000000.0,25.57,None,1.886,17.22,156000000,None,551000000,551000000,-35000000,-241000000,212000000,None,-47000000,None,None,164000000,2200000,224000000,None,3513000000,3513000000,632000000,None,None,481000000,None,None,160000000,250000000,0.2,0.0011,116000000,116000000,None,-0.959,0.2,365000000,525000000,1.58,2015-06-30,23.75,None,4113000000.0,828000000,382000000,-13000000,32500000,32500000,None,3700000,None,205000000,None,None,19400000,None,None,220000000,None,None,None,0.154,488000000,462000000,366000000,120000000,215000000,None,None,None,None,None,None,None,0.911,10.43,6.15,None,None,None,None,None,-198000000,None,0.255,None,548600000,2025-10-30,quarterly,1.78,USD,post-market,297000000,391000000,0.0828,0.297,-0.41,29.16,165700000,44000000,25000000,148000000,88.91,155.36,12.6582,2073300000,1492200000,859000000,929000000,581000000,57100000,4341000000,1157000000,25.57,-11800000,188.77,28.72
2025-12-28,WDC,7.1,10126000000.0,25.57,None,1.886,17.22,150000000,None,551000000,551000000,-316000000,-458000000,-90000000,None,-40000000,None,None,185000000,2200000,224000000,None,3513000000,3513000000,632000000,None,None,481000000,None,None,160000000,285000000,0.2,0.0011,93000000,93000000,None,-0.959,0.2,365000000,525000000,1.58,2015-03-31,23.75,None,4113000000.0,828000000,382000000,-13000000,32500000,32500000,None,3700000,None,205000000,None,None,19400000,None,None,384000000,None,None,None,0.154,684000000,462000000,366000000,120000000,215000000,None,None,None,None,None,None,None,0.911,10.43,6.15,None,None,None,None,None,-240000000,None,0.255,None,548600000,2025-10-30,quarterly,1.78,USD,post-market,297000000,391000000,0.0828,0.297,-0.41,29.16,165700000,44000000,25000000,148000000,88.91,155.36,12.6582,2073300000,1492200000,859000000,929000000,581000000,57100000,4341000000,1157000000,25.57,-11800000,188.77,28.72
2025-12-28,WDC,7.1,10126000000.0,25.57,None,1.886,17.22,146000000,None,551000000,551000000,-372000000,-128000000,-257000000,None,-10000000,None,None,35000000,2200000,224000000,None,3513000000,3513000000,632000000,None,None,481000000,None,None,160000000,290000000,0.2,0.0011,93000000,93000000,None,-0.959,0.2,365000000,525000000,1.58,2014-12-31,23.75,None,4113000000.0,828000000,382000000,-13000000,32500000,32500000,None,3700000,None,205000000,None,None,19400000,None,None,438000000,None,None,None,0.154,243000000,462000000,366000000,120000000,215000000,None,None,None,None,None,None,None,0.911,10.43,6.15,None,None,None,None,None,-309000000,None,0.255,None,548600000,2025-10-30,quarterly,1.78,USD,post-market,297000000,391000000,0.0828,0.297,-0.41,29.16,165700000,44000000,25000000,148000000,88.91,155.36,12.6582,2073300000,1492200000,859000000,929000000,581000000,57100000,4341000000,1157000000,25.57,-11800000,188.77,28.72
2025-12-28,WDC,7.1,10126000000.0,25.57,None,1.886,17.22,160000000,None,551000000,551000000,-346000000,-126000000,355000000,None,-46000000,None,None,74000000,2200000,224000000,None,3513000000,3513000000,632000000,None,None,481000000,None,None,160000000,289000000,0.2,0.0011,94000000,94000000,None,-0.959,0.2,365000000,525000000,1.58,2014-09-30,23.75,None,4113000000.0,828000000,382000000,-13000000,32500000,32500000,None,3700000,None,205000000,None,None,19400000,None,None,423000000,None,None,None,0.154,827000000,462000000,366000000,120000000,215000000,None,None,None,None,None,None,None,0.911,10.43,6.15,None,None,None,None,None,-223000000,None,0.255,None,548600000,2025-10-30,quarterly,1.78,USD,post-market,297000000,391000000,0.0828,0.297,-0.41,29.16,165700000,44000000,25000000,148000000,88.91,155.36,12.6582,2073300000,1492200000,859000000,929000000,581000000,57100000,4341000000,1157000000,25.57,-11800000,188.77,28.72
2025-12-28,WDC,7.1,10126000000.0,25.57,None,1.886,17.22,161000000,None,551000000,551000000,-298000000,-180000000,235000000,None,50000000,None,None,-187000000,2200000,224000000,None,3513000000,3513000000,632000000,None,None,481000000,None,None,160000000,308000000,0.2,0.0011,70000000,70000000,None,-0.959,0.2,365000000,525000000,1.58,2014-06-30,23.75,None,4113000000.0,828000000,382000000,-13000000,32500000,32500000,None,3700000,None,205000000,None,None,19400000,None,None,317000000,None,None,None,0.154,713000000,462000000,366000000,120000000,215000000,None,None,None,None,None,None,None,0.911,10.43,6.15,None,None,None,None,None,-272000000,None,0.255,None,548600000,2025-10-30,quarterly,1.78,USD,post-market,297000000,391000000,0.0828,0.297,-0.41,29.16,165700000,44000000,25000000,148000000,88.91,155.36,12.6582,2073300000,1492200000,859000000,929000000,581000000,57100000,4341000000,1157000000,25.57,-11800000,188.77,28.72
2025-12-28,WDC,7.1,10126000000.0,25.57,None,1.886,17.22,161000000,None,551000000,551000000,-152000000,-631000000,-300000000,None,16000000,None,None,-13000000,2200000,224000000,None,3513000000,3513000000,632000000,None,None,481000000,None,None,160000000,307000000,0.2,0.0011,71000000,71000000,None,-0.959,0.2,365000000,525000000,1.58,2014-03-31,23.75,None,4113000000.0,828000000,382000000,-13000000,32500000,32500000,None,3700000,None,205000000,None,None,19400000,None,None,375000000,None,None,None,0.154,697000000,462000000,366000000,120000000,215000000,None,None,None,None,None,None,None,0.911,10.43,6.15,None,None,None,None,None,-244000000,None,0.255,None,548600000,2025-10-30,quarterly,1.78,USD,post-market,297000000,391000000,0.0828,0.297,-0.41,29.16,165700000,44000000,25000000,148000000,88.91,155.36,12.6582,2073300000,1492200000,859000000,929000000,581000000,57100000,4341000000,1157000000,25.57,-11800000,188.77,28.72
2025-12-28,WDC,7.1,10126000000.0,25.57,None,1.886,17.22,170000000,None,551000000,551000000,-176000000,-765000000,None,None,-45000000,None,None,None,2200000,224000000,None,3513000000,3513000000,632000000,None,None,481000000,None,None,160000000,317000000,0.2,0.0011,59000000,59000000,None,-0.959,0.2,365000000,525000000,1.58,2013-12-31,23.75,None,4113000000.0,828000000,382000000,-13000000,32500000,32500000,None,3700000,None,205000000,None,None,19400000,None,None,430000000,None,None,None,0.154,727000000,462000000,366000000,120000000,215000000,None,None,None,None,None,None,None,0.911,10.43,6.15,None,None,None,None,None,-150000000,None,0.255,None,548600000,2025-10-30,quarterly,1.78,USD,post-market,297000000,391000000,0.0828,0.297,-0.41,29.16,165700000,44000000,25000000,148000000,88.91,155.36,12.6582,2073300000,1492200000,859000000,929000000,581000000,57100000,4341000000,1157000000,25.57,-11800000,188.77,28.72
2025-12-28,WDC,7.1,10126000000.0,25.57,None,1.886,17.22,136000000,None,551000000,551000000,240000000,-360000000,560000000,None,-21000000,None,None,25000000,2200000,224000000,None,3513000000,3513000000,632000000,None,None,481000000,None,None,160000000,312000000,0.2,0.0011,59000000,59000000,None,-0.959,0.2,365000000,525000000,1.58,2013-09-30,23.75,None,4113000000.0,828000000,382000000,-13000000,32500000,32500000,None,3700000,None,205000000,None,None,19400000,None,None,495000000,None,None,None,0.154,680000000,462000000,366000000,120000000,215000000,None,None,None,None,None,None,None,0.911,10.43,6.15,None,None,None,None,None,-150000000,None,0.255,None,548600000,2025-10-30,quarterly,1.78,USD,post-market,297000000,391000000,0.0828,0.297,-0.41,29.16,165700000,44000000,25000000,148000000,88.91,155.36,12.6582,2073300000,1492200000,859000000,929000000,581000000,57100000,4341000000,1157000000,25.57,-11800000,188.77,28.72
2025-12-28,WDC,7.1,10126000000.0,25.57,None,1.886,17.22,136000000,None,551000000,551000000,-299000000,-136000000,249000000,None,9000000,None,None,-81000000,2200000,224000000,None,3513000000,3513000000,632000000,None,None,481000000,None,None,160000000,302000000,0.2,0.0011,60000000,60000000,None,-0.959,0.2,365000000,525000000,1.58,2013-06-30,23.75,None,4113000000.0,828000000,382000000,-13000000,32500000,32500000,None,3700000,None,205000000,None,None,19400000,None,None,-265000000,None,None,None,0.154,684000000,462000000,366000000,120000000,215000000,None,None,None,None,None,None,None,0.911,10.43,6.15,None,None,None,None,None,-235000000,None,0.255,None,548600000,2025-10-30,quarterly,1.78,USD,post-market,297000000,391000000,0.0828,0.297,-0.41,29.16,165700000,44000000,25000000,148000000,88.91,155.36,12.6582,2073300000,1492200000,859000000,929000000,581000000,57100000,4341000000,1157000000,25.57,-11800000,188.77,28.72
2025-12-28,WDC,7.1,10126000000.0,25.57,None,1.886,17.22,188000000,None,551000000,551000000,-319000000,-164000000,244000000,None,6000000,None,None,32000000,2200000,224000000,None,3513000000,3513000000,632000000,None,None,481000000,None,None,160000000,309000000,0.2,0.0011,121000000,121000000,None,-0.959,0.2,365000000,525000000,1.58,2013-03-31,23.75,None,4113000000.0,828000000,382000000,-13000000,32500000,32500000,None,3700000,None,205000000,None,None,19400000,None,None,391000000,None,None,None,0.154,727000000,462000000,366000000,120000000,215000000,None,None,None,None,None,None,None,0.911,10.43,6.15,None,None,None,None,None,-243000000,None,0.255,None,548600000,2025-10-30,quarterly,1.78,USD,post-market,297000000,391000000,0.0828,0.297,-0.41,29.16,165700000,44000000,25000000,148000000,88.91,155.36,12.6582,2073300000,1492200000,859000000,929000000,581000000,57100000,4341000000,1157000000,25.57,-11800000,188.77,28.72
2025-12-28,WDC,7.1,10126000000.0,25.57,None,1.886,17.22,246000000,None,551000000,551000000,-214000000,-279000000,279000000,None,101000000,None,None,220000000,2200000,224000000,None,3513000000,3513000000,632000000,None,None,481000000,None,None,160000000,309000000,0.2,0.0011,121000000,121000000,None,-0.959,0.2,365000000,525000000,1.58,2012-12-31,23.75,None,4113000000.0,828000000,382000000,-13000000,32500000,32500000,None,3700000,None,205000000,None,None,19400000,None,None,335000000,None,None,None,0.154,772000000,462000000,366000000,120000000,215000000,None,None,None,None,None,None,None,0.911,10.43,6.15,None,None,None,None,None,-146000000,None,0.255,None,548600000,2025-10-30,quarterly,1.78,USD,post-market,297000000,391000000,0.0828,0.297,-0.41,29.16,165700000,44000000,25000000,148000000,88.91,155.36,12.6582,2073300000,1492200000,859000000,929000000,581000000,57100000,4341000000,1157000000,25.57,-11800000,188.77,28.72
2025-12-28,WDC,7.1,10126000000.0,25.57,None,1.886,17.22,382000000,None,551000000,551000000,-216000000,-391000000,329000000,None,-94000000,None,None,413000000,2200000,224000000,None,3513000000,3513000000,632000000,None,None,481000000,None,None,160000000,313000000,0.2,0.0011,61000000,61000000,None,-0.959,0.2,365000000,525000000,1.58,2012-09-30,23.75,None,4113000000.0,828000000,382000000,-13000000,32500000,32500000,None,3700000,None,205000000,None,None,19400000,None,None,519000000,None,None,None,0.154,936000000,462000000,366000000,120000000,215000000,None,None,None,None,None,None,None,0.911,10.43,6.15,None,None,None,None,None,-218000000,None,0.255,None,548600000,2025-10-30,quarterly,1.78,USD,post-market,297000000,391000000,0.0828,0.297,-0.41,29.16,165700000,44000000,25000000,148000000,88.91,155.36,12.6582,2073300000,1492200000,859000000,929000000,581000000,57100000,4341000000,1157000000,25.57,-11800000,188.77,28.72
2025-12-28,WDC,7.1,10126000000.0,25.57,None,1.886,17.22,324000000,None,551000000,551000000,-1070000000,-233000000,-169000000,5000000,71000000,None,None,40000000,2200000,224000000,None,3513000000,3513000000,632000000,None,None,481000000,None,None,160000000,339000000,0.2,0.0011,0,0,None,-0.959,0.2,365000000,525000000,1.58,2012-06-30,23.75,None,4113000000.0,828000000,382000000,-13000000,32500000,32500000,None,3700000,None,205000000,None,None,19400000,None,None,745000000,None,None,None,0.154,1129000000,462000000,366000000,120000000,215000000,None,None,None,None,None,None,None,0.911,10.43,6.15,None,None,None,None,None,-604000000,None,0.255,None,548600000,2025-10-30,quarterly,1.78,USD,post-market,297000000,391000000,0.0828,0.297,-0.41,29.16,165700000,44000000,25000000,148000000,88.91,155.36,12.6582,2073300000,1492200000,859000000,929000000,581000000,57100000,4341000000,1157000000,25.57,-11800000,188.77,28.72
2025-12-28,WDC,7.1,10126000000.0,25.57,None,1.886,17.22,140000000,None,551000000,551000000,1932000000,-3681000000,-547000000,-6000000,-94000000,None,None,-337000000,2200000,224000000,None,3513000000,3513000000,632000000,None,None,481000000,None,None,160000000,188000000,0.2,0.0011,0,0,None,-0.959,0.2,365000000,525000000,1.58,2012-03-31,23.75,None,4113000000.0,828000000,382000000,-13000000,32500000,32500000,None,3700000,None,205000000,None,None,19400000,None,None,483000000,None,None,None,0.154,1208000000,462000000,366000000,120000000,215000000,None,None,None,None,None,None,None,0.911,10.43,6.15,None,None,None,None,None,18000000,None,0.255,None,548600000,2025-10-30,quarterly,1.78,USD,post-market,297000000,391000000,0.0828,0.297,-0.41,29.16,165700000,44000000,25000000,148000000,88.91,155.36,12.6582,2073300000,1492200000,859000000,929000000,581000000,57100000,4341000000,1157000000,25.57,-11800000,188.77,28.72
2025-12-28,WDC,7.1,10126000000.0,25.57,None,1.886,17.22,119000000,None,551000000,551000000,-10000000,-119000000,249000000,None,179000000,None,None,609000000,2200000,224000000,None,3513000000,3513000000,632000000,None,None,481000000,None,None,160000000,140000000,0.2,0.0011,0,0,None,-0.959,0.2,365000000,525000000,1.58,2011-12-31,23.75,None,4113000000.0,828000000,382000000,-13000000,32500000,32500000,None,3700000,None,205000000,None,None,19400000,None,None,145000000,None,None,None,0.154,378000000,462000000,366000000,120000000,215000000,None,None,None,None,None,None,None,0.911,10.43,6.15,None,None,None,None,None,21000000,None,0.255,None,548600000,2025-10-30,quarterly,1.78,USD,post-market,297000000,391000000,0.0828,0.297,-0.41,29.16,165700000,44000000,25000000,148000000,88.91,155.36,12.6582,2073300000,1492200000,859000000,929000000,581000000,57100000,4341000000,1157000000,25.57,-11800000,188.77,28.72
2025-12-28,WDC,7.1,10126000000.0,25.57,None,1.886,17.22,134000000,None,551000000,551000000,-33000000,-134000000,185000000,None,-68000000,None,None,-150000000,2200000,224000000,None,3513000000,3513000000,632000000,None,None,481000000,None,None,160000000,158000000,0.2,0.0011,0,0,None,-0.959,0.2,365000000,525000000,1.58,2011-09-30,23.75,None,4113000000.0,828000000,382000000,-13000000,32500000,32500000,None,3700000,None,205000000,None,None,19400000,None,None,239000000,None,None,None,0.154,352000000,462000000,366000000,120000000,215000000,None,None,None,None,None,None,None,0.911,10.43,6.15,None,None,None,None,None,2000000,None,0.255,None,548600000,2025-10-30,quarterly,1.78,USD,post-market,297000000,391000000,0.0828,0.297,-0.41,29.16,165700000,44000000,25000000,148000000,88.91,155.36,12.6582,2073300000,1492200000,859000000,929000000,581000000,57100000,4341000000,1157000000,25.57,-11800000,188.77,28.72
2025-12-28,WDC,7.1,10126000000.0,25.57,None,1.886,17.22,153000000,None,551000000,551000000,-19000000,-168000000,260000000,None,-3000000,None,None,-36000000,2200000,224000000,None,3513000000,3513000000,632000000,None,None,481000000,None,None,160000000,150000000,0.2,0.0011,2000000,2000000,None,-0.959,0.2,365000000,525000000,1.58,2011-06-30,23.75,None,4113000000.0,828000000,382000000,-13000000,32500000,32500000,None,3700000,None,205000000,None,None,19400000,None,None,158000000,None,None,None,0.154,447000000,462000000,366000000,120000000,215000000,None,None,None,None,None,None,None,0.911,10.43,6.15,None,None,None,None,None,50000000,None,0.255,None,548600000,2025-10-30,quarterly,1.78,USD,post-market,297000000,391000000,0.0828,0.297,-0.41,29.16,165700000,44000000,25000000,148000000,88.91,155.36,12.6582,2073300000,1492200000,859000000,929000000,581000000,57100000,4341000000,1157000000,25.57,-11800000,188.77,28.72
2025-12-28,WDC,7.1,10126000000.0,25.57,None,1.886,17.22,175000000,None,551000000,551000000,-18000000,-175000000,120000000,None,-6000000,None,None,79000000,2200000,224000000,None,3513000000,3513000000,632000000,None,None,481000000,None,None,160000000,151000000,0.2,0.0011,0,0,None,-0.959,0.2,365000000,525000000,1.58,2011-03-31,23.75,None,4113000000.0,828000000,382000000,-13000000,32500000,32500000,None,3700000,None,205000000,None,None,19400000,None,None,146000000,None,None,None,0.154,313000000,462000000,366000000,120000000,215000000,None,None,None,None,None,None,None,0.911,10.43,6.15,None,None,None,None,None,11000000,None,0.255,None,548600000,2025-10-30,quarterly,1.78,USD,post-market,297000000,391000000,0.0828,0.297,-0.41,29.16,165700000,44000000,25000000,148000000,88.91,155.36,12.6582,2073300000,1492200000,859000000,929000000,581000000,57100000,4341000000,1157000000,25.57,-11800000,188.77,28.72
2025-12-28,WDC,7.1,10126000000.0,25.57,None,1.886,17.22,250000000,None,551000000,551000000,-3000000,-250000000,252000000,None,-7000000,None,None,75000000,2200000,224000000,None,3513000000,3513000000,632000000,None,None,481000000,None,None,160000000,151000000,0.2,0.0011,0,0,None,-0.959,0.2,365000000,525000000,1.58,2010-12-31,23.75,None,4113000000.0,828000000,382000000,-13000000,32500000,32500000,None,3700000,None,205000000,None,None,19400000,None,None,225000000,None,None,None,0.154,505000000,462000000,366000000,120000000,215000000,None,None,None,None,None,None,None,0.911,10.43,6.15,None,None,None,None,None,22000000,None,0.255,None,548600000,2025-10-30,quarterly,1.78,USD,post-market,297000000,391000000,0.0828,0.297,-0.41,29.16,165700000,44000000,25000000,148000000,88.91,155.36,12.6582,2073300000,1492200000,859000000,929000000,581000000,57100000,4341000000,1157000000,25.57,-11800000,188.77,28.72
2025-12-28,WDC,7.1,10126000000.0,25.57,None,1.886,17.22,200000000,None,551000000,551000000,-66000000,-200000000,124000000,None,-1000000,None,None,-68000000,2200000,224000000,None,3513000000,3513000000,632000000,None,None,481000000,None,None,160000000,150000000,0.2,0.0011,2000000,2000000,None,-0.959,0.2,365000000,525000000,1.58,2010-09-30,23.75,None,4113000000.0,828000000,382000000,-13000000,32500000,32500000,None,3700000,None,205000000,None,None,19400000,None,None,197000000,None,None,None,0.154,390000000,462000000,366000000,120000000,215000000,None,None,None,None,None,None,None,0.911,10.43,6.15,None,None,None,None,None,-50000000,None,0.255,None,548600000,2025-10-30,quarterly,1.78,USD,post-market,297000000,391000000,0.0828,0.297,-0.41,29.16,165700000,44000000,25000000,148000000,88.91,155.36,12.6582,2073300000,1492200000,859000000,929000000,581000000,57100000,4341000000,1157000000,25.57,-11800000,188.77,28.72
2025-12-28,WDC,7.1,10126000000.0,25.57,None,1.886,17.22,185000000,None,551000000,551000000,-17000000,-438000000,-92000000,None,-17000000,None,None,1000000,2200000,224000000,None,3513000000,3513000000,632000000,None,None,481000000,None,None,160000000,134000000,0.2,0.0011,0,0,None,-0.959,0.2,365000000,525000000,1.58,2010-06-30,23.75,None,4113000000.0,828000000,382000000,-13000000,32500000,32500000,None,3700000,None,205000000,None,None,19400000,None,None,264000000,None,None,None,0.154,363000000,462000000,366000000,120000000,215000000,None,None,None,None,None,None,None,0.911,10.43,6.15,None,None,None,None,None,25000000,None,0.255,None,548600000,2025-10-30,quarterly,1.78,USD,post-market,297000000,391000000,0.0828,0.297,-0.41,29.16,165700000,44000000,25000000,148000000,88.91,155.36,12.6582,2073300000,1492200000,859000000,929000000,581000000,57100000,4341000000,1157000000,25.57,-11800000,188.77,28.72
2025-12-28,WDC,7.1,10126000000.0,25.57,None,1.886,17.22,177000000,None,551000000,551000000,-21000000,-176000000,391000000,None,-54000000,None,None,108000000,2200000,224000000,None,3513000000,3513000000,632000000,None,None,481000000,None,None,160000000,128000000,0.2,0.0011,2000000,2000000,None,-0.959,0.2,365000000,525000000,1.58,2010-03-31,23.75,None,4113000000.0,828000000,382000000,-13000000,32500000,32500000,None,3700000,None,205000000,None,None,19400000,None,None,401000000,None,None,None,0.154,588000000,462000000,366000000,120000000,215000000,None,None,None,None,None,None,None,0.911,10.43,6.15,None,None,None,None,None,-2000000,None,0.255,None,548600000,2025-10-30,quarterly,1.78,USD,post-market,297000000,391000000,0.0828,0.297,-0.41,29.16,165700000,44000000,25000000,148000000,88.91,155.36,12.6582,2073300000,1492200000,859000000,929000000,581000000,57100000,4341000000,1157000000,25.57,-11800000,188.77,28.72
2025-12-28,WDC,7.1,10126000000.0,25.57,None,1.886,17.22,199000000,None,551000000,551000000,18000000,-196000000,379000000,None,-58000000,None,None,-234000000,2200000,224000000,None,3513000000,3513000000,632000000,None,None,481000000,None,None,160000000,126000000,0.2,0.0011,0,0,None,-0.959,0.2,365000000,525000000,1.58,2009-12-31,23.75,None,4113000000.0,828000000,382000000,-13000000,32500000,32500000,None,3700000,None,205000000,None,None,19400000,None,None,429000000,None,None,None,0.154,557000000,462000000,366000000,120000000,215000000,None,None,None,None,None,None,None,0.911,10.43,6.15,None,None,None,None,None,32000000,None,0.255,None,548600000,2025-10-30,quarterly,1.78,USD,post-market,297000000,391000000,0.0828,0.297,-0.41,29.16,165700000,44000000,25000000,148000000,88.91,155.36,12.6582,2073300000,1492200000,859000000,929000000,581000000,57100000,4341000000,1157000000,25.57,-11800000,188.77,28.72
2025-12-28,WDC,7.1,10126000000.0,25.57,None,1.886,17.22,176000000,None,551000000,551000000,4000000,-176000000,262000000,None,-19000000,None,None,-205000000,2200000,224000000,None,3513000000,3513000000,632000000,None,None,481000000,None,None,160000000,121000000,0.2,0.0011,0,0,None,-0.959,0.2,365000000,525000000,1.58,2009-09-30,23.75,None,4113000000.0,828000000,382000000,-13000000,32500000,32500000,None,3700000,None,205000000,None,None,19400000,None,None,288000000,None,None,None,0.154,434000000,462000000,366000000,120000000,215000000,None,None,None,None,None,None,None,0.911,10.43,6.15,None,None,None,None,None,15000000,None,0.255,None,548600000,2025-10-30,quarterly,1.78,USD,post-market,297000000,391000000,0.0828,0.297,-0.41,29.16,165700000,44000000,25000000,148000000,88.91,155.36,12.6582,2073300000,1492200000,859000000,929000000,581000000,57100000,4341000000,1157000000,25.57,-11800000,188.77,28.72
2025-12-28,WDC,7.1,10126000000.0,25.57,None,1.886,17.22,111000000,None,551000000,551000000,-34000000,-100000000,None,None,9000000,None,None,None,2200000,224000000,None,3513000000,3513000000,632000000,None,None,481000000,None,None,160000000,121000000,0.2,0.0011,None,None,None,-0.959,0.2,365000000,525000000,1.58,2009-06-30,23.75,None,4113000000.0,828000000,382000000,-13000000,32500000,32500000,None,3700000,None,205000000,None,None,19400000,None,None,196000000,None,None,None,0.154,349000000,462000000,366000000,120000000,215000000,None,None,None,None,None,None,None,0.911,10.43,6.15,None,None,None,None,None,15000000,None,0.255,None,548600000,2025-10-30,quarterly,1.78,USD,post-market,297000000,391000000,0.0828,0.297,-0.41,29.16,165700000,44000000,25000000,148000000,88.91,155.36,12.6582,2073300000,1492200000,859000000,929000000,581000000,57100000,4341000000,1157000000,25.57,-11800000,188.77,28.72
2025-12-28,WDC,7.1,10126000000.0,25.57,None,1.886,17.22,106000000,None,551000000,551000000,-2000000,-150000000,None,None,69000000,None,None,None,2200000,224000000,None,3513000000,3513000000,632000000,None,None,481000000,None,None,160000000,119000000,0.2,0.0011,None,None,None,-0.959,0.2,365000000,525000000,1.58,2009-03-31,23.75,None,4113000000.0,828000000,382000000,-13000000,32500000,32500000,None,3700000,None,205000000,None,None,19400000,None,None,49000000,None,None,None,0.154,355000000,462000000,366000000,120000000,215000000,None,None,None,None,None,None,None,0.911,10.43,6.15,None,None,None,None,None,1000000,None,0.255,None,548600000,2025-10-30,quarterly,1.78,USD,post-market,297000000,391000000,0.0828,0.297,-0.41,29.16,165700000,44000000,25000000,148000000,88.91,155.36,12.6582,2073300000,1492200000,859000000,929000000,581000000,57100000,4341000000,1157000000,25.57,-11800000,188.77,28.72
2025-12-28,WDC,7.1,10126000000.0,25.57,None,1.886,17.22,140000000,None,551000000,551000000,3000000,-140000000,None,None,31000000,None,None,None,2200000,224000000,None,3513000000,3513000000,632000000,None,None,481000000,None,None,160000000,122000000,0.2,0.0011,None,None,None,-0.959,0.2,365000000,525000000,1.58,2008-12-31,23.75,None,4113000000.0,828000000,382000000,-13000000,32500000,32500000,None,3700000,None,205000000,None,None,19400000,None,None,14000000,None,None,None,0.154,300000000,462000000,366000000,120000000,215000000,None,None,None,None,None,None,None,0.911,10.43,6.15,None,None,None,None,None,11000000,None,0.255,None,548600000,2025-10-30,quarterly,1.78,USD,post-market,297000000,391000000,0.0828,0.297,-0.41,29.16,165700000,44000000,25000000,148000000,88.91,155.36,12.6582,2073300000,1492200000,859000000,929000000,581000000,57100000,4341000000,1157000000,25.57,-11800000,188.77,28.72
2025-12-28,WDC,7.1,10126000000.0,25.57,None,1.886,17.22,162000000,None,551000000,551000000,-31000000,-161000000,None,None,-21000000,None,None,None,2200000,224000000,None,3513000000,3513000000,632000000,None,None,481000000,None,None,160000000,117000000,0.2,0.0011,None,None,None,-0.959,0.2,365000000,525000000,1.58,2008-09-30,23.75,None,4113000000.0,828000000,382000000,-13000000,32500000,32500000,None,3700000,None,205000000,None,None,19400000,None,None,211000000,None,None,None,0.154,301000000,462000000,366000000,120000000,215000000,None,None,None,None,None,None,None,0.911,10.43,6.15,None,None,None,None,None,-36000000,None,0.255,None,548600000,2025-10-30,quarterly,1.78,USD,post-market,297000000,391000000,0.0828,0.297,-0.41,29.16,165700000,44000000,25000000,148000000,88.91,155.36,12.6582,2073300000,1492200000,859000000,929000000,581000000,57100000,4341000000,1157000000,25.57,-11800000,188.77,28.72
2025-12-28,WDC,7.1,10126000000.0,25.57,None,1.886,17.22,146000000,None,551000000,551000000,106000000,-149000000,None,None,-1116000000,None,None,None,2200000,224000000,None,3513000000,3513000000,632000000,None,None,481000000,None,None,160000000,113000000,0.2,0.0011,None,None,None,-0.959,0.2,365000000,525000000,1.58,2008-06-30,23.75,None,4113000000.0,828000000,382000000,-13000000,32500000,32500000,None,3700000,None,205000000,None,None,19400000,None,None,213000000,None,None,None,0.154,230000000,462000000,366000000,120000000,215000000,None,None,None,None,None,None,None,0.911,10.43,6.15,None,None,None,None,None,22000000,None,0.255,None,548600000,2025-10-30,quarterly,1.78,USD,post-market,297000000,391000000,0.0828,0.297,-0.41,29.16,165700000,44000000,25000000,148000000,88.91,155.36,12.6582,2073300000,1492200000,859000000,929000000,581000000,57100000,4341000000,1157000000,25.57,-11800000,188.77,28.72
2025-12-28,WDC,7.1,10126000000.0,25.57,None,1.886,17.22,137000000,None,551000000,551000000,-299000000,-132000000,None,None,3000000,None,None,None,2200000,224000000,None,3513000000,3513000000,632000000,None,None,481000000,None,None,160000000,111000000,0.2,0.0011,None,None,None,-0.959,0.2,365000000,525000000,1.58,2008-03-31,23.75,None,4113000000.0,828000000,382000000,-13000000,32500000,32500000,None,3700000,None,205000000,None,None,19400000,None,None,280000000,None,None,None,0.154,431000000,462000000,366000000,120000000,215000000,None,None,None,None,None,None,None,0.911,10.43,6.15,None,None,None,None,None,-44000000,None,0.255,None,548600000,2025-10-30,quarterly,1.78,USD,post-market,297000000,391000000,0.0828,0.297,-0.41,29.16,165700000,44000000,25000000,148000000,88.91,155.36,12.6582,2073300000,1492200000,859000000,929000000,581000000,57100000,4341000000,1157000000,25.57,-11800000,188.77,28.72
2025-12-28,WDC,7.1,10126000000.0,25.57,None,1.886,17.22,169000000,None,551000000,551000000,-222000000,-31000000,None,None,2000000,None,None,None,2200000,224000000,None,3513000000,3513000000,632000000,None,None,481000000,None,None,160000000,111000000,0.2,0.0011,None,None,None,-0.959,0.2,365000000,525000000,1.58,2007-12-31,23.75,None,4113000000.0,828000000,382000000,-13000000,32500000,32500000,None,3700000,None,205000000,None,None,19400000,None,None,305000000,None,None,None,0.154,519000000,462000000,366000000,120000000,215000000,None,None,None,None,None,None,None,0.911,10.43,6.15,None,None,None,None,None,24000000,None,0.255,None,548600000,2025-10-30,quarterly,1.78,USD,post-market,297000000,391000000,0.0828,0.297,-0.41,29.16,165700000,44000000,25000000,148000000,88.91,155.36,12.6582,2073300000,1492200000,859000000,929000000,581000000,57100000,4341000000,1157000000,25.57,-11800000,188.77,28.72
2025-12-28,WDC,7.1,10126000000.0,25.57,None,1.886,17.22,163000000,None,551000000,551000000,741000000,-1009000000,None,None,3000000,None,None,None,2200000,224000000,None,3513000000,3513000000,632000000,None,None,481000000,None,None,160000000,78000000,0.2,0.0011,None,None,None,-0.959,0.2,365000000,525000000,1.58,2007-09-30,23.75,None,4113000000.0,828000000,382000000,-13000000,32500000,32500000,None,3700000,None,205000000,None,None,19400000,None,None,69000000,None,None,None,0.154,219000000,462000000,366000000,120000000,215000000,None,None,None,None,None,None,None,0.911,10.43,6.15,None,None,None,None,None,-16000000,None,0.255,None,548600000,2025-10-30,quarterly,1.78,USD,post-market,297000000,391000000,0.0828,0.297,-0.41,29.16,165700000,44000000,25000000,148000000,88.91,155.36,12.6582,2073300000,1492200000,859000000,929000000,581000000,57100000,4341000000,1157000000,25.57,-11800000,188.77,28.72
2025-12-28,WDC,7.1,10126000000.0,25.57,None,1.886,17.22,86000000,None,551000000,551000000,-36000000,-122000000,None,None,-15000000,None,None,None,2200000,224000000,None,3513000000,3513000000,632000000,None,None,481000000,None,None,160000000,61000000,0.2,0.0011,None,None,None,-0.959,0.2,365000000,525000000,1.58,2007-06-30,23.75,None,4113000000.0,828000000,382000000,-13000000,32500000,32500000,None,3700000,None,205000000,None,None,19400000,None,None,212000000,None,None,None,0.154,154000000,462000000,366000000,120000000,215000000,None,None,None,None,None,None,None,0.911,10.43,6.15,None,None,None,None,None,-44000000,None,0.255,None,548600000,2025-10-30,quarterly,1.78,USD,post-market,297000000,391000000,0.0828,0.297,-0.41,29.16,165700000,44000000,25000000,148000000,88.91,155.36,12.6582,2073300000,1492200000,859000000,929000000,581000000,57100000,4341000000,1157000000,25.57,-11800000,188.77,28.72
2025-12-28,WDC,7.1,10126000000.0,25.57,None,1.886,17.22,69000000,None,551000000,551000000,-50000000,-86000000,None,None,22000000,None,None,None,2200000,224000000,None,3513000000,3513000000,632000000,None,None,481000000,None,None,160000000,55000000,0.2,0.0011,None,None,None,-0.959,0.2,365000000,525000000,1.58,2007-03-31,23.75,None,4113000000.0,828000000,382000000,-13000000,32500000,32500000,None,3700000,None,205000000,None,None,19400000,None,None,121000000,None,None,None,0.154,164000000,462000000,366000000,120000000,215000000,None,None,None,None,None,None,None,0.911,10.43,6.15,None,None,None,None,None,-28000000,None,0.255,None,548600000,2025-10-30,quarterly,1.78,USD,post-market,297000000,391000000,0.0828,0.297,-0.41,29.16,165700000,44000000,25000000,148000000,88.91,155.36,12.6582,2073300000,1492200000,859000000,929000000,581000000,57100000,4341000000,1157000000,25.57,-11800000,188.77,28.72
2025-12-28,WDC,7.1,10126000000.0,25.57,None,1.886,17.22,97000000,None,551000000,551000000,4000000,-103000000,None,None,-49000000,None,None,None,2200000,224000000,None,3513000000,3513000000,632000000,None,None,481000000,None,None,160000000,49000000,0.2,0.0011,None,None,None,-0.959,0.2,365000000,525000000,1.58,2006-12-31,23.75,None,4113000000.0,828000000,382000000,-13000000,32500000,32500000,None,3700000,None,205000000,None,None,19400000,None,None,128000000,None,None,None,0.154,172000000,462000000,366000000,120000000,215000000,None,None,None,None,None,None,None,0.911,10.43,6.15,None,None,None,None,None,14000000,None,0.255,None,548600000,2025-10-30,quarterly,1.78,USD,post-market,297000000,391000000,0.0828,0.297,-0.41,29.16,165700000,44000000,25000000,148000000,88.91,155.36,12.6582,2073300000,1492200000,859000000,929000000,581000000,57100000,4341000000,1157000000,25.57,-11800000,188.77,28.72
2025-12-28,WDC,7.1,10126000000.0,25.57,None,1.886,17.22,72000000,None,551000000,551000000,-4000000,-72000000,None,None,-11000000,None,None,None,2200000,224000000,None,3513000000,3513000000,632000000,None,None,481000000,None,None,160000000,45000000,0.2,0.0011,None,None,None,-0.959,0.2,365000000,525000000,1.58,2006-09-30,23.75,None,4113000000.0,828000000,382000000,-13000000,32500000,32500000,None,3700000,None,205000000,None,None,19400000,None,None,103000000,None,None,None,0.154,128000000,462000000,366000000,120000000,215000000,None,None,None,None,None,None,None,0.911,10.43,6.15,None,None,None,None,None,-9700000,None,0.255,None,548600000,2025-10-30,quarterly,1.78,USD,post-market,297000000,391000000,0.0828,0.297,-0.41,29.16,165700000,44000000,25000000,148000000,88.91,155.36,12.6582,2073300000,1492200000,859000000,929000000,581000000,57100000,4341000000,1157000000,25.57,-11800000,188.77,28.72
2025-12-28,WDC,7.1,10126000000.0,25.57,None,1.886,17.22,95800000,None,551000000,551000000,-5900000,None,None,None,-27500000,None,None,None,2200000,224000000,None,3513000000,3513000000,632000000,None,None,481000000,None,None,160000000,43700000,0.2,0.0011,None,None,None,-0.959,0.2,365000000,525000000,1.58,2006-06-30,23.75,None,4113000000.0,828000000,382000000,-13000000,32500000,32500000,None,3700000,None,205000000,None,None,19400000,None,None,118600000,None,None,None,0.154,126300000,462000000,366000000,120000000,215000000,None,None,None,None,None,None,None,0.911,10.43,6.15,None,None,None,None,None,-9700000,None,0.255,None,548600000,2025-10-30,quarterly,1.78,USD,post-market,297000000,391000000,0.0828,0.297,-0.41,29.16,165700000,44000000,25000000,148000000,88.91,155.36,12.6582,2073300000,1492200000,859000000,929000000,581000000,57100000,4341000000,1157000000,25.57,-11800000,188.77,28.72
2025-12-28,WDC,7.1,10126000000.0,25.57,None,1.886,17.22,103900000,None,551000000,551000000,14300000,-140100000,None,None,-9300000,None,None,None,2200000,224000000,None,3513000000,3513000000,632000000,None,None,481000000,None,None,160000000,41900000,0.2,0.0011,None,None,None,-0.959,0.2,365000000,525000000,1.58,2006-03-31,23.75,None,4113000000.0,828000000,382000000,-13000000,32500000,32500000,None,3700000,None,205000000,None,None,19400000,None,None,102000000,None,None,None,0.154,119000000,462000000,366000000,120000000,215000000,None,None,None,None,None,None,None,0.911,10.43,6.15,None,None,None,None,None,-18000000,None,0.255,None,548600000,2025-10-30,quarterly,1.78,USD,post-market,297000000,391000000,0.0828,0.297,-0.41,29.16,165700000,44000000,25000000,148000000,88.91,155.36,12.6582,2073300000,1492200000,859000000,929000000,581000000,57100000,4341000000,1157000000,25.57,-11800000,188.77,28.72
2025-12-28,WDC,7.1,10126000000.0,25.57,None,1.886,17.22,52000000,None,551000000,551000000,-1100000,-71300000,None,None,4500000,None,None,None,2200000,224000000,None,3513000000,3513000000,632000000,None,None,481000000,None,None,160000000,38600000,0.2,0.0011,None,None,None,-0.959,0.2,365000000,525000000,1.58,2005-12-31,23.75,None,4113000000.0,828000000,382000000,-13000000,32500000,32500000,None,3700000,None,205000000,None,None,19400000,None,None,104000000,None,None,None,0.154,116600000,462000000,366000000,120000000,215000000,None,None,None,None,None,None,None,0.911,10.43,6.15,None,None,None,None,None,-12000000,None,0.255,None,548600000,2025-10-30,quarterly,1.78,USD,post-market,297000000,391000000,0.0828,0.297,-0.41,29.16,165700000,44000000,25000000,148000000,88.91,155.36,12.6582,2073300000,1492200000,859000000,929000000,581000000,57100000,4341000000,1157000000,25.57,-11800000,188.77,28.72
2025-12-28,WDC,7.1,10126000000.0,25.57,None,1.886,17.22,50200000,None,551000000,551000000,-6600000,-12200000,None,None,-19900000,None,None,None,2200000,224000000,None,3513000000,3513000000,632000000,None,None,481000000,None,None,160000000,35600000,0.2,0.0011,None,None,None,-0.959,0.2,365000000,525000000,1.58,2005-09-30,23.75,None,4113000000.0,828000000,382000000,-13000000,32500000,32500000,None,3700000,None,205000000,None,None,19400000,None,None,69000000,None,None,None,0.154,39600000,462000000,366000000,120000000,215000000,None,None,None,None,None,None,None,0.911,10.43,6.15,None,None,None,None,None,-14000000,None,0.255,None,548600000,2025-10-30,quarterly,1.78,USD,post-market,297000000,391000000,0.0828,0.297,-0.41,29.16,165700000,44000000,25000000,148000000,88.91,155.36,12.6582,2073300000,1492200000,859000000,929000000,581000000,57100000,4341000000,1157000000,25.57,-11800000,188.77,28.72
2025-12-28,WDC,7.1,10126000000.0,25.57,None,1.886,17.22,407000000,None,551000000,551000000,-1612000000,150000000,None,None,-409000000,None,None,None,2200000,224000000,None,3513000000,3513000000,632000000,None,None,481000000,None,None,160000000,451000000,0.2,0.0011,44000000,44000000,None,-0.959,0.2,365000000,525000000,1.58,2025-06-30,23.75,None,4113000000.0,828000000,382000000,-13000000,32500000,32500000,None,3700000,None,205000000,None,None,19400000,None,None,1889000000,None,None,None,0.154,1691000000,462000000,366000000,120000000,215000000,None,None,None,None,None,None,None,0.911,10.43,6.15,None,None,None,None,None,-149000000,None,0.255,None,548600000,2025-10-30,annual,1.78,USD,post-market,297000000,391000000,0.0828,0.297,-0.41,29.16,165700000,44000000,25000000,148000000,88.91,155.36,12.6582,2073300000,1492200000,859000000,929000000,581000000,57100000,4341000000,1157000000,25.57,-11800000,188.77,28.72
2025-12-28,WDC,7.1,10126000000.0,25.57,None,1.886,17.22,487000000,None,551000000,551000000,187000000,-27000000,None,None,356000000,None,None,None,2200000,224000000,None,3513000000,3513000000,632000000,None,None,481000000,None,None,160000000,568000000,0.2,0.0011,0,0,None,-0.959,0.2,365000000,525000000,1.58,2024-06-30,23.75,None,4113000000.0,828000000,382000000,-13000000,32500000,32500000,None,3700000,None,205000000,None,None,19400000,None,None,-798000000,None,None,None,0.154,-294000000,462000000,366000000,120000000,215000000,None,None,None,None,None,None,None,0.911,10.43,6.15,None,None,None,None,None,-5000000,None,0.255,None,548600000,2025-10-30,annual,1.78,USD,post-market,297000000,391000000,0.0828,0.297,-0.41,29.16,165700000,44000000,25000000,148000000,88.91,155.36,12.6582,2073300000,1492200000,859000000,929000000,581000000,57100000,4341000000,1157000000,25.57,-11800000,188.77,28.72
2025-12-28,WDC,7.1,10126000000.0,25.57,None,1.886,17.22,807000000,None,551000000,551000000,875000000,-762000000,-295000000,None,-60000000,None,None,1206000000,2200000,224000000,None,3513000000,3513000000,632000000,None,None,481000000,None,None,160000000,828000000,0.2,0.0011,80000000,80000000,None,-0.959,0.2,365000000,525000000,1.58,2023-06-30,23.75,None,4113000000.0,828000000,382000000,-13000000,32500000,32500000,None,3700000,None,205000000,None,None,19400000,None,None,-1684000000,None,None,None,0.154,-408000000,462000000,366000000,120000000,215000000,None,None,None,None,None,None,None,0.911,10.43,6.15,None,None,None,None,None,-80000000,None,0.255,None,548600000,2025-10-30,annual,1.78,USD,post-market,297000000,391000000,0.0828,0.297,-0.41,29.16,165700000,44000000,25000000,148000000,88.91,155.36,12.6582,2073300000,1492200000,859000000,929000000,581000000,57100000,4341000000,1157000000,25.57,-11800000,188.77,28.72
2025-12-28,WDC,7.1,10126000000.0,25.57,None,1.886,17.22,1107000000,None,551000000,551000000,-1718000000,-1192000000,-1030000000,None,-22000000,None,None,-546000000,2200000,224000000,None,3513000000,3513000000,632000000,None,None,481000000,None,None,160000000,929000000,0.2,0.0011,90000000,90000000,None,-0.959,0.2,365000000,525000000,1.58,2022-06-30,23.75,None,4113000000.0,828000000,382000000,-13000000,32500000,32500000,None,3700000,None,205000000,None,None,19400000,None,None,1546000000,None,None,None,0.154,1880000000,462000000,366000000,120000000,215000000,None,None,None,None,None,None,None,0.911,10.43,6.15,None,None,None,None,None,-90000000,None,0.255,None,548600000,2025-10-30,annual,1.78,USD,post-market,297000000,391000000,0.0828,0.297,-0.41,29.16,165700000,44000000,25000000,148000000,88.91,155.36,12.6582,2073300000,1492200000,859000000,929000000,581000000,57100000,4341000000,1157000000,25.57,-11800000,188.77,28.72
2025-12-28,WDC,7.1,10126000000.0,25.57,None,1.886,17.22,1003000000,None,551000000,551000000,-817000000,-765000000,316000000,None,-546000000,None,None,121000000,2200000,224000000,None,3513000000,3513000000,632000000,None,None,481000000,None,None,160000000,1212000000,0.2,0.0011,22000000,22000000,None,-0.959,0.2,365000000,525000000,1.58,2021-06-30,23.75,None,4113000000.0,828000000,382000000,-13000000,32500000,32500000,None,3700000,None,205000000,None,None,19400000,None,None,821000000,None,None,None,0.154,1898000000,462000000,366000000,120000000,215000000,None,None,None,None,None,None,None,0.911,10.43,6.15,None,None,None,None,None,-56000000,None,0.255,None,548600000,2025-10-30,annual,1.78,USD,post-market,297000000,391000000,0.0828,0.297,-0.41,29.16,165700000,44000000,25000000,148000000,88.91,155.36,12.6582,2073300000,1492200000,859000000,929000000,581000000,57100000,4341000000,1157000000,25.57,-11800000,188.77,28.72
2025-12-28,WDC,7.1,10126000000.0,25.57,None,1.886,17.22,647000000,None,551000000,551000000,-1508000000,278000000,None,None,200000000,None,None,None,2200000,224000000,None,3513000000,3513000000,632000000,None,None,481000000,None,None,160000000,1566000000,0.2,0.0011,595000000,595000000,None,-0.959,0.2,365000000,525000000,1.58,2020-06-30,23.75,None,4113000000.0,828000000,382000000,-13000000,32500000,32500000,None,3700000,None,205000000,None,None,19400000,None,None,-250000000,None,None,None,0.154,824000000,462000000,366000000,120000000,215000000,None,None,None,None,None,None,None,0.911,10.43,6.15,None,None,None,None,None,-141000000,None,0.255,None,548600000,2025-10-30,annual,1.78,USD,post-market,297000000,391000000,0.0828,0.297,-0.41,29.16,165700000,44000000,25000000,148000000,88.91,155.36,12.6582,2073300000,1492200000,859000000,929000000,581000000,57100000,4341000000,1157000000,25.57,-11800000,188.77,28.72
2025-12-28,WDC,7.1,10126000000.0,25.57,None,1.886,17.22,757000000,None,551000000,551000000,-1829000000,-1272000000,-1554000000,None,-339000000,None,None,993000000,2200000,224000000,None,3513000000,3513000000,632000000,None,None,481000000,None,None,160000000,1812000000,0.2,0.0011,584000000,584000000,None,-0.959,0.2,365000000,525000000,1.58,2019-06-30,23.75,None,4113000000.0,828000000,382000000,-13000000,32500000,32500000,None,3700000,None,205000000,None,None,19400000,None,None,-754000000,None,None,None,0.154,1547000000,462000000,366000000,120000000,215000000,None,None,None,None,None,None,None,0.911,10.43,6.15,None,None,None,None,None,-563000000,None,0.255,None,548600000,2025-10-30,annual,1.78,USD,post-market,297000000,391000000,0.0828,0.297,-0.41,29.16,165700000,44000000,25000000,148000000,88.91,155.36,12.6582,2073300000,1492200000,859000000,929000000,581000000,57100000,4341000000,1157000000,25.57,-11800000,188.77,28.72
2025-12-28,WDC,7.1,10126000000.0,25.57,None,1.886,17.22,809000000,None,551000000,551000000,-3900000000,-1655000000,-1349000000,1000000,-598000000,None,None,-244000000,2200000,224000000,None,3513000000,3513000000,632000000,None,None,481000000,None,None,160000000,2056000000,0.2,0.0011,593000000,593000000,None,-0.959,0.2,365000000,525000000,1.58,2018-06-30,23.75,None,4113000000.0,828000000,382000000,-13000000,32500000,32500000,None,3700000,None,205000000,None,None,19400000,None,None,675000000,None,None,None,0.154,4205000000,462000000,366000000,120000000,215000000,None,None,None,None,None,None,None,0.911,10.43,6.15,None,None,None,None,None,-591000000,None,0.255,None,548600000,2025-10-30,annual,1.78,USD,post-market,297000000,391000000,0.0828,0.297,-0.41,29.16,165700000,44000000,25000000,148000000,88.91,155.36,12.6582,2073300000,1492200000,859000000,929000000,581000000,57100000,4341000000,1157000000,25.57,-11800000,188.77,28.72
2025-12-28,WDC,7.1,10126000000.0,25.57,None,1.886,17.22,557000000,None,551000000,551000000,-4595000000,-636000000,-1797000000,-3000000,-204000000,None,None,-487000000,2200000,224000000,None,3513000000,3513000000,632000000,None,None,481000000,None,None,160000000,2128000000,0.2,0.0011,574000000,574000000,None,-0.959,0.2,365000000,525000000,1.58,2017-06-30,23.75,None,4113000000.0,828000000,382000000,-13000000,32500000,32500000,None,3700000,None,205000000,None,None,19400000,None,None,397000000,None,None,None,0.154,3437000000,462000000,366000000,120000000,215000000,None,None,None,None,None,None,None,0.911,10.43,6.15,None,None,None,None,None,-124000000,None,0.255,None,548600000,2025-10-30,annual,1.78,USD,post-market,297000000,391000000,0.0828,0.297,-0.41,29.16,165700000,44000000,25000000,148000000,88.91,155.36,12.6582,2073300000,1492200000,859000000,929000000,581000000,57100000,4341000000,1157000000,25.57,-11800000,188.77,28.72
2025-12-28,WDC,7.1,10126000000.0,25.57,None,1.886,17.22,584000000,None,551000000,551000000,10751000000,-9608000000,3127000000,1000000,306000000,None,None,466000000,2200000,224000000,None,3513000000,3513000000,632000000,None,None,481000000,None,None,160000000,1154000000,0.2,0.0011,464000000,464000000,None,-0.959,0.2,365000000,525000000,1.58,2016-06-30,23.75,None,4113000000.0,828000000,382000000,-13000000,32500000,32500000,None,3700000,None,205000000,None,None,19400000,None,None,242000000,None,None,None,0.154,1983000000,462000000,366000000,120000000,215000000,None,None,None,None,None,None,None,0.911,10.43,6.15,None,None,None,None,None,-60000000,None,0.255,None,548600000,2025-10-30,annual,1.78,USD,post-market,297000000,391000000,0.0828,0.297,-0.41,29.16,165700000,44000000,25000000,148000000,88.91,155.36,12.6582,2073300000,1492200000,859000000,929000000,581000000,57100000,4341000000,1157000000,25.57,-11800000,188.77,28.72
2025-12-28,WDC,7.1,10126000000.0,25.57,None,1.886,17.22,612000000,None,551000000,551000000,-1069000000,-953000000,220000000,None,-143000000,None,None,458000000,2200000,224000000,None,3513000000,3513000000,632000000,None,None,481000000,None,None,160000000,1114000000,0.2,0.0011,396000000,396000000,None,-0.959,0.2,365000000,525000000,1.58,2015-06-30,23.75,None,4113000000.0,828000000,382000000,-13000000,32500000,32500000,None,3700000,None,205000000,None,None,19400000,None,None,1465000000,None,None,None,0.154,2242000000,462000000,366000000,120000000,215000000,None,None,None,None,None,None,None,0.911,10.43,6.15,None,None,None,None,None,-970000000,None,0.255,None,548600000,2025-10-30,annual,1.78,USD,post-market,297000000,391000000,0.0828,0.297,-0.41,29.16,165700000,44000000,25000000,148000000,88.91,155.36,12.6582,2073300000,1492200000,859000000,929000000,581000000,57100000,4341000000,1157000000,25.57,-11800000,188.77,28.72
2025-12-28,WDC,7.1,10126000000.0,25.57,None,1.886,17.22,628000000,None,551000000,551000000,-385000000,-1936000000,495000000,None,-4000000,None,None,-175000000,2200000,224000000,None,3513000000,3513000000,632000000,None,None,481000000,None,None,160000000,1244000000,0.2,0.0011,259000000,259000000,None,-0.959,0.2,365000000,525000000,1.58,2014-06-30,23.75,None,4113000000.0,828000000,382000000,-13000000,32500000,32500000,None,3700000,None,205000000,None,None,19400000,None,None,1617000000,None,None,None,0.154,2816000000,462000000,366000000,120000000,215000000,None,None,None,None,None,None,None,0.911,10.43,6.15,None,None,None,None,None,-816000000,None,0.255,None,548600000,2025-10-30,annual,1.78,USD,post-market,297000000,391000000,0.0828,0.297,-0.41,29.16,165700000,44000000,25000000,148000000,88.91,155.36,12.6582,2073300000,1492200000,859000000,929000000,581000000,57100000,4341000000,1157000000,25.57,-11800000,188.77,28.72
2025-12-28,WDC,7.1,10126000000.0,25.57,None,1.886,17.22,952000000,None,551000000,551000000,-1048000000,-970000000,1101000000,None,22000000,None,None,584000000,2200000,224000000,None,3513000000,3513000000,632000000,None,None,481000000,None,None,160000000,1233000000,0.2,0.0011,181000000,181000000,None,-0.959,0.2,365000000,525000000,1.58,2013-06-30,23.75,None,4113000000.0,828000000,382000000,-13000000,32500000,32500000,None,3700000,None,205000000,None,None,19400000,None,None,980000000,None,None,None,0.154,3119000000,462000000,366000000,120000000,215000000,None,None,None,None,None,None,None,0.911,10.43,6.15,None,None,None,None,None,-842000000,None,0.255,None,548600000,2025-10-30,annual,1.78,USD,post-market,297000000,391000000,0.0828,0.297,-0.41,29.16,165700000,44000000,25000000,148000000,88.91,155.36,12.6582,2073300000,1492200000,859000000,929000000,581000000,57100000,4341000000,1157000000,25.57,-11800000,188.77,28.72
2025-12-28,WDC,7.1,10126000000.0,25.57,None,1.886,17.22,717000000,None,551000000,551000000,819000000,-4167000000,-282000000,-1000000,88000000,None,None,162000000,2200000,224000000,None,3513000000,3513000000,632000000,None,None,481000000,None,None,160000000,825000000,0.2,0.0011,2775000000,2775000000,None,-0.959,0.2,365000000,525000000,1.58,2012-06-30,23.75,None,4113000000.0,828000000,382000000,-13000000,32500000,32500000,None,3700000,None,205000000,None,None,19400000,None,None,1612000000,None,None,None,0.154,3067000000,462000000,366000000,120000000,215000000,None,None,None,None,None,None,None,0.911,10.43,6.15,None,None,None,None,None,-604000000,None,0.255,None,548600000,2025-10-30,annual,1.78,USD,post-market,297000000,391000000,0.0828,0.297,-0.41,29.16,165700000,44000000,25000000,148000000,88.91,155.36,12.6582,2073300000,1492200000,859000000,929000000,581000000,57100000,4341000000,1157000000,25.57,-11800000,188.77,28.72
2025-12-28,WDC,7.1,10126000000.0,25.57,None,1.886,17.22,778000000,None,551000000,551000000,-106000000,-793000000,756000000,None,-17000000,None,None,50000000,2200000,224000000,None,3513000000,3513000000,632000000,None,None,481000000,None,None,160000000,602000000,0.2,0.0011,0,0,None,-0.959,0.2,365000000,525000000,1.58,2011-06-30,23.75,None,4113000000.0,828000000,382000000,-13000000,32500000,32500000,None,3700000,None,205000000,None,None,19400000,None,None,726000000,None,None,None,0.154,1655000000,462000000,366000000,120000000,215000000,None,None,None,None,None,None,None,0.911,10.43,6.15,None,None,None,None,None,-50000000,None,0.255,None,548600000,2025-10-30,annual,1.78,USD,post-market,297000000,391000000,0.0828,0.297,-0.41,29.16,165700000,44000000,25000000,148000000,88.91,155.36,12.6582,2073300000,1492200000,859000000,929000000,581000000,57100000,4341000000,1157000000,25.57,-11800000,188.77,28.72
2025-12-28,WDC,7.1,10126000000.0,25.57,None,1.886,17.22,737000000,None,551000000,551000000,-16000000,-986000000,940000000,None,-148000000,None,None,-330000000,2200000,224000000,None,3513000000,3513000000,632000000,None,None,481000000,None,None,160000000,510000000,0.2,0.0011,0,0,None,-0.959,0.2,365000000,525000000,1.58,2010-06-30,23.75,None,4113000000.0,828000000,382000000,-13000000,32500000,32500000,None,3700000,None,205000000,None,None,19400000,None,None,1382000000,None,None,None,0.154,1942000000,462000000,366000000,120000000,215000000,None,None,None,None,None,None,None,0.911,10.43,6.15,None,None,None,None,None,79000000,None,0.255,None,548600000,2025-10-30,annual,1.78,USD,post-market,297000000,391000000,0.0828,0.297,-0.41,29.16,165700000,44000000,25000000,148000000,88.91,155.36,12.6582,2073300000,1492200000,859000000,929000000,581000000,57100000,4341000000,1157000000,25.57,-11800000,188.77,28.72
2025-12-28,WDC,7.1,10126000000.0,25.57,None,1.886,17.22,519000000,None,551000000,551000000,-64000000,-551000000,None,None,88000000,None,None,None,2200000,224000000,None,3513000000,3513000000,632000000,None,None,481000000,None,None,160000000,479000000,0.2,0.0011,None,None,None,-0.959,0.2,365000000,525000000,1.58,2009-06-30,23.75,None,4113000000.0,828000000,382000000,-13000000,32500000,32500000,None,3700000,None,205000000,None,None,19400000,None,None,470000000,None,None,None,0.154,1305000000,462000000,366000000,120000000,215000000,None,None,None,None,None,None,None,0.911,10.43,6.15,None,None,None,None,None,-36000000,None,0.255,None,548600000,2025-10-30,annual,1.78,USD,post-market,297000000,391000000,0.0828,0.297,-0.41,29.16,165700000,44000000,25000000,148000000,88.91,155.36,12.6582,2073300000,1492200000,859000000,929000000,581000000,57100000,4341000000,1157000000,25.57,-11800000,188.77,28.72
2025-12-28,WDC,7.1,10126000000.0,25.57,None,1.886,17.22,615000000,None,551000000,551000000,326000000,-1321000000,None,None,8000000,None,None,None,2200000,224000000,None,3513000000,3513000000,632000000,None,None,481000000,None,None,160000000,413000000,0.2,0.0011,None,None,None,-0.959,0.2,365000000,525000000,1.58,2008-06-30,23.75,None,4113000000.0,828000000,382000000,-13000000,32500000,32500000,None,3700000,None,205000000,None,None,19400000,None,None,867000000,None,None,None,0.154,1399000000,462000000,366000000,120000000,215000000,None,None,None,None,None,None,None,0.911,10.43,6.15,None,None,None,None,None,-60000000,None,0.255,None,548600000,2025-10-30,annual,1.78,USD,post-market,297000000,391000000,0.0828,0.297,-0.41,29.16,165700000,44000000,25000000,148000000,88.91,155.36,12.6582,2073300000,1492200000,859000000,929000000,581000000,57100000,4341000000,1157000000,25.57,-11800000,188.77,28.72
2025-12-28,WDC,7.1,10126000000.0,25.57,None,1.886,17.22,324000000,None,551000000,551000000,-86000000,-383000000,None,None,-53000000,None,None,None,2200000,224000000,None,3513000000,3513000000,632000000,None,None,481000000,None,None,160000000,210000000,0.2,0.0011,None,None,None,-0.959,0.2,365000000,525000000,1.58,2007-06-30,23.75,None,4113000000.0,828000000,382000000,-13000000,32500000,32500000,None,3700000,None,205000000,None,None,19400000,None,None,564000000,None,None,None,0.154,618000000,462000000,366000000,120000000,215000000,None,None,None,None,None,None,None,0.911,10.43,6.15,None,None,None,None,None,-73000000,None,0.255,None,548600000,2025-10-30,annual,1.78,USD,post-market,297000000,391000000,0.0828,0.297,-0.41,29.16,165700000,44000000,25000000,148000000,88.91,155.36,12.6582,2073300000,1492200000,859000000,929000000,581000000,57100000,4341000000,1157000000,25.57,-11800000,188.77,28.72
2025-12-28,WDC,7.1,10126000000.0,25.57,None,1.886,17.22,301900000,None,551000000,551000000,700000,-336700000,None,None,-52200000,None,None,None,2200000,224000000,None,3513000000,3513000000,632000000,None,None,481000000,None,None,160000000,159800000,0.2,0.0011,None,None,None,-0.959,0.2,365000000,525000000,1.58,2006-06-30,23.75,None,4113000000.0,828000000,382000000,-13000000,32500000,32500000,None,3700000,None,205000000,None,None,19400000,None,None,395000000,None,None,None,0.154,401500000,462000000,366000000,120000000,215000000,None,None,None,None,None,None,None,0.911,10.43,6.15,None,None,None,None,None,-53500000,None,0.255,None,548600000,2025-10-30,annual,1.78,USD,post-market,297000000,391000000,0.0828,0.297,-0.41,29.16,165700000,44000000,25000000,148000000,88.91,155.36,12.6582,2073300000,1492200000,859000000,929000000,581000000,57100000,4341000000,1157000000,25.57,-11800000,188.77,28.72
