date,symbol,eps,revenue_ttm,pe_ratio,accumulateddepreciationamortizationppe,beta,book_value,capitalexpenditures,capitalleaseobligations,cashandcashequivalentsatcarryingvalue,cashandshortterminvestments,cashflowfromfinancing,cashflowfrominvestment,changeincashandcashequivalents,changeinexchangerate,changeininventory,changeinoperatingassets,changeinoperatingliabilities,changeinreceivables,commonstock,commonstocksharesoutstanding,comprehensiveincomenetoftax,costofgoodsandservicessold,costofrevenue,currentaccountspayable,currentdebt,currentlongtermdebt,currentnetreceivables,deferredrevenue,depreciation,depreciationandamortization,depreciationdepletionandamortization,dividend_per_share,dividend_yield,dividendpayout,dividendpayoutcommonstock,dividendpayoutpreferredstock,earnings_growth_yoy,earnings_surprise,ebit,ebitda,estimated_eps,fiscaldateending,forward_pe,goodwill,gross_profit_ttm,grossprofit,incomebeforetax,incometaxexpense,intangibleassets,intangibleassetsexcludinggoodwill,interestanddebtexpense,interestexpense,interestincome,inventory,investmentincomenet,investments,longtermdebt,longtermdebtnoncurrent,longterminvestments,netincome,netincomefromcontinuingoperations,netinterestincome,noninterestincome,operating_margin_ttm,operatingcashflow,operatingexpenses,operatingincome,othercurrentassets,othercurrentliabilities,othernoncurrentassets,othernoncurrentliabilities,othernonoperatingincome,paymentsforoperatingactivities,paymentsforrepurchaseofcommonstock,paymentsforrepurchaseofequity,paymentsforrepurchaseofpreferredstock,peg_ratio,price_to_book,price_to_sales_ttm,proceedsfromissuanceofcommonstock,proceedsfromissuanceoflongtermdebtandcapitalsecuritiesnet,proceedsfromissuanceofpreferredstock,proceedsfromoperatingactivities,proceedsfromrepaymentsofshorttermdebt,proceedsfromrepurchaseofequity,proceedsfromsaleoftreasurystock,profit_margin,profitloss,propertyplantequipment,report_date,report_type,reported_eps,reportedcurrency,reporttime,researchanddevelopment,retainedearnings,return_on_assets_ttm,return_on_equity_ttm,revenue_growth_yoy,revenue_per_share_ttm,sellinggeneralandadministrative,shortlongtermdebttotal,shorttermdebt,shortterminvestments,sma_200,sma_50,surprise_pct,totalassets,totalcurrentassets,totalcurrentliabilities,totalliabilities,totalnoncurrentassets,totalnoncurrentliabilities,totalrevenue,totalshareholderequity,trailing_pe,treasurystock,week_52_high,week_52_low
1996-03-31,WEC,,,,,,,,,,,,,,,,,,,,,,,,,,,,,,,,,,,,,,-0.02,,,0.3,,,,,,,,,,,,,,,,,,,,,,,,,,,,,,,,,,,,,,,,,,,,,,,,,1996-04-24,,0.28,,pre-market,,,,,,,,,,,,,-6.6667,,,,,,,,,,,,
1996-06-30,WEC,,,,,,,,,,,,,,,,,,,,,,,,,,,,,,,,,,,,,,-0.01,,,0.22,,,,,,,,,,,,,,,,,,,,,,,,,,,,,,,,,,,,,,,,,,,,,,,,,1996-07-24,,0.21,,pre-market,,,,,,,,,,,,,-4.5455,,,,,,,,,,,,
1996-09-30,WEC,,,,,,,,,,,,,,,,,,,,,,,,,,,,,,,,,,,,,,-0.01,,,0.25,,,,,,,,,,,,,,,,,,,,,,,,,,,,,,,,,,,,,,,,,,,,,,,,,1996-10-30,,0.24,,pre-market,,,,,,,,,,,,,-4.0,,,,,,,,,,,,
1996-12-31,WEC,,,,,,,,,,,,,,,,,,,,,,,,,,,,,,,,,,,,,,-0.02,,,0.28,,,,,,,,,,,,,,,,,,,,,,,,,,,,,,,,,,,,,,,,,,,,,,,,,1997-01-29,,0.26,,pre-market,,,,,,,,,,,,,-7.1429,,,,,,,,,,,,
1997-03-31,WEC,,,,,,,,,,,,,,,,,,,,,,,,,,,,,,,,,,,,,,-0.08,,,0.28,,,,,,,,,,,,,,,,,,,,,,,,,,,,,,,,,,,,,,,,,,,,,,,,,1997-04-30,,0.2,,pre-market,,,,,,,,,,,,,-28.5714,,,,,,,,,,,,
1997-06-30,WEC,,,,,,,,,,,,,,,,,,,,,,,,,,,,,,,,,,,,,,0.05,,,0.08,,,,,,,,,,,,,,,,,,,,,,,,,,,,,,,,,,,,,,,,,,,,,,,,,1997-07-30,,0.13,,pre-market,,,,,,,,,,,,,62.5,,,,,,,,,,,,
1997-09-30,WEC,,,,,,,,,,,,,,,,,,,,,,,,,,,,,,,,,,,,,,-0.08,,,0.19,,,,,,,,,,,,,,,,,,,,,,,,,,,,,,,,,,,,,,,,,,,,,,,,,1997-10-22,,0.11,,pre-market,,,,,,,,,,,,,-42.1053,,,,,,,,,,,,
1997-12-31,WEC,,,,,,,,,,,,,,,,,,,,,,,,,,,,,,,,,,,,,,-0.17,,,0.26,,,,,,,,,,,,,,,,,,,,,,,,,,,,,,,,,,,,,,,,,,,,,,,,,1998-01-29,,0.09,,pre-market,,,,,,,,,,,,,-65.3846,,,,,,,,,,,,
1998-03-31,WEC,,,,,,,,,,,,,,,,,,,,,,,,,,,,,,,,,,,,,,0.0,,,0.22,,,,,,,,,,,,,,,,,,,,,,,,,,,,,,,,,,,,,,,,,,,,,,,,,1998-04-27,,0.22,,pre-market,,,,,,,,,,,,,0.0,,,,,,,,,,,,
1998-06-30,WEC,,,,,,,,,,,,,,,,,,,,,,,,,,,,,,,,,,,,,,-0.01,,,0.14,,,,,,,,,,,,,,,,,,,,,,,,,,,,,,,,,,,,,,,,,,,,,,,,,1998-07-29,,0.13,,pre-market,,,,,,,,,,,,,-7.1429,,,,,,,,,,,,
1998-09-30,WEC,,,,,,,,,,,,,,,,,,,,,,,,,,,,,,,,,,,,,,-0.03,,,0.28,,,,,,,,,,,,,,,,,,,,,,,,,,,,,,,,,,,,,,,,,,,,,,,,,1998-10-28,,0.25,,pre-market,,,,,,,,,,,,,-10.7143,,,,,,,,,,,,
1998-12-31,WEC,,,,,,,,,,,,,,,,,,,,,,,,,,,,,,,,,,,,,,-0.05,,,0.28,,,,,,,,,,,,,,,,,,,,,,,,,,,,,,,,,,,,,,,,,,,,,,,,,1999-01-28,,0.23,,pre-market,,,,,,,,,,,,,-17.8571,,,,,,,,,,,,
1999-03-31,WEC,,,,,,,,,,,,,,,,,,,,,,,,,,,,,,,,,,,,,,-0.02,,,0.25,,,,,,,,,,,,,,,,,,,,,,,,,,,,,,,,,,,,,,,,,,,,,,,,,1999-04-27,,0.23,,pre-market,,,,,,,,,,,,,-8.0,,,,,,,,,,,,
1999-06-30,WEC,,,,,,,,,,,,,,,,,,,,,,,,,,,,,,,,,,,,,,0.02,,,0.19,,,,,,,,,,,,,,,,,,,,,,,,,,,,,,,,,,,,,,,,,,,,,,,,,1999-07-28,,0.21,,pre-market,,,,,,,,,,,,,10.5263,,,,,,,,,,,,
1999-09-30,WEC,,,,,,,,,,,,,,,,,,,,,,,,,,,,,,,,,,,,,,0.02,,,0.28,,,,,,,,,,,,,,,,,,,,,,,,,,,,,,,,,,,,,,,,,,,,,,,,,1999-10-22,,0.3,,pre-market,,,,,,,,,,,,,7.1429,,,,,,,,,,,,
1999-12-31,WEC,,,,,,,,,,,,,,,,,,,,,,,,,,,,,,,,,,,,,,-0.05,,,0.26,,,,,,,,,,,,,,,,,,,,,,,,,,,,,,,,,,,,,,,,,,,,,,,,,2000-01-25,,0.21,,pre-market,,,,,,,,,,,,,-19.2308,,,,,,,,,,,,
2000-03-31,WEC,,,,,,,,,,,,,,,,,,,,,,,,,,,,,,,,,,,,,,-0.03,,,0.24,,,,,,,,,,,,,,,,,,,,,,,,,,,,,,,,,,,,,,,,,,,,,,,,,2000-04-26,,0.21,,pre-market,,,,,,,,,,,,,-12.5,,,,,,,,,,,,
2000-06-30,WEC,,,,,,,,,,,,,,,,,,,,,,,,,,,,,,,,,,,,,,-0.03,,,0.19,,,,,,,,,,,,,,,,,,,,,,,,,,,,,,,,,,,,,,,,,,,,,,,,,2000-07-28,,0.16,,pre-market,,,,,,,,,,,,,-15.7895,,,,,,,,,,,,
2000-09-30,WEC,,,,,,,,,,,,,,,,,,,,,,,,,,,,,,,,,,,,,,-0.07,,,0.33,,,,,,,,,,,,,,,,,,,,,,,,,,,,,,,,,,,,,,,,,,,,,,,,,2000-10-25,,0.26,,pre-market,,,,,,,,,,,,,-21.2121,,,,,,,,,,,,
2000-12-31,WEC,,,,,,,,,,,,,,,,,,,,,,,,,,,,,,,,,,,,,,0.02,,,0.22,,,,,,,,,,,,,,,,,,,,,,,,,,,,,,,,,,,,,,,,,,,,,,,,,2001-02-06,,0.24,,pre-market,,,,,,,,,,,,,9.0909,,,,,,,,,,,,
2001-03-31,WEC,,,,,,,,,,,,,,,,,,,,,,,,,,,,,,,,,,,,,,0.04,,,0.29,,,,,,,,,,,,,,,,,,,,,,,,,,,,,,,,,,,,,,,,,,,,,,,,,2001-05-01,,0.33,,pre-market,,,,,,,,,,,,,13.7931,,,,,,,,,,,,
2001-06-30,WEC,,,,,,,,,,,,,,,,,,,,,,,,,,,,,,,,,,,,,,0.0,,,0.13,,,,,,,,,,,,,,,,,,,,,,,,,,,,,,,,,,,,,,,,,,,,,,,,,2001-07-26,,0.13,,pre-market,,,,,,,,,,,,,0.0,,,,,,,,,,,,
2001-09-30,WEC,,,,,,,,,,,,,,,,,,,,,,,,,,,,,,,,,,,,,,0.03,,,0.24,,,,,,,,,,,,,,,,,,,,,,,,,,,,,,,,,,,,,,,,,,,,,,,,,2001-10-25,,0.27,,pre-market,,,,,,,,,,,,,12.5,,,,,,,,,,,,
2001-12-31,WEC,,,,,,,,,,,,,,,,,,,,,,,,,,,,,,,,,,,,,,0.0,,,0.27,,,,,,,,,,,,,,,,,,,,,,,,,,,,,,,,,,,,,,,,,,,,,,,,,2002-02-06,,0.27,,pre-market,,,,,,,,,,,,,0.0,,,,,,,,,,,,
2002-03-31,WEC,,,,,,,,,,,,,,,,,,,,,,,,,,,,,,,,,,,,,,0.01,,,0.33,,,,,,,,,,,,,,,,,,,,,,,,,,,,,,,,,,,,,,,,,,,,,,,,,2002-04-30,,0.34,,pre-market,,,,,,,,,,,,,3.0303,,,,,,,,,,,,
2002-06-30,WEC,,,,,,,,,,,,,,,,,,,,,,,,,,,,,,,,,,,,,,0.04,,,0.15,,,,,,,,,,,,,,,,,,,,,,,,,,,,,,,,,,,,,,,,,,,,,,,,,2002-07-26,,0.19,,pre-market,,,,,,,,,,,,,26.6667,,,,,,,,,,,,
2002-09-30,WEC,,,,,,,,,,,,,,,,,,,,,,,,,,,,,,,,,,,,,,0.01,,,0.24,,,,,,,,,,,,,,,,,,,,,,,,,,,,,,,,,,,,,,,,,,,,,,,,,2002-10-25,,0.25,,pre-market,,,,,,,,,,,,,4.1667,,,,,,,,,,,,
2002-12-31,WEC,,,,,,,,,,,,,,,,,,,,,,,,,,,,,,,,,,,,,,-0.03,,,0.35,,,,,,,,,,,,,,,,,,,,,,,,,,,,,,,,,,,,,,,,,,,,,,,,,2003-02-10,,0.32,,pre-market,,,,,,,,,,,,,-8.5714,,,,,,,,,,,,
2003-03-31,WEC,,,,,,,,,,,,,,,,,,,,,,,,,,,,,,,,,,,,,,0.04,,,0.36,,,,,,,,,,,,,,,,,,,,,,,,,,,,,,,,,,,,,,,,,,,,,,,,,2003-04-30,,0.4,,pre-market,,,,,,,,,,,,,11.1111,,,,,,,,,,,,
2003-06-30,WEC,,,,,,,,,,,,,,,,,,,,,,,,,,,,,,,,,,,,,,0.04,,,0.17,,,,,,,,,,,,,,,,,,,,,,,,,,,,,,,,,,,,,,,,,,,,,,,,,2003-07-31,,0.21,,pre-market,,,,,,,,,,,,,23.5294,,,,,,,,,,,,
2003-09-30,WEC,,,,,,,,,,,,,,,,,,,,,,,,,,,,,,,,,,,,,,0.03,,,0.21,,,,,,,,,,,,,,,,,,,,,,,,,,,,,,,,,,,,,,,,,,,,,,,,,2003-10-23,,0.24,,pre-market,,,,,,,,,,,,,14.2857,,,,,,,,,,,,
2003-12-31,WEC,,,,,,,,,,,,,,,,,,,,,,,,,,,,,,,,,,,,,,0.01,,,0.31,,,,,,,,,,,,,,,,,,,,,,,,,,,,,,,,,,,,,,,,,,,,,,,,,2004-02-11,,0.32,,pre-market,,,,,,,,,,,,,3.2258,,,,,,,,,,,,
2004-03-31,WEC,,,,,,,,,,,,,,,,,,,,,,,,,,,,,,,,,,,,,,0.0,,,0.38,,,,,,,,,,,,,,,,,,,,,,,,,,,,,,,,,,,,,,,,,,,,,,,,,2004-05-03,,0.38,,pre-market,,,,,,,,,,,,,0.0,,,,,,,,,,,,
2004-06-30,WEC,,,,,,,,,,,,,,,,,,,,,,,,,,,,,,,,,,,,,,0.03,,,0.13,,,,,,,,,,,,,,,,,,,,,,,,,,,,,,,,,,,,,,,,,,,,,,,,,2004-08-05,,0.16,,pre-market,,,,,,,,,,,,,23.0769,,,,,,,,,,,,
2004-09-30,WEC,,,,,,,,,,,,,,,,,,,,,,,,,,,,,,,,,,,,,,0.01,,,0.22,,,,,,,,,,,,,,,,,,,,,,,,,,,,,,,,,,,,,,,,,,,,,,,,,2004-11-02,,0.23,,pre-market,,,,,,,,,,,,,4.5455,,,,,,,,,,,,
2004-12-31,WEC,,,,,,,,,,,,,,,,,,,,,,,,,,,,,,,,,,,,,,0.01,,,0.39,,,,,,,,,,,,,,,,,,,,,,,,,,,,,,,,,,,,,,,,,,,,,,,,,2005-02-10,,0.4,,pre-market,,,,,,,,,,,,,2.5641,,,,,,,,,,,,
2005-03-31,WEC,,,,,,,,,,,,,,,,,,,,,,,,,,,,,,,,,,,,,,0.02,,,0.36,,,,,,,,,,,,,,,,,,,,,,,,,,,,,,,,,,,,,,,,,,,,,,,,,2005-04-28,,0.38,,pre-market,,,,,,,,,,,,,5.5556,,,,,,,,,,,,
2005-06-30,WEC,,,,,,,,,,,,,,,,,,,,,,,,,,,,,,,,,,,,,,0.05,,,0.12,,,,,,,,,,,,,,,,,,,,,,,,,,,,,,,,,,,,,,,,,,,,,,,,,2005-07-27,,0.17,,pre-market,,,,,,,,,,,,,41.6667,,,,,,,,,,,,
2005-09-30,WEC,,,,,,,,,,,,,,,,,,,,,,,,,,,,,,,,,,,,,,0.01,,,0.27,,,,,,,,,,,,,,,,,,,,,,,,,,,,,,,,,,,,,,,,,,,,,,,,,2005-10-26,,0.28,,pre-market,,,,,,,,,,,,,3.7037,,,,,,,,,,,,
2005-12-31,WEC,,,,,,,,,,,,,,,,,,,,,,,,,,,,,,,,,,,,,,0.04,,,0.35,,,,,,,,,,,,,,,,,,,,,,,,,,,,,,,,,,,,,,,,,,,,,,,,,2006-02-08,,0.39,,pre-market,,,,,,,,,,,,,11.4286,,,,,,,,,,,,
2006-03-31,WEC,,,,,,,,,,,,,,,,,,,,,,,,,,,,,,,,,,,,,,0.06,,,0.38,,,,,,,,,,,,,,,,,,,,,,,,,,,,,,,,,,,,,,,,,,,,,,,,,2006-05-01,,0.44,,pre-market,,,,,,,,,,,,,15.7895,,,,,,,,,,,,
2006-06-30,WEC,,,,,,,,,,,,,,,,,,,,,,,,,,,,,,,,,,,,,,0.02,,,0.23,,,,,,,,,,,,,,,,,,,,,,,,,,,,,,,,,,,,,,,,,,,,,,,,,2006-08-01,,0.25,,pre-market,,,,,,,,,,,,,8.6957,,,,,,,,,,,,
2006-09-30,WEC,,,,,,,,,,,,,,,,,,,,,,,,,,,,,,,,,,,,,,0.02,,,0.28,,,,,,,,,,,,,,,,,,,,,,,,,,,,,,,,,,,,,,,,,,,,,,,,,2006-10-26,,0.3,,pre-market,,,,,,,,,,,,,7.1429,,,,,,,,,,,,
2006-12-31,WEC,,,,,,,,,,,,,,,,,,,,,,,,,,,,,,,,,,,,,,0.0,,,0.3,,,,,,,,,,,,,,,,,,,,,,,,,,,,,,,,,,,,,,,,,,,,,,,,,2007-02-07,,0.3,,pre-market,,,,,,,,,,,,,0.0,,,,,,,,,,,,
2007-03-31,WEC,,,,,,,,,,,,,,,,,,,,,,,,,,,,,,,,,,,,,,0.03,,,0.4,,,,,,,,,,,,,,,,,,,,,,,,,,,,,,,,,,,,,,,,,,,,,,,,,2007-05-01,,0.43,,pre-market,,,,,,,,,,,,,7.5,,,,,,,,,,,,
2007-06-30,WEC,,,,,,,,,,,,,,,,,,,,,,,,,,,,,,,,,,,,,,0.07,,,0.18,,,,,,,,,,,,,,,,,,,,,,,,,,,,,,,,,,,,,,,,,,,,,,,,,2007-07-31,,0.25,,pre-market,,,,,,,,,,,,,38.8889,,,,,,,,,,,,
2007-09-30,WEC,,,,,,,,,,,,,,,,,,,,,,,,,,,,,,,,,,,,,,0.01,,,0.34,,,,,,,,,,,,,,,,,,,,,,,,,,,,,,,,,,,,,,,,,,,,,,,,,2007-10-30,,0.35,,pre-market,,,,,,,,,,,,,2.9412,,,,,,,,,,,,
2007-12-31,WEC,,,,,,,,,,,,,,,,,,,,,,,,,,,,,,,,,,,,,,0.05,,,0.35,,,,,,,,,,,,,,,,,,,,,,,,,,,,,,,,,,,,,,,,,,,,,,,,,2008-02-05,,0.4,,pre-market,,,,,,,,,,,,,14.2857,,,,,,,,,,,,
2008-03-31,WEC,,,,,,,,,,,,,,,,,,,,,,,,,,,,,,,,,,,,,,0.09,,,0.43,,,,,,,,,,,,,,,,,,,,,,,,,,,,,,,,,,,,,,,,,,,,,,,,,2008-04-29,,0.52,,pre-market,,,,,,,,,,,,,20.9302,,,,,,,,,,,,
2008-06-30,WEC,,,,,,,,,,,,,,,,,,,,,,,,,,,,,,,,,,,,,,0.01,,,0.24,,,,,,,,,,,,,,,,,,,,,,,,,,,,,,,,,,,,,,,,,,,,,,,,,2008-07-31,,0.25,,pre-market,,,,,,,,,,,,,4.1667,,,,,,,,,,,,
2008-09-30,WEC,,,,,,,,,,,,,,,,,,,,,,,,,,,,,,,,,,,,,,0.05,,,0.28,,,,,,,,,,,,,,,,,,,,,,,,,,,,,,,,,,,,,,,,,,,,,,,,,2008-10-29,,0.33,,pre-market,,,,,,,,,,,,,17.8571,,,,,,,,,,,,
2008-12-31,WEC,,,,,,,,,,,,,,,,,,,,,,,,,,,,,,,,,,,,,,0.07,,,0.36,,,,,,,,,,,,,,,,,,,,,,,,,,,,,,,,,,,,,,,,,,,,,,,,,2009-02-03,,0.43,,pre-market,,,,,,,,,,,,,19.4444,,,,,,,,,,,,
2009-03-31,WEC,,,,,,,,,,,,,,,,,,,,,,,,,,,,,,,,,,,,,,0.09,,,0.51,,,,,,,,,,,,,,,,,,,,,,,,,,,,,,,,,,,,,,,,,,,,,,,,,2009-05-05,,0.6,,pre-market,,,,,,,,,,,,,17.6471,,,,,,,,,,,,
2009-06-30,WEC,,,,,,,,,,,,,,,,,,,,,,,,,,,,,,,,,,,,,,0.06,,,0.21,,,,,,,,,,,,,,,,,,,,,,,,,,,,,,,,,,,,,,,,,,,,,,,,,2009-07-30,,0.27,,pre-market,,,,,,,,,,,,,28.5714,,,,,,,,,,,,
2009-09-30,WEC,,,,,,,,,,,,,,,,,,,,,,,,,,,,,,,,,,,,,,-0.01,,,0.26,,,,,,,,,,,,,,,,,,,,,,,,,,,,,,,,,,,,,,,,,,,,,,,,,2009-10-29,,0.25,,pre-market,,,,,,,,,,,,,-3.8462,,,,,,,,,,,,
2009-12-31,WEC,,,,,,,,,,,,,,,,,,,,,,,,,,,,,,,,,,,,,,0.03,,,0.45,,,,,,,,,,,,,,,,,,,,,,,,,,,,,,,,,,,,,,,,,,,,,,,,,2010-02-02,,0.48,,pre-market,,,,,,,,,,,,,6.6667,,,,,,,,,,,,
2010-03-31,WEC,,,,,,,,,,,,,,,,,,,,,,,,,,,,,,,,,,,,,,0.04,,,0.51,,,,,,,,,,,,,,,,,,,,,,,,,,,,,,,,,,,,,,,,,,,,,,,,,2010-05-04,,0.55,,pre-market,,,,,,,,,,,,,7.8431,,,,,,,,,,,,
2010-06-30,WEC,,,,,,,,,,,,,,,,,,,,,,,,,,,,,,,,,,,,,,0.03,,,0.34,,,,,,,,,,,,,,,,,,,,,,,,,,,,,,,,,,,,,,,,,,,,,,,,,2010-07-29,,0.37,,pre-market,,,,,,,,,,,,,8.8235,,,,,,,,,,,,
2010-09-30,WEC,,,,,,,,,,,,,,,,,,,,,,,,,,,,,,,,,,,,,,0.05,,,0.43,,,,,,,,,,,,,,,,,,,,,,,,,,,,,,,,,,,,,,,,,,,,,,,,,2010-10-26,,0.48,,pre-market,,,,,,,,,,,,,11.6279,,,,,,,,,,,,
2010-12-31,WEC,,,,,,,,,,,,,,,,,,,,,,,,,,,,,,,,,,,,,,0.02,,,0.51,,,,,,,,,,,,,,,,,,,,,,,,,,,,,,,,,,,,,,,,,,,,,,,,,2011-02-01,,0.53,,pre-market,,,,,,,,,,,,,3.9216,,,,,,,,,,,,
2011-03-31,WEC,,,,,,,,,,,,,,,,,,,,,,,,,,,,,,,,,,,,,,0.06,,,0.66,,,,,,,,,,,,,,,,,,,,,,,,,,,,,,,,,,,,,,,,,,,,,,,,,2011-05-03,,0.72,,pre-market,,,,,,,,,,,,,9.0909,,,,,,,,,,,,
2011-06-30,WEC,,,,,,,,,,,,,,,,,,,,,,,,,,,,,,,,,,,,,,0.02,,,0.39,,,,,,,,,,,,,,,,,,,,,,,,,,,,,,,,,,,,,,,,,,,,,,,,,2011-07-28,,0.41,,pre-market,,,,,,,,,,,,,5.1282,,,,,,,,,,,,
2011-09-30,WEC,,,,,,,,,,,,,,,,,,,,,,,,,,,,,,,,,,,,,,0.06,,,0.49,,,,,,,,,,,,,,,,,,,,,,,,,,,,,,,,,,,,,,,,,,,,,,,,,2011-10-27,,0.55,,pre-market,,,,,,,,,,,,,12.2449,,,,,,,,,,,,
2011-12-31,WEC,,,,,,,,,,,,,,,,,,,,,,,,,,,,,,,,,,,,,,0.01,,,0.48,,,,,,,,,,,,,,,,,,,,,,,,,,,,,,,,,,,,,,,,,,,,,,,,,2012-02-02,,0.49,,pre-market,,,,,,,,,,,,,2.0833,,,,,,,,,,,,
2012-03-31,WEC,,,,,,,,,,,,,,,,,,,,,,,,,,,,,,,,,,,,,,0.01,,,0.73,,,,,,,,,,,,,,,,,,,,,,,,,,,,,,,,,,,,,,,,,,,,,,,,,2012-05-01,,0.74,,pre-market,,,,,,,,,,,,,1.3699,,,,,,,,,,,,
2012-06-30,WEC,,,,,,,,,,,,,,,,,,,,,,,,,,,,,,,,,,,,,,0.07,,,0.44,,,,,,,,,,,,,,,,,,,,,,,,,,,,,,,,,,,,,,,,,,,,,,,,,2012-08-01,,0.51,,pre-market,,,,,,,,,,,,,15.9091,,,,,,,,,,,,
2012-09-30,WEC,,,,,,,,,,,,,,,,,,,,,,,,,,,,,,,,,,,,,,0.1,,,0.57,,,,,,,,,,,,,,,,,,,,,,,,,,,,,,,,,,,,,,,,,,,,,,,,,2012-10-31,,0.67,,pre-market,,,,,,,,,,,,,17.5439,,,,,,,,,,,,
2012-12-31,WEC,,,,,,,,,,,,,,,,,,,,,,,,,,,,,,,,,,,,,,0.02,,,0.41,,,,,,,,,,,,,,,,,,,,,,,,,,,,,,,,,,,,,,,,,,,,,,,,,2013-01-30,,0.43,,pre-market,,,,,,,,,,,,,4.878,,,,,,,,,,,,
2013-03-31,WEC,,,,,,,,,,,,,,,,,,,,,,,,,,,,,,,,,,,,,,0.05,,,0.71,,,,,,,,,,,,,,,,,,,,,,,,,,,,,,,,,,,,,,,,,,,,,,,,,2013-04-30,,0.76,,pre-market,,,,,,,,,,,,,7.0423,,,,,,,,,,,,
2013-06-30,WEC,,,,,,,,,,,,,,,,,,,,,,,,,,,,,,,,,,,,,,0.06,,,0.46,,,,,,,,,,,,,,,,,,,,,,,,,,,,,,,,,,,,,,,,,,,,,,,,,2013-07-31,,0.52,,pre-market,,,,,,,,,,,,,13.0435,,,,,,,,,,,,
2013-09-30,WEC,,,,,,,,,,,,,,,,,,,,,,,,,,,,,,,,,,,,,,0.04,,,0.56,,,,,,,,,,,,,,,,,,,,,,,,,,,,,,,,,,,,,,,,,,,,,,,,,2013-10-30,,0.6,,pre-market,,,,,,,,,,,,,7.1429,,,,,,,,,,,,
2013-12-31,WEC,,,,,,,,,,,,,,,,,,,,,,,,,,,,,,,,,,,,,,0.04,,,0.59,,,,,,,,,,,,,,,,,,,,,,,,,,,,,,,,,,,,,,,,,,,,,,,,,2014-02-06,,0.63,,pre-market,,,,,,,,,,,,,6.7797,,,,,,,,,,,,
2014-03-31,WEC,,,,,,,,,,,,,,,,,,,,,,,,,,,,,,,,,,,,,,0.07,,,0.84,,,,,,,,,,,,,,,,,,,,,,,,,,,,,,,,,,,,,,,,,,,,,,,,,2014-04-30,,0.91,,pre-market,,,,,,,,,,,,,8.3333,,,,,,,,,,,,
2014-06-30,WEC,,,,,,,,,,,,,,,,,,,,,,,,,,,,,,,,,,,,,,0.06,,,0.52,,,,,,,,,,,,,,,,,,,,,,,,,,,,,,,,,,,,,,,,,,,,,,,,,2014-07-30,,0.58,,pre-market,,,,,,,,,,,,,11.5385,,,,,,,,,,,,
2014-09-30,WEC,,,,,,,,,,,,,,,,,,,,,,,,,,,,,,,,,,,,,,0.04,,,0.52,,,,,,,,,,,,,,,,,,,,,,,,,,,,,,,,,,,,,,,,,,,,,,,,,2014-10-29,,0.56,,pre-market,,,,,,,,,,,,,7.6923,,,,,,,,,,,,
2014-12-31,WEC,,,,,,,,,,,,,,,,,,,,,,,,,,,,,,,,,,,,,,-0.03,,,0.56,,,,,,,,,,,,,,,,,,,,,,,,,,,,,,,,,,,,,,,,,,,,,,,,,2015-02-11,,0.53,,pre-market,,,,,,,,,,,,,-5.3571,,,,,,,,,,,,
2015-03-31,WEC,,,,,,,,,,,,,,,,,,,,,,,,,,,,,,,,,,,,,,0.03,,,0.83,,,,,,,,,,,,,,,,,,,,,,,,,,,,,,,,,,,,,,,,,,,,,,,,,2015-05-05,,0.86,,pre-market,,,,,,,,,,,,,3.6145,,,,,,,,,,,,
2015-06-30,WEC,,,,,,,,,,,,,,,,,,,,,,,,,,,,,,,,,,,,,,0.04,,,0.55,,,,,,,,,,,,,,,,,,,,,,,,,,,,,,,,,,,,,,,,,,,,,,,,,2015-07-29,,0.59,,pre-market,,,,,,,,,,,,,7.2727,,,,,,,,,,,,
2015-09-30,WEC,,,,,,,,,,,,,,,,,,,,,,,,,,,,,,,,,,,,,,0.02,,,0.59,,,,,,,,,,,,,,,,,,,,,,,,,,,,,,,,,,,,,,,,,,,,,,,,,2015-11-04,,0.61,,pre-market,,,,,,,,,,,,,3.3898,,,,,,,,,,,,
2015-12-31,WEC,,,,,,,,,,,,,,,,,,,,,,,,,,,,,,,,,,,,,,-0.01,,,0.64,,,,,,,,,,,,,,,,,,,,,,,,,,,,,,,,,,,,,,,,,,,,,,,,,2016-02-04,,0.63,,pre-market,,,,,,,,,,,,,-1.5625,,,,,,,,,,,,
2016-03-31,WEC,,,,,,,,,,,,,,,,,,,,,,,,,,,,,,,,,,,,,,0.08,,,1.01,,,,,,,,,,,,,,,,,,,,,,,,,,,,,,,,,,,,,,,,,,,,,,,,,2016-05-03,,1.09,,pre-market,,,,,,,,,,,,,7.9208,,,,,,,,,,,,
2016-06-30,WEC,,,,,,,,,,,,,,,,,,,,,,,,,,,,,,,,,,,,,,0.01,,,0.56,,,,,,,,,,,,,,,,,,,,,,,,,,,,,,,,,,,,,,,,,,,,,,,,,2016-07-27,,0.57,,pre-market,,,,,,,,,,,,,1.7857,,,,,,,,,,,,
2016-09-30,WEC,,,,,,,,,,,,,,,,,,,,,,,,,,,,,,,,,,,,,,0.08,,,0.61,,,,,,,,,,,,,,,,,,,,,,,,,,,,,,,,,,,,,,,,,,,,,,,,,2016-10-26,,0.69,,pre-market,,,,,,,,,,,,,13.1148,,,,,,,,,,,,
2016-12-31,WEC,,,,,,,,,,,,,,,,,,,,,,,,,,,,,,,,,,,,,,0.0,,,0.61,,,,,,,,,,,,,,,,,,,,,,,,,,,,,,,,,,,,,,,,,,,,,,,,,2017-02-01,,0.61,,pre-market,,,,,,,,,,,,,0.0,,,,,,,,,,,,
2017-03-31,WEC,,,,,,,,,,,,,,,,,,,,,,,,,,,,,,,,,,,,,,0.06,,,1.06,,,,,,,,,,,,,,,,,,,,,,,,,,,,,,,,,,,,,,,,,,,,,,,,,2017-05-02,,1.12,,pre-market,,,,,,,,,,,,,5.6604,,,,,,,,,,,,
2017-06-30,WEC,,,,,,,,,,,,,,,,,,,,,,,,,,,,,,,,,,,,,,0.05,,,0.58,,,,,,,,,,,,,,,,,,,,,,,,,,,,,,,,,,,,,,,,,,,,,,,,,2017-07-26,,0.63,,pre-market,,,,,,,,,,,,,8.6207,,,,,,,,,,,,
2017-09-30,WEC,,,,,,,,,,,,,,,,,,,,,,,,,,,,,,,,,,,,,,0.01,,,0.67,,,,,,,,,,,,,,,,,,,,,,,,,,,,,,,,,,,,,,,,,,,,,,,,,2017-10-26,,0.68,,pre-market,,,,,,,,,,,,,1.4925,,,,,,,,,,,,
2017-12-31,WEC,,,,,,,,,,,,,,,,,,,,,,,,,,,,,,,,,,,,,,0.03,,,0.68,,,,,,,,,,,,,,,,,,,,,,,,,,,,,,,,,,,,,,,,,,,,,,,,,2018-01-31,,0.71,,pre-market,,,,,,,,,,,,,4.4118,,,,,,,,,,,,
2018-03-31,WEC,,,,,,,,,,,,,,,,,,,,,,,,,,,,,,,,,,,,,,0.06,,,1.17,,,,,,,,,,,,,,,,,,,,,,,,,,,,,,,,,,,,,,,,,,,,,,,,,2018-05-01,,1.23,,pre-market,,,,,,,,,,,,,5.1282,,,,,,,,,,,,
2018-06-30,WEC,,,,,,,,,,,,,,,,,,,,,,,,,,,,,,,,,,,,,,0.06,,,0.67,,,,,,,,,,,,,,,,,,,,,,,,,,,,,,,,,,,,,,,,,,,,,,,,,2018-07-31,,0.73,,pre-market,,,,,,,,,,,,,8.9552,,,,,,,,,,,,
2018-09-30,WEC,,,,,,,,,,,,,,,,,,,,,,,,,,,,,,,,,,,,,,0.03,,,0.71,,,,,,,,,,,,,,,,,,,,,,,,,,,,,,,,,,,,,,,,,,,,,,,,,2018-10-31,,0.74,,pre-market,,,,,,,,,,,,,4.2254,,,,,,,,,,,,
2018-12-31,WEC,,,,,,,,,,,,,,,,,,,,,,,,,,,,,,,,,,,,,,0.02,,,0.63,,,,,,,,,,,,,,,,,,,,,,,,,,,,,,,,,,,,,,,,,,,,,,,,,2019-02-12,,0.65,,pre-market,,,,,,,,,,,,,3.1746,,,,,,,,,,,,
2019-03-31,WEC,,,,,,,,,,,,,,,,,,,,,,,,,,,,,,,,,,,,,,0.08,,,1.25,,,,,,,,,,,,,,,,,,,,,,,,,,,,,,,,,,,,,,,,,,,,,,,,,2019-04-25,,1.33,,pre-market,,,,,,,,,,,,,6.4,,,,,,,,,,,,
2019-06-30,WEC,,,,,,,,,,,,,,,,,,,,,,,,,,,,,,,,,,,,,,0.04,,,0.7,,,,,,,,,,,,,,,,,,,,,,,,,,,,,,,,,,,,,,,,,,,,,,,,,2019-08-05,,0.74,,pre-market,,,,,,,,,,,,,5.7143,,,,,,,,,,,,
2019-09-30,WEC,,,,,,,,,,,,,,,,,,,,,,,,,,,,,,,,,,,,,,0.03,,,0.71,,,,,,,,,,,,,,,,,,,,,,,,,,,,,,,,,,,,,,,,,,,,,,,,,2019-11-06,,0.74,,pre-market,,,,,,,,,,,,,4.2254,,,,,,,,,,,,
2019-12-31,WEC,,,,,,,,,,,,,,,,,,,,,,,,,,,,,,,,,,,,,,0.05,,,0.72,,,,,,,,,,,,,,,,,,,,,,,,,,,,,,,,,,,,,,,,,,,,,,,,,2020-01-30,,0.77,,pre-market,,,,,,,,,,,,,6.9444,,,,,,,,,,,,
2020-03-31,WEC,,,,,,,,,,,,,,,,,,,,,,,,,,,,,,,,,,,,,,0.11,,,1.32,,,,,,,,,,,,,,,,,,,,,,,,,,,,,,,,,,,,,,,,,,,,,,,,,2020-05-04,,1.43,,pre-market,,,,,,,,,,,,,8.3333,,,,,,,,,,,,
2020-06-30,WEC,,,,,,,,,,,,,,,,,,,,,,,,,,,,,,,,,,,,,,0.08,,,0.68,,,,,,,,,,,,,,,,,,,,,,,,,,,,,,,,,,,,,,,,,,,,,,,,,2020-08-04,,0.76,,pre-market,,,,,,,,,,,,,11.7647,,,,,,,,,,,,
2020-09-30,WEC,,,,,,,,,,,,,,,,,,,,,,,,,,,,,,,,,,,,,,0.08,,,0.76,,,,,,,,,,,,,,,,,,,,,,,,,,,,,,,,,,,,,,,,,,,,,,,,,2020-11-03,,0.84,,pre-market,,,,,,,,,,,,,10.5263,,,,,,,,,,,,
2020-12-31,WEC,,,,,,,,,,,,,,,,,,,,,,,,,,,,,,,,,,,,,,0.03,,,0.73,,,,,,,,,,,,,,,,,,,,,,,,,,,,,,,,,,,,,,,,,,,,,,,,,2021-02-04,,0.76,,pre-market,,,,,,,,,,,,,4.1096,,,,,,,,,,,,
2021-03-31,WEC,,,,,,,,,,,,,,,,,,,,,,,,,,,,,,,,,,,,,,0.14,,,1.47,,,,,,,,,,,,,,,,,,,,,,,,,,,,,,,,,,,,,,,,,,,,,,,,,2021-05-03,,1.61,,pre-market,,,,,,,,,,,,,9.5238,,,,,,,,,,,,
2021-06-30,WEC,,,,,,,,,,,,,,,,,,,,,,,,,,,,,,,,,,,,,,0.08,,,0.79,,,,,,,,,,,,,,,,,,,,,,,,,,,,,,,,,,,,,,,,,,,,,,,,,2021-08-03,,0.87,,pre-market,,,,,,,,,,,,,10.1266,,,,,,,,,,,,
2021-09-30,WEC,,,,,,,,,,,,,,,,,,,,,,,,,,,,,,,,,,,,,,0.13,,,0.79,,,,,,,,,,,,,,,,,,,,,,,,,,,,,,,,,,,,,,,,,,,,,,,,,2021-11-02,,0.92,,pre-market,,,,,,,,,,,,,16.4557,,,,,,,,,,,,
2021-12-31,WEC,,,,,,,,,,,,,,,,,,,,,,,,,,,,,,,,,,,,,,0.03,,,0.68,,,,,,,,,,,,,,,,,,,,,,,,,,,,,,,,,,,,,,,,,,,,,,,,,2022-02-03,,0.71,,pre-market,,,,,,,,,,,,,4.4118,,,,,,,,,,,,
2022-03-31,WEC,,,,,,,,,,,,,,,,,,,,,,,,,,,,,,,,,,,,,,0.12,,,1.67,,,,,,,,,,,,,,,,,,,,,,,,,,,,,,,,,,,,,,,,,,,,,,,,,2022-05-02,,1.79,,pre-market,,,,,,,,,,,,,7.1856,,,,,,,,,,,,
2022-06-30,WEC,,,,,,,,,,,,,,,,,,,,,,,,,,,,,,,,,,,,,,0.06,,,0.85,,,,,,,,,,,,,,,,,,,,,,,,,,,,,,,,,,,,,,,,,,,,,,,,,2022-08-02,,0.91,,pre-market,,,,,,,,,,,,,7.0588,,,,,,,,,,,,
2022-09-30,WEC,,,,,,,,,,,,,,,,,,,,,,,,,,,,,,,,,,,,,,0.1,,,0.86,,,,,,,,,,,,,,,,,,,,,,,,,,,,,,,,,,,,,,,,,,,,,,,,,2022-11-01,,0.96,,pre-market,,,,,,,,,,,,,11.6279,,,,,,,,,,,,
2022-12-31,WEC,,,,,,,,,,,,,,,,,,,,,,,,,,,,,,,,,,,,,,0.05,,,0.75,,,,,,,,,,,,,,,,,,,,,,,,,,,,,,,,,,,,,,,,,,,,,,,,,2023-02-02,,0.8,,pre-market,,,,,,,,,,,,,6.6667,,,,,,,,,,,,
2023-03-31,WEC,,,,,,,,,,,,,,,,,,,,,,,,,,,,,,,,,,,,,,0.02,,,1.59,,,,,,,,,,,,,,,,,,,,,,,,,,,,,,,,,,,,,,,,,,,,,,,,,2023-05-01,,1.61,,pre-market,,,,,,,,,,,,,1.2579,,,,,,,,,,,,
2023-06-30,WEC,,,,,,,,,,,,,,,,,,,,,,,,,,,,,,,,,,,,,,0.07,,,0.85,,,,,,,,,,,,,,,,,,,,,,,,,,,,,,,,,,,,,,,,,,,,,,,,,2023-08-01,,0.92,,pre-market,,,,,,,,,,,,,8.2353,,,,,,,,,,,,
2023-09-30,WEC,,,,,,,,,,,,,,,,,,,,,,,,,,,,,,,,,,,,,,0.09,,,0.91,,,,,,,,,,,,,,,,,,,,,,,,,,,,,,,,,,,,,,,,,,,,,,,,,2023-10-31,,1.0,,pre-market,,,,,,,,,,,,,9.8901,,,,,,,,,,,,
2023-12-31,WEC,,,,,,,,,,,,,,,,,,,,,,,,,,,,,,,,,,,,,,0.02,,,1.08,,,,,,,,,,,,,,,,,,,,,,,,,,,,,,,,,,,,,,,,,,,,,,,,,2024-02-01,,1.1,,pre-market,,,,,,,,,,,,,1.8519,,,,,,,,,,,,
2024-03-31,WEC,,,,,,,,,,,,,,,,,,,,,,,,,,,,,,,,,,,,,,0.05,,,1.92,,,,,,,,,,,,,,,,,,,,,,,,,,,,,,,,,,,,,,,,,,,,,,,,,2024-05-01,,1.97,,pre-market,,,,,,,,,,,,,2.6042,,,,,,,,,,,,
2024-06-30,WEC,,,,,,,,,,,,,,,,,,,,,,,,,,,,,,,,,,,,,,0.03,,,0.64,,,,,,,,,,,,,,,,,,,,,,,,,,,,,,,,,,,,,,,,,,,,,,,,,2024-07-31,,0.67,,pre-market,,,,,,,,,,,,,4.6875,,,,,,,,,,,,
2024-09-30,WEC,,,,,,,,,,,,,,,,,,,,,,,,,,,,,,,,,,,,,,0.06,,,0.7,,,,,,,,,,,,,,,,,,,,,,,,,,,,,,,,,,,,,,,,,,,,,,,,,2024-10-31,,0.76,,pre-market,,,,,,,,,,,,,8.5714,,,,,,,,,,,,
2024-12-31,WEC,,,,,,,,,,,,,,,,,,,,,,,,,,,,,,,,,,,,,,0.0,,,1.43,,,,,,,,,,,,,,,,,,,,,,,,,,,,,,,,,,,,,,,,,,,,,,,,,2025-02-04,,1.43,,pre-market,,,,,,,,,,,,,0.0,,,,,,,,,,,,
2025-03-31,WEC,,,,,,,,,,,,,,,,,,,,,,,,,,,,,,,,,,,,,,0.09,,,2.18,,,,,,,,,,,,,,,,,,,,,,,,,,,,,,,,,,,,,,,,,,,,,,,,,2025-05-06,,2.27,,pre-market,,,,,,,,,,,,,4.1284,,,,,,,,,,,,
2025-06-30,WEC,,,,,,,,,,,,,,,,,,,,,,,,,,,,,,,,,,,,,,0.05,,,0.71,,,,,,,,,,,,,,,,,,,,,,,,,,,,,,,,,,,,,,,,,,,,,,,,,2025-07-30,,0.76,,pre-market,,,,,,,,,,,,,7.0423,,,,,,,,,,,,
2025-09-30,WEC,,,,,,,,,,,,,,,,,,,,,,,,,,,,,,,,,,,,,,0.03,,,0.8,,,,,,,,,,,,,,,,,,,,,,,,,,,,,,,,,,,,,,,,,,,,,,,,,2025-10-30,,0.83,,pre-market,,,,,,,,,,,,,3.75,,,,,,,,,,,,
2025-12-28,WEC,5.28,9547201000.0,19.98,,0.556,41.71,,,,,,,,,,,,,,,,,,,,,,,,,,3.513,0.0333,,,,0.093,0.03,,,0.8,,18.87,,4145600000.0,,,,,,,,,,,,,,,,,,,0.222,,,,,,,,,,,,,2.272,2.529,3.595,,,,,,,,0.177,,,2025-10-30,,0.83,,pre-market,,,0.0306,0.128,0.129,29.85,,,,,108.45,110.17,3.75,,,,,,,,,19.98,,117.25,88.91
2025-12-28,WEC,5.28,9547201000.0,19.98,,0.556,41.71,,,,,,,,,,,,,,,None,608100000,608100000,,,,,,None,373400000,,3.513,0.0333,,,,0.093,0.03,528200000,901600000,0.8,2025-09-30,18.87,,4145600000.0,1495900000,304600000,34400000,,,None,223600000,168800000,,None,,,,,271300000,270200000,-223600000,None,0.222,,1046300000,449600000,,,,,None,,,,,2.272,2.529,3.595,,,,,,,,0.177,,,2025-10-30,quarterly,0.83,USD,pre-market,None,,0.0306,0.128,0.129,29.85,None,,,,108.45,110.17,3.75,,,,,,,2104000000,,19.98,,117.25,88.91
2025-12-28,WEC,5.28,9547201000.0,19.98,,0.556,41.71,,,,,,,,,,,,,,,None,1166700000,1166700000,,,,,,None,368900000,,3.513,0.0333,,,,0.093,0.03,483300000,852200000,0.8,2025-06-30,18.87,,4145600000.0,842800000,262500000,19500000,,,None,220800000,168900000,,None,,,,,245700000,243000000,-220800000,None,0.222,,437900000,404900000,,,,,None,,,,,2.272,2.529,3.595,,,,,,,,0.177,,,2025-10-30,quarterly,0.83,USD,pre-market,None,,0.0306,0.128,0.129,29.85,None,,,,108.45,110.17,3.75,,,,,,,2009500000,,19.98,,117.25,88.91
2025-12-28,WEC,5.28,9547201000.0,19.98,,0.556,41.71,,,,,,,,,,,,,,,None,1773700000,1773700000,,,,,,None,359900000,,3.513,0.0333,,,,0.093,0.03,1009200000,1369100000,0.8,2025-03-31,18.87,,4145600000.0,1375800000,786200000,60700000,,,None,223000000,169400000,,None,,,,,724500000,725500000,-223000000,None,0.222,,438300000,937500000,,,,,None,,,,,2.272,2.529,3.595,,,,,,,,0.177,,,2025-10-30,quarterly,0.83,USD,pre-market,None,,0.0306,0.128,0.129,29.85,None,,,,108.45,110.17,3.75,,,,,,,3149500000,,19.98,,117.25,88.91
2025-12-28,WEC,5.28,9547201000.0,19.98,,0.556,41.71,,,,,,,,,,,,,,,None,1265400000,1265400000,,,,,,None,344000000,,3.513,0.0333,,,,0.093,0.03,732700000,1076700000,0.8,2024-12-31,18.87,,4145600000.0,1018800000,514200000,61100000,,,None,201300000,149300000,,None,,,,,453800000,453100000,-201300000,None,0.222,,427900000,590900000,,,,,None,,,,,2.272,2.529,3.595,,,,,,,,0.177,,,2025-10-30,quarterly,0.83,USD,pre-market,None,,0.0306,0.128,0.129,29.85,None,,,,108.45,110.17,3.75,,,,,,,2284200000,,19.98,,117.25,88.91
2025-12-28,WEC,5.28,9547201000.0,19.98,,0.556,41.71,,,,,,,,,,,,,,,None,1087600000,1087600000,,,,,,None,340500000,,3.513,0.0333,,,,0.093,0.03,474400000,814900000,0.8,2024-09-30,18.87,,4145600000.0,775900000,270200000,31600000,,,None,204200000,157500000,,None,,,,,240400000,238600000,-204200000,None,0.222,,392200000,383700000,,,,,None,,,,,2.272,2.529,3.595,,,,,,,,0.177,,,2025-10-30,quarterly,0.83,USD,pre-market,None,,0.0306,0.128,0.129,29.85,None,,,,108.45,110.17,3.75,,,,,,,1863500000,,19.98,,117.25,88.91
2025-12-28,WEC,5.28,9547201000.0,19.98,,0.556,41.71,,,,,,,,,,,,,,,None,1003100000,1003100000,,,,,,None,336600000,,3.513,0.0333,,,,0.093,0.03,452200000,788800000,0.8,2024-06-30,18.87,,4145600000.0,768900000,251600000,41600000,,,None,200600000,None,,None,,,,,211600000,210000000,-200600000,None,0.222,,404100000,364800000,,,,,None,,,,,2.272,2.529,3.595,,,,,,,,0.177,,,2025-10-30,quarterly,0.83,USD,pre-market,None,,0.0306,0.128,0.129,29.85,None,,,,108.45,110.17,3.75,,,,,,,1772000000,,19.98,,117.25,88.91
2025-12-28,WEC,5.28,9547201000.0,19.98,,0.556,41.71,,,,,,,,,,,,,,,None,1457900000,1457900000,,,,,,None,333400000,,3.513,0.0333,,,,0.093,0.03,902300000,1235700000,0.8,2024-03-31,18.87,,4145600000.0,1222300000,710300000,87700000,,,None,192000000,None,,None,,,,,622600000,622600000,-192000000,None,0.222,,408900000,813400000,,,,,None,,,,,2.272,2.529,3.595,,,,,,,,0.177,,,2025-10-30,quarterly,0.83,USD,pre-market,None,,0.0306,0.128,0.129,29.85,None,,,,108.45,110.17,3.75,,,,,,,2680200000,,19.98,,117.25,88.91
2025-12-28,WEC,5.28,9547201000.0,19.98,,0.556,41.71,,,,,,,,,,,,,,,None,1315000000,1315000000,,,,,,None,324500000,,3.513,0.0333,,,,0.093,0.03,433600000,758100000,0.8,2023-12-31,18.87,,4145600000.0,902500000,240100000,21600000,,,None,193500000,None,,None,,,,,218800000,218500000,-193500000,None,0.222,,561100000,341400000,,,,,None,,,,,2.272,2.529,3.595,,,,,,,,0.177,,,2025-10-30,quarterly,0.83,USD,pre-market,None,,0.0306,0.128,0.129,29.85,None,,,,108.45,110.17,3.75,,,,,,,2217500000,,19.98,,117.25,88.91
2025-12-28,WEC,5.28,9547201000.0,19.98,,0.556,41.71,,,,,,,,,,,,,,,None,1104000000,1104000000,,,,,,None,320300000,,3.513,0.0333,,,,0.093,0.03,558500000,878800000,0.8,2023-09-30,18.87,,4145600000.0,853400000,376000000,60400000,,,None,182500000,137800000,,None,,,,,316300000,315600000,-182500000,None,0.222,,381400000,472000000,,,,,None,,,,,2.272,2.529,3.595,,,,,,,,0.177,,,2025-10-30,quarterly,0.83,USD,pre-market,None,,0.0306,0.128,0.129,29.85,None,,,,108.45,110.17,3.75,,,,,,,1957400000,,19.98,,117.25,88.91
2025-12-28,WEC,5.28,9547201000.0,19.98,,0.556,41.71,,,,,,,,,,,,,,,None,1029000000,1029000000,,,,,,None,313900000,,3.513,0.0333,,,,0.093,0.03,517200000,831100000,0.8,2023-06-30,18.87,,4145600000.0,801000000,338500000,48500000,,,None,178700000,135100000,,None,,,,,290000000,290000000,-178700000,None,0.222,,375700000,425300000,,,,,91900000,,,,,2.272,2.529,3.595,,,,,,,,0.177,,,2025-10-30,quarterly,0.83,USD,pre-market,None,,0.0306,0.128,0.129,29.85,557800000,,,,108.45,110.17,3.75,,,,,,,1830000000,,19.98,,117.25,88.91
2025-12-28,WEC,5.28,9547201000.0,19.98,,0.556,41.71,,,,,,,,,,,,,,,None,1843700000,1843700000,,,,,,None,305500000,,3.513,0.0333,,,,0.093,0.03,753900000,1059400000,0.8,2023-03-31,18.87,,4145600000.0,1044400000,581700000,74100000,,,None,172200000,128400000,,None,,,,,507800000,507600000,-172200000,None,0.222,,375100000,669300000,,,,,84600000,,,,,2.272,2.529,3.595,,,,,,,,0.177,,,2025-10-30,quarterly,0.83,USD,pre-market,None,,0.0306,0.128,0.129,29.85,603600000,,,,108.45,110.17,3.75,,,,,,,2888100000,,19.98,,117.25,88.91
2025-12-28,WEC,5.28,9547201000.0,19.98,,0.556,41.71,,,,,,,,,,,,,,,None,1815700000,1815700000,,,,,,None,284600000,,3.513,0.0333,,,,0.093,0.03,461400000,746000000,0.8,2022-12-31,18.87,,4145600000.0,742700000,311200000,59000000,,,None,150200000,103900000,,None,,,,,253000000,252200000,-150200000,None,0.222,,362300000,380400000,,,,,81000000,,,,,2.272,2.529,3.595,,,,,,,,0.177,,,2025-10-30,quarterly,0.83,USD,pre-market,None,,0.0306,0.128,0.129,29.85,658000000,,,,108.45,110.17,3.75,,,,,,,2558400000,,19.98,,117.25,88.91
2025-12-28,WEC,5.28,9547201000.0,19.98,,0.556,41.71,,,,,,,,,,,,,,,None,1259400000,1259400000,,,,,,None,280300000,,3.513,0.0333,,,,0.093,0.03,502600000,782900000,0.8,2022-09-30,18.87,,4145600000.0,743600000,375100000,73400000,,,None,127500000,63800000,,None,,,,,302000000,301700000,-127500000,None,0.222,,339400000,404200000,,,,,98400000,,,,,2.272,2.529,3.595,,,,,,,,0.177,,,2025-10-30,quarterly,0.83,USD,pre-market,None,,0.0306,0.128,0.129,29.85,513400000,,,,108.45,110.17,3.75,,,,,,,2003000000,,19.98,,117.25,88.91
2025-12-28,WEC,5.28,9547201000.0,19.98,,0.556,41.71,,,,,,,,,,,,,,,None,1384000000,1384000000,,,,,,None,279600000,,3.513,0.0333,,,,0.093,0.03,471000000,750600000,0.8,2022-06-30,18.87,,4145600000.0,743900000,351200000,63400000,,,None,119800000,76800000,,None,,,,,287500000,287800000,-119800000,None,0.222,,335700000,408200000,,,,,62800000,,,,,2.272,2.529,3.595,,,,,,,,0.177,,,2025-10-30,quarterly,0.83,USD,pre-market,None,,0.0306,0.128,0.129,29.85,505100000,,,,108.45,110.17,3.75,,,,,,,2127900000,,19.98,,117.25,88.91
2025-12-28,WEC,5.28,9547201000.0,19.98,,0.556,41.71,,,,,,,,,,,,,,,None,1837800000,1837800000,,,,,,None,278100000,,3.513,0.0333,,,,0.093,0.03,812700000,1090800000,0.8,2022-03-31,18.87,,4145600000.0,1070300000,695100000,127100000,,,None,117600000,75900000,,None,,,,,565900000,568000000,-117600000,None,0.222,,338900000,731400000,,,,,81300000,,,,,2.272,2.529,3.595,,,,,,,,0.177,,,2025-10-30,quarterly,0.83,USD,pre-market,None,,0.0306,0.128,0.129,29.85,515200000,,,,108.45,110.17,3.75,,,,,,,2908100000,,19.98,,117.25,88.91
2025-12-28,WEC,5.28,9547201000.0,19.98,,0.556,41.71,,,,,,,,,,,,,,,None,1546900000,1546900000,,,,,,None,275100000,,3.513,0.0333,,,,0.093,0.03,357900000,633000000,0.8,2021-12-31,18.87,,4145600000.0,655000000,244300000,20500000,,,None,113600000,81700000,,None,,,,,224200000,223800000,-113600000,None,0.222,,328200000,326800000,,,,,31100000,,,,,2.272,2.529,3.595,,,,,,,,0.177,,,2025-10-30,quarterly,0.83,USD,pre-market,None,,0.0306,0.128,0.129,29.85,641200000,,,,108.45,110.17,3.75,,,,,,,2201900000,,19.98,,117.25,88.91
2025-12-28,WEC,5.28,9547201000.0,19.98,,0.556,41.71,,,,,,,,,,,,,,,None,1034400000,1034400000,,,,,,None,271600000,,3.513,0.0333,,,,0.093,0.03,457500000,729100000,0.8,2021-09-30,18.87,,4145600000.0,712100000,339500000,50800000,,,None,118000000,75700000,,None,,,,,290000000,288700000,-118000000,None,0.222,,322100000,390000000,,,,,67500000,,,,,2.272,2.529,3.595,,,,,,,,0.177,,,2025-10-30,quarterly,0.83,USD,pre-market,None,,0.0306,0.128,0.129,29.85,524200000,,,,108.45,110.17,3.75,,,,,,,1746500000,,19.98,,117.25,88.91
2025-12-28,WEC,5.28,9547201000.0,19.98,,0.556,41.71,,,,,,,,,,,,,,,None,989700000,989700000,,,,,,None,266200000,,3.513,0.0333,,,,0.093,0.03,449800000,716000000,0.8,2021-06-30,18.87,,4145600000.0,686500000,329800000,54100000,,,None,120000000,78700000,,None,,,,,276000000,275700000,-120000000,None,0.222,,317700000,368800000,,,,,81000000,,,,,2.272,2.529,3.595,,,,,,,,0.177,,,2025-10-30,quarterly,0.83,USD,pre-market,None,,0.0306,0.128,0.129,29.85,515300000,,,,108.45,110.17,3.75,,,,,,,1676200000,,19.98,,117.25,88.91
2025-12-28,WEC,5.28,9547201000.0,19.98,,0.556,41.71,,,,,,,,,,,,,,,None,1745500000,1745500000,,,,,,None,261400000,,3.513,0.0333,,,,0.093,0.03,704700000,966100000,0.8,2021-03-31,18.87,,4145600000.0,945900000,585200000,74900000,,,None,119500000,76900000,,None,,,,,510100000,510300000,-119500000,None,0.222,,316600000,629300000,,,,,75400000,,,,,2.272,2.529,3.595,,,,,,,,0.177,,,2025-10-30,quarterly,0.83,USD,pre-market,None,,0.0306,0.128,0.129,29.85,535100000,,,,108.45,110.17,3.75,,,,,,,2691400000,,19.98,,117.25,88.91
2025-12-28,WEC,5.28,9547201000.0,19.98,,0.556,41.71,,,,,,,,,,,,,,,None,1262200000,1262200000,,,,,,None,249300000,,3.513,0.0333,,,,0.093,0.03,394700000,644000000,0.8,2020-12-31,18.87,,4145600000.0,671200000,276800000,37200000,,,None,117900000,74900000,,None,,,,,239000000,239600000,-117900000,None,0.222,,300700000,370500000,,,,,24200000,,,,,2.272,2.529,3.595,,,,,,,,0.177,,,2025-10-30,quarterly,0.83,USD,pre-market,None,,0.0306,0.128,0.129,29.85,656100000,,,,108.45,110.17,3.75,,,,,,,1933400000,,19.98,,117.25,88.91
2025-12-28,WEC,5.28,9547201000.0,19.98,,0.556,41.71,,,,,,,,,,,,,,,None,981500000,981500000,,,,,,None,245000000,,3.513,0.0333,,,,0.093,0.03,436000000,681000000,0.8,2020-09-30,18.87,,4145600000.0,669500000,314000000,46900000,,,None,122000000,75900000,,None,,,,,266800000,267100000,-122000000,None,0.222,,299300000,370200000,,,,,65800000,,,,,2.272,2.529,3.595,,,,,,,,0.177,,,2025-10-30,quarterly,0.83,USD,pre-market,None,,0.0306,0.128,0.129,29.85,553000000,,,,108.45,110.17,3.75,,,,,,,1651000000,,19.98,,117.25,88.91
2025-12-28,WEC,5.28,9547201000.0,19.98,,0.556,41.71,,,,,,,,,,,,,,,None,917600000,917600000,,,,,,None,242500000,,3.513,0.0333,,,,0.093,0.03,420300000,662800000,0.8,2020-06-30,18.87,,4145600000.0,631100000,295900000,53800000,,,None,124400000,59800000,,None,,,,,241600000,242100000,-124400000,None,0.222,,292300000,338800000,,,,,81500000,,,,,2.272,2.529,3.595,,,,,,,,0.177,,,2025-10-30,quarterly,0.83,USD,pre-market,None,,0.0306,0.128,0.129,29.85,522900000,,,,108.45,110.17,3.75,,,,,,,1548700000,,19.98,,117.25,88.91
2025-12-28,WEC,5.28,9547201000.0,19.98,,0.556,41.71,,,,,,,,,,,,,,,None,1190400000,1190400000,,,,,,None,239100000,,3.513,0.0333,,,,0.093,0.03,672000000,911100000,0.8,2020-03-31,18.87,,4145600000.0,918200000,542600000,90000000,,,None,129400000,102900000,,None,,,,,452500000,452600000,-129400000,None,0.222,,291600000,626600000,,,,,45400000,,,,,2.272,2.529,3.595,,,,,,,,0.177,,,2025-10-30,quarterly,0.83,USD,pre-market,None,,0.0306,0.128,0.129,29.85,508200000,,,,108.45,110.17,3.75,,,,,,,2108600000,,19.98,,117.25,88.91
2025-12-28,WEC,5.28,9547201000.0,19.98,,0.556,41.71,,,,,,,,,,,,,,,None,1294400000,1294400000,,,,,,None,236200000,,3.513,0.0333,,,,0.093,0.03,404900000,641100000,0.8,2019-12-31,18.87,,4145600000.0,653100000,277700000,33500000,,,None,127200000,90100000,,None,,,,,243900000,244200000,-127200000,None,0.222,,290000000,363100000,,,,,41800000,,,,,2.272,2.529,3.595,,,,,,,,0.177,,,2025-10-30,quarterly,0.83,USD,pre-market,None,,0.0306,0.128,0.129,29.85,1253800000,,,,108.45,110.17,3.75,,,,,,,1947500000,,19.98,,117.25,88.91
2025-12-28,WEC,5.28,9547201000.0,19.98,,0.556,41.71,,,,,,,,,,,,,,,None,1013500000,1013500000,,,,,,None,233800000,,3.513,0.0333,,,,0.093,0.03,371400000,605200000,0.8,2019-09-30,18.87,,4145600000.0,594500000,245600000,11300000,,,None,125800000,87100000,,None,,,,,234300000,234300000,-125800000,None,0.222,,283600000,310900000,,,,,60500000,,,,,2.272,2.529,3.595,,,,,,,,0.177,,,2025-10-30,quarterly,0.83,USD,pre-market,None,,0.0306,0.128,0.129,29.85,579000000,,,,108.45,110.17,3.75,,,,,,,1608000000,,19.98,,117.25,88.91
2025-12-28,WEC,5.28,9547201000.0,19.98,,0.556,41.71,,,,,,,,,,,,,,,None,995500000,995500000,,,,,,None,229900000,,3.513,0.0333,,,,0.093,0.03,375100000,605000000,0.8,2019-06-30,18.87,,4145600000.0,594700000,251000000,15200000,,,None,124100000,87200000,,None,,,,,235700000,235800000,-124100000,None,0.222,,280100000,314600000,,,,,60500000,,,,,2.272,2.529,3.595,,,,,,,,0.177,,,2025-10-30,quarterly,0.83,USD,pre-market,None,,0.0306,0.128,0.129,29.85,553800000,,,,108.45,110.17,3.75,,,,,,,1590200000,,19.98,,117.25,88.91
2025-12-28,WEC,5.28,9547201000.0,19.98,,0.556,41.71,,,,,,,,,,,,,,,None,1560200000,1560200000,,,,,,None,226400000,,3.513,0.0333,,,,0.093,0.03,609800000,836200000,0.8,2019-03-31,18.87,,4145600000.0,817200000,485400000,65000000,,,None,124400000,88300000,,None,,,,,420100000,420400000,-124400000,None,0.222,,274400000,542800000,,,,,67000000,,,,,2.272,2.529,3.595,,,,,,,,0.177,,,2025-10-30,quarterly,0.83,USD,pre-market,None,,0.0306,0.128,0.129,29.85,6900000,,,,108.45,110.17,3.75,,,,,,,2377400000,,19.98,,117.25,88.91
2025-12-28,WEC,5.28,9547201000.0,19.98,,0.556,41.71,,,,,,,,,,,,,,,None,1521800000,1521800000,,,,,,None,217700000,,3.513,0.0333,,,,0.093,0.03,336600000,554300000,0.8,2018-12-31,18.87,,4145600000.0,555000000,218700000,13400000,,,None,117900000,None,,None,,,,,205000000,205300000,None,None,0.222,,265200000,289800000,,,,,46800000,,,,,2.272,2.529,3.595,,,,,,,,0.177,,,2025-10-30,quarterly,0.83,USD,pre-market,0,,0.0306,0.128,0.129,29.85,2467400000,,,,108.45,110.17,3.75,,,,,,,2076800000,,19.98,,117.25,88.91
2025-12-28,WEC,5.28,9547201000.0,19.98,,0.556,41.71,,,,,,,,,,,,,,,None,1077200000,1077200000,,,,,,None,212800000,,3.513,0.0333,,,,0.093,0.03,362500000,575300000,0.8,2018-09-30,18.87,,4145600000.0,566500000,250500000,17000000,,,None,112000000,None,,None,,,,,233200000,233500000,None,None,0.222,,263800000,302700000,,,,,59800000,,,,,2.272,2.529,3.595,,,,,,,,0.177,,,2025-10-30,quarterly,0.83,USD,pre-market,0,,0.0306,0.128,0.129,29.85,7300000,,,,108.45,110.17,3.75,,,,,,,1643700000,,19.98,,117.25,88.91
2025-12-28,WEC,5.28,9547201000.0,19.98,,0.556,41.71,,,,,,,,,,,,,,,None,1085400000,1085400000,,,,,,None,206700000,,3.513,0.0333,,,,0.093,0.03,390900000,597600000,0.8,2018-06-30,18.87,,4145600000.0,587100000,282400000,51100000,,,None,108500000,None,,None,,,,,231000000,231300000,None,None,0.222,,256300000,330800000,,,,,60100000,,,,,2.272,2.529,3.595,,,,,,,,0.177,,,2025-10-30,quarterly,0.83,USD,pre-market,0,,0.0306,0.128,0.129,29.85,5300000,,,,108.45,110.17,3.75,,,,,,,1672500000,,19.98,,117.25,88.91
2025-12-28,WEC,5.28,9547201000.0,19.98,,0.556,41.71,,,,,,,,,,,,,,,None,1484000000,1484000000,,,,,,None,208600000,,3.513,0.0333,,,,0.093,0.03,585400000,794000000,0.8,2018-03-31,18.87,,4145600000.0,802500000,478700000,88300000,,,None,106700000,None,,None,,,,,390100000,390400000,None,None,0.222,,257400000,545100000,,,,,40300000,,,,,2.272,2.529,3.595,,,,,,,,0.177,,,2025-10-30,quarterly,0.83,USD,pre-market,0,,0.0306,0.128,0.129,29.85,5300000,,,,108.45,110.17,3.75,,,,,,,2286500000,,19.98,,117.25,88.91
2025-12-28,WEC,5.28,9547201000.0,19.98,,0.556,41.71,,,,,,,,,,,,,,,None,1390800000,1390800000,,,,,,None,205100000,,3.513,0.0333,,,,0.093,0.03,462900000,668000000,0.8,2017-12-31,18.87,,4145600000.0,664200000,357600000,-75300000,,,None,105300000,None,,None,,,,,432600000,432900000,None,None,0.222,,252100000,412100000,,,,,50800000,,,,,2.272,2.529,3.595,,,,,,,,0.177,,,2025-10-30,quarterly,0.83,USD,pre-market,0,,0.0306,0.128,0.129,29.85,194900000,,,,108.45,110.17,3.75,,,,,,,2055000000,,19.98,,117.25,88.91
2025-12-28,WEC,5.28,9547201000.0,19.98,,0.556,41.71,,,,,,,,,,,,,,,None,1015800000,1015800000,,,,,,None,201200000,,3.513,0.0333,,,,0.093,0.03,449200000,650400000,0.8,2017-09-30,18.87,,4145600000.0,641700000,345400000,129700000,,,None,103800000,None,,None,,,,,215400000,215700000,None,None,0.222,,249500000,393600000,,,,,55600000,,,,,2.272,2.529,3.595,,,,,,,,0.177,,,2025-10-30,quarterly,0.83,USD,pre-market,0,,0.0306,0.128,0.129,29.85,0,,,,108.45,110.17,3.75,,,,,,,1657500000,,19.98,,117.25,88.91
2025-12-28,WEC,5.28,9547201000.0,19.98,,0.556,41.71,,,,,,,,,,,,,,,None,1021600000,1021600000,,,,,,None,197700000,,3.513,0.0333,,,,0.093,0.03,417100000,614800000,0.8,2017-06-30,18.87,,4145600000.0,609900000,315200000,115800000,,,None,101900000,None,,None,,,,,199100000,199400000,None,None,0.222,,247700000,362200000,,,,,54900000,,,,,2.272,2.529,3.595,,,,,,,,0.177,,,2025-10-30,quarterly,0.83,USD,pre-market,0,,0.0306,0.128,0.129,29.85,0,,,,108.45,110.17,3.75,,,,,,,1631500000,,19.98,,117.25,88.91
2025-12-28,WEC,5.28,9547201000.0,19.98,,0.556,41.71,,,,,,,,,,,,,,,None,1445600000,1445600000,,,,,,None,194600000,,3.513,0.0333,,,,0.093,0.03,674900000,869500000,0.8,2017-03-31,18.87,,4145600000.0,858900000,570200000,213300000,,,None,104700000,None,,None,,,,,356600000,356900000,None,None,0.222,,244200000,617300000,,,,,57600000,,,,,2.272,2.529,3.595,,,,,,,,0.177,,,2025-10-30,quarterly,0.83,USD,pre-market,0,,0.0306,0.128,0.129,29.85,0,,,,108.45,110.17,3.75,,,,,,,2304500000,,19.98,,117.25,88.91
2025-12-28,WEC,5.28,9547201000.0,19.98,,0.556,41.71,,,,,,,,,,,,,,,None,1360000000,1360000000,,,,,,None,181100000,,3.513,0.0333,,,,0.093,0.03,420700000,601800000,0.8,2016-12-31,18.87,,4145600000.0,603000000,306100000,111400000,,,None,102600000,None,,None,,,,,194400000,194700000,None,None,0.222,,241300000,361700000,,,,,47000000,,,,,2.272,2.529,3.595,,,,,,,,0.177,,,2025-10-30,quarterly,0.83,USD,pre-market,0,,0.0306,0.128,0.129,29.85,194700000,,,,108.45,110.17,3.75,,,,,,,1963000000,,19.98,,117.25,88.91
2025-12-28,WEC,5.28,9547201000.0,19.98,,0.556,41.71,,,,,,,,,,,,,,,None,1072200000,1072200000,,,,,,None,195500000,,3.513,0.0333,,,,0.093,0.03,444800000,640300000,0.8,2016-09-30,18.87,,4145600000.0,640300000,345700000,128400000,,,None,99100000,None,,None,,,,,217000000,217300000,None,None,0.222,,241300000,399000000,,,,,45800000,,,,,2.272,2.529,3.595,,,,,,,,0.177,,,2025-10-30,quarterly,0.83,USD,pre-market,0,,0.0306,0.128,0.129,29.85,0,,,,108.45,110.17,3.75,,,,,,,1712500000,,19.98,,117.25,88.91
2025-12-28,WEC,5.28,9547201000.0,19.98,,0.556,41.71,,,,,,,,,,,,,,,None,1030300000,1030300000,,,,,,None,194100000,,3.513,0.0333,,,,0.093,0.03,395400000,589500000,0.8,2016-06-30,18.87,,4145600000.0,571700000,295300000,113600000,,,None,100100000,None,,None,,,,,181400000,181700000,None,None,0.222,,239600000,332100000,,,,,63300000,,,,,2.272,2.529,3.595,,,,,,,,0.177,,,2025-10-30,quarterly,0.83,USD,pre-market,0,,0.0306,0.128,0.129,29.85,0,,,,108.45,110.17,3.75,,,,,,,1602000000,,19.98,,117.25,88.91
2025-12-28,WEC,5.28,9547201000.0,19.98,,0.556,41.71,,,,,,,,,,,,,,,None,1370400000,1370400000,,,,,,None,191900000,,3.513,0.0333,,,,0.093,0.03,660500000,852400000,0.8,2016-03-31,18.87,,4145600000.0,824400000,559600000,213100000,,,None,100900000,None,,None,,,,,346200000,346500000,None,None,0.222,,235100000,589300000,,,,,71200000,,,,,2.272,2.529,3.595,,,,,,,,0.177,,,2025-10-30,quarterly,0.83,USD,pre-market,0,,0.0306,0.128,0.129,29.85,0,,,,108.45,110.17,3.75,,,,,,,2194800000,,19.98,,117.25,88.91
2025-12-28,WEC,5.28,9547201000.0,19.98,,0.556,41.71,,,,,,,,,,,,,,,None,1238300000,1238300000,,,,,,None,192600000,,3.513,0.0333,,,,0.093,0.03,424600000,617200000,0.8,2015-12-31,18.87,,4145600000.0,610000000,317600000,137700000,,,None,105800000,None,,None,,,,,181100000,181100000,None,None,0.222,,229800000,380200000,,,,,148300000,,,,,2.272,2.529,3.595,,,,,,,,0.177,,,2025-10-30,quarterly,0.83,USD,pre-market,0,,0.0306,0.128,0.129,29.85,36200000,,,,108.45,110.17,3.75,,,,,,,1848300000,,19.98,,117.25,88.91
2025-12-28,WEC,5.28,9547201000.0,19.98,,0.556,41.71,,,,,,,,,,,,,,,None,1126500000,1126500000,,,,,,None,174100000,,3.513,0.0333,,,,0.093,0.03,399200000,573300000,0.8,2015-09-30,18.87,,4145600000.0,572200000,293000000,110500000,,,None,103200000,None,,None,,,,,182500000,182500000,None,None,0.222,,226500000,345700000,,,,,-52700000,,,,,2.272,2.529,3.595,,,,,,,,0.177,,,2025-10-30,quarterly,0.83,USD,pre-market,0,,0.0306,0.128,0.129,29.85,0,,,,108.45,110.17,3.75,,,,,,,1698700000,,19.98,,117.25,88.91
2025-12-28,WEC,5.28,9547201000.0,19.98,,0.556,41.71,,,,,,,,,,,,,,,None,690000000,690000000,,,,,,None,108600000,,3.513,0.0333,,,,0.093,0.03,205400000,314000000,0.8,2015-06-30,18.87,,4145600000.0,301200000,144100000,63200000,,,None,61800000,None,,None,,,,,80900000,80900000,None,None,0.222,,135400000,165800000,,,,,40300000,,,,,2.272,2.529,3.595,,,,,,,,0.177,,,2025-10-30,quarterly,0.83,USD,pre-market,0,,0.0306,0.128,0.129,29.85,0,,,,108.45,110.17,3.75,,,,,,,991200000,,19.98,,117.25,88.91
2025-12-28,WEC,5.28,9547201000.0,19.98,,0.556,41.71,,,,,,,,,,,,,,,None,894600000,894600000,,,,,,None,108200000,,3.513,0.0333,,,,0.093,0.03,377000000,485200000,0.8,2015-03-31,18.87,,4145600000.0,493300000,318200000,122400000,,,None,59400000,None,,None,,,,,195800000,195800000,None,None,0.222,,134500000,358800000,,,,,19100000,,,,,2.272,2.529,3.595,,,,,,,,0.177,,,2025-10-30,quarterly,0.83,USD,pre-market,0,,0.0306,0.128,0.129,29.85,0,,,,108.45,110.17,3.75,,,,,,,1387900000,,19.98,,117.25,88.91
2025-12-28,WEC,5.28,9547201000.0,19.98,,0.556,41.71,,,,,,,,,,,,,,,None,855100000,855100000,,,,,,None,106500000,,3.513,0.0333,,,,0.093,0.03,258000000,364500000,0.8,2014-12-31,18.87,,4145600000.0,370000000,198200000,76800000,,,None,59800000,None,,None,,,,,121400000,121400000,None,None,0.222,,126500000,243500000,,,,,14400000,,,,,2.272,2.529,3.595,,,,,,,,0.177,,,2025-10-30,quarterly,0.83,USD,pre-market,0,,0.0306,0.128,0.129,29.85,36200000,,,,108.45,110.17,3.75,,,,,,,1225100000,,19.98,,117.25,88.91
2025-12-28,WEC,5.28,9547201000.0,19.98,,0.556,41.71,,,,,,,,,,,,,,,None,656800000,656800000,,,,,,None,106400000,,3.513,0.0333,,,,0.093,0.03,267000000,373400000,0.8,2014-09-30,18.87,,4145600000.0,376500000,206600000,80300000,,,None,60400000,None,,None,,,,,126300000,126300000,None,None,0.222,,130400000,246100000,,,,,20900000,,,,,2.272,2.529,3.595,,,,,,,,0.177,,,2025-10-30,quarterly,0.83,USD,pre-market,0,,0.0306,0.128,0.129,29.85,0,,,,108.45,110.17,3.75,,,,,,,1033300000,,19.98,,117.25,88.91
2025-12-28,WEC,5.28,9547201000.0,19.98,,0.556,41.71,,,,,,,,,,,,,,,None,674400000,674400000,,,,,,None,102800000,,3.513,0.0333,,,,0.093,0.03,266300000,369100000,0.8,2014-06-30,18.87,,4145600000.0,369300000,207300000,74300000,,,None,59000000,None,,None,,,,,133000000,133000000,None,None,0.222,,128600000,240700000,,,,,25600000,,,,,2.272,2.529,3.595,,,,,,,,0.177,,,2025-10-30,quarterly,0.83,USD,pre-market,0,,0.0306,0.128,0.129,29.85,0,,,,108.45,110.17,3.75,,,,,,,1043700000,,19.98,,117.25,88.91
2025-12-28,WEC,5.28,9547201000.0,19.98,,0.556,41.71,,,,,,,,,,,,,,,None,1185500000,1185500000,,,,,,None,103700000,,3.513,0.0333,,,,0.093,0.03,400200000,503900000,0.8,2014-03-31,18.87,,4145600000.0,509500000,337900000,130300000,,,None,62300000,None,,None,,,,,207600000,207600000,None,None,0.222,,127700000,381800000,,,,,18400000,,,,,2.272,2.529,3.595,,,,,,,,0.177,,,2025-10-30,quarterly,0.83,USD,pre-market,0,,0.0306,0.128,0.129,29.85,0,,,,108.45,110.17,3.75,,,,,,,1695000000,,19.98,,117.25,88.91
2025-12-28,WEC,5.28,9547201000.0,19.98,,0.556,41.71,,,,,,,,,,,,,,,None,827400000,827400000,,,,,,None,102600000,,3.513,0.0333,,,,0.093,0.03,292600000,395200000,0.8,2013-12-31,18.87,,4145600000.0,350900000,230800000,86500000,,,None,61800000,None,,None,,,,,144300000,144300000,None,None,0.222,,79300000,271600000,,,,,20900000,,,,,2.272,2.529,3.595,,,,,,,,0.177,,,2025-10-30,quarterly,0.83,USD,pre-market,0,,0.0306,0.128,0.129,29.85,0,,,,108.45,110.17,3.75,,,,,,,1178300000,,19.98,,117.25,88.91
2025-12-28,WEC,5.28,9547201000.0,19.98,,0.556,41.71,,,,,,,,,,,,,,,None,668800000,668800000,,,,,,None,99900000,,3.513,0.0333,,,,0.093,0.03,280200000,380100000,0.8,2013-09-30,18.87,,4145600000.0,384400000,218200000,80700000,,,None,62000000,None,,None,,,,,137500000,137500000,None,None,0.222,,126400000,258000000,,,,,22200000,,,,,2.272,2.529,3.595,,,,,,,,0.177,,,2025-10-30,quarterly,0.83,USD,pre-market,0,,0.0306,0.128,0.129,29.85,0,,,,108.45,110.17,3.75,,,,,,,1053200000,,19.98,,117.25,88.91
2025-12-28,WEC,5.28,9547201000.0,19.98,,0.556,41.71,,,,,,,,,,,,,,,None,656700000,656700000,,,,,,None,99500000,,3.513,0.0333,,,,0.093,0.03,252600000,352100000,0.8,2013-06-30,18.87,,4145600000.0,355600000,189300000,70300000,,,None,63300000,None,,None,,,,,119000000,119000000,None,None,0.222,,126100000,229500000,,,,,23000000,,,,,2.272,2.529,3.595,,,,,,,,0.177,,,2025-10-30,quarterly,0.83,USD,pre-market,0,,0.0306,0.128,0.129,29.85,0,,,,108.45,110.17,3.75,,,,,,,1012300000,,19.98,,117.25,88.91
2025-12-28,WEC,5.28,9547201000.0,19.98,,0.556,41.71,,,,,,,,,,,,,,,None,829200000,829200000,,,,,,None,98200000,,3.513,0.0333,,,,0.093,0.03,342000000,440200000,0.8,2013-03-31,18.87,,4145600000.0,446000000,277000000,100400000,,,None,65000000,None,,None,,,,,176600000,176600000,None,None,0.222,,125000000,321000000,,,,,21100000,,,,,2.272,2.529,3.595,,,,,,,,0.177,,,2025-10-30,quarterly,0.83,USD,pre-market,0,,0.0306,0.128,0.129,29.85,0,,,,108.45,110.17,3.75,,,,,,,1275200000,,19.98,,117.25,88.91
2025-12-28,WEC,5.28,9547201000.0,19.98,,0.556,41.71,,,,,,,,,,,,,,,None,1543600000,1543600000,,,,,,None,48500000,,3.513,0.0333,,,,0.093,0.03,347900000,396400000,0.8,2012-12-31,18.87,,4145600000.0,-472400000,152500000,53700000,,,None,66900000,None,,None,,,,,98800000,98800000,None,None,0.222,,-673800000,201400000,,,,,26500000,,,,,2.272,2.529,3.595,,,,,,,,0.177,,,2025-10-30,quarterly,0.83,USD,pre-market,0,,0.0306,0.128,0.129,29.85,0,,,,108.45,110.17,3.75,,,,,,,1071200000,,19.98,,117.25,88.91
2025-12-28,WEC,5.28,9547201000.0,19.98,,0.556,41.71,,,,,,,,,,,,,,,None,636500000,636500000,,,,,,None,109400000,,3.513,0.0333,,,,0.093,0.03,291700000,401100000,0.8,2012-09-30,18.87,,4145600000.0,402800000,245800000,89700000,,,None,60900000,None,,None,,,,,156100000,156100000,None,None,0.222,,122200000,280600000,,,,,26100000,,,,,2.272,2.529,3.595,,,,,,,,0.177,,,2025-10-30,quarterly,0.83,USD,pre-market,0,,0.0306,0.128,0.129,29.85,0,,,,108.45,110.17,3.75,,,,,,,1039300000,,19.98,,117.25,88.91
2025-12-28,WEC,5.28,9547201000.0,19.98,,0.556,41.71,,,,,,,,,,,,,,,None,601600000,601600000,,,,,,None,108200000,,3.513,0.0333,,,,0.093,0.03,293900000,402100000,0.8,2012-06-30,18.87,,4145600000.0,343100000,185900000,66600000,,,None,123000000,None,,None,,,,,119300000,119300000,None,None,0.222,,120500000,222600000,,,,,16100000,,,,,2.272,2.529,3.595,,,,,,,,0.177,,,2025-10-30,quarterly,0.83,USD,pre-market,0,,0.0306,0.128,0.129,29.85,0,,,,108.45,110.17,3.75,,,,,,,944700000,,19.98,,117.25,88.91
2025-12-28,WEC,5.28,9547201000.0,19.98,,0.556,41.71,,,,,,,,,,,,,,,None,777600000,777600000,,,,,,None,105600000,,3.513,0.0333,,,,0.093,0.03,312300000,417900000,0.8,2012-03-31,18.87,,4145600000.0,413600000,268400000,96300000,,,None,58900000,None,,None,,,,,172100000,172100000,None,None,0.222,,117900000,295700000,,,,,31600000,,,,,2.272,2.529,3.595,,,,,,,,0.177,,,2025-10-30,quarterly,0.83,USD,pre-market,0,,0.0306,0.128,0.129,29.85,0,,,,108.45,110.17,3.75,,,,,,,1191200000,,19.98,,117.25,88.91
2025-12-28,WEC,5.28,9547201000.0,19.98,,0.556,41.71,,,,,,,,,,,,,,,None,460500000,460500000,,,,,,None,87500000,,3.513,0.0333,,,,0.093,0.03,344900000,432400000,0.8,2011-12-31,18.87,,4145600000.0,652700000,170500000,56400000,,,None,58200000,None,,None,,,,,116000000,114100000,None,None,0.222,,459700000,193000000,,,,,35700000,,,,,2.272,2.529,3.595,,,,,,,,0.177,,,2025-10-30,quarterly,0.83,USD,pre-market,0,,0.0306,0.128,0.129,29.85,0,,,,108.45,110.17,3.75,,,,,,,1113200000,,19.98,,117.25,88.91
2025-12-28,WEC,5.28,9547201000.0,19.98,,0.556,41.71,,,,,,,,,,,,,,,None,420100000,420100000,,,,,,None,79700000,,3.513,0.0333,,,,0.093,0.03,227200000,306900000,0.8,2011-09-30,18.87,,4145600000.0,632700000,199400000,69600000,,,None,56800000,None,,None,,,,,129800000,129800000,None,None,0.222,,408400000,224300000,,,,,31900000,,,,,2.272,2.529,3.595,,,,,,,,0.177,,,2025-10-30,quarterly,0.83,USD,pre-market,0,,0.0306,0.128,0.129,29.85,0,,,,108.45,110.17,3.75,,,,,,,1052800000,,19.98,,117.25,88.91
2025-12-28,WEC,5.28,9547201000.0,19.98,,0.556,41.71,,,,,,,,,,,,,,,None,407800000,407800000,,,,,,None,85000000,,3.513,0.0333,,,,0.093,0.03,174400000,259400000,0.8,2011-06-30,18.87,,4145600000.0,583900000,146600000,48600000,,,None,57400000,None,,None,,,,,109500000,98000000,None,None,0.222,,409500000,174400000,,,,,29600000,,,,,2.272,2.529,3.595,,,,,,,,0.177,,,2025-10-30,quarterly,0.83,USD,pre-market,0,,0.0306,0.128,0.129,29.85,0,,,,108.45,110.17,3.75,,,,,,,991700000,,19.98,,117.25,88.91
2025-12-28,WEC,5.28,9547201000.0,19.98,,0.556,41.71,,,,,,,,,,,,,,,None,610000000,610000000,,,,,,None,84200000,,3.513,0.0333,,,,0.093,0.03,295600000,379800000,0.8,2011-03-31,18.87,,4145600000.0,718700000,260200000,89300000,,,None,63400000,None,,None,,,,,170900000,170900000,None,None,0.222,,423100000,295600000,,,,,28000000,,,,,2.272,2.529,3.595,,,,,,,,0.177,,,2025-10-30,quarterly,0.83,USD,pre-market,0,,0.0306,0.128,0.129,29.85,0,,,,108.45,110.17,3.75,,,,,,,1328700000,,19.98,,117.25,88.91
2025-12-28,WEC,5.28,9547201000.0,19.98,,0.556,41.71,,,,,,,,,,,,,,,None,461000000,461000000,,,,,,None,79800000,,3.513,0.0333,,,,0.093,0.03,245000000,324800000,0.8,2010-12-31,18.87,,4145600000.0,628800000,193500000,67900000,,,None,51500000,None,,None,,,,,125900000,124800000,None,None,0.222,,413100000,215700000,,,,,29300000,,,,,2.272,2.529,3.595,,,,,,,,0.177,,,2025-10-30,quarterly,0.83,USD,pre-market,0,,0.0306,0.128,0.129,29.85,0,,,,108.45,110.17,3.75,,,,,,,1089800000,,19.98,,117.25,88.91
2025-12-28,WEC,5.28,9547201000.0,19.98,,0.556,41.71,,,,,,,,,,,,,,,None,403000000,403000000,,,,,,None,80200000,,3.513,0.0333,,,,0.093,0.03,147800000,228000000,0.8,2010-09-30,18.87,,4145600000.0,570200000,175300000,63000000,,,None,52500000,None,,None,,,,,112200000,112300000,None,None,0.222,,422400000,203000000,,,,,24800000,,,,,2.272,2.529,3.595,,,,,,,,0.177,,,2025-10-30,quarterly,0.83,USD,pre-market,0,,0.0306,0.128,0.129,29.85,0,,,,108.45,110.17,3.75,,,,,,,973200000,,19.98,,117.25,88.91
2025-12-28,WEC,5.28,9547201000.0,19.98,,0.556,41.71,,,,,,,,,,,,,,,None,354200000,354200000,,,,,,None,85500000,,3.513,0.0333,,,,0.093,0.03,116100000,201600000,0.8,2010-06-30,18.87,,4145600000.0,536700000,135100000,47600000,,,None,53000000,None,,None,,,,,88700000,87500000,None,None,0.222,,373400000,163300000,,,,,24800000,,,,,2.272,2.529,3.595,,,,,,,,0.177,,,2025-10-30,quarterly,0.83,USD,pre-market,0,,0.0306,0.128,0.129,29.85,0,,,,108.45,110.17,3.75,,,,,,,890900000,,19.98,,117.25,88.91
2025-12-28,WEC,5.28,9547201000.0,19.98,,0.556,41.71,,,,,,,,,,,,,,,None,633200000,633200000,,,,,,None,71900000,,3.513,0.0333,,,,0.093,0.03,252300000,324200000,0.8,2010-03-31,18.87,,4145600000.0,615400000,201700000,71900000,,,None,49400000,None,,None,,,,,129700000,129800000,None,None,0.222,,485800000,229700000,,,,,21400000,,,,,2.272,2.529,3.595,,,,,,,,0.177,,,2025-10-30,quarterly,0.83,USD,pre-market,0,,0.0306,0.128,0.129,29.85,0,,,,108.45,110.17,3.75,,,,,,,1255900000,,19.98,,117.25,88.91
2025-12-28,WEC,5.28,9547201000.0,19.98,,0.556,41.71,,,,,,,,,,,,,,,None,495200000,495200000,,,,,,None,85100000,,3.513,0.0333,,,,0.093,0.03,218100000,303200000,0.8,2009-12-31,18.87,,4145600000.0,572100000,178800000,65200000,,,None,37700000,None,,None,,,,,118700000,0,None,None,0.222,,375500000,196600000,,,,,None,,,,,2.272,2.529,3.595,,,,,,,,0.177,,,2025-10-30,quarterly,0.83,USD,pre-market,0,,0.0306,0.128,0.129,29.85,0,,,,108.45,110.17,3.75,,,,,,,1067300000,,19.98,,117.25,88.91
2025-12-28,WEC,5.28,9547201000.0,19.98,,0.556,41.71,,,,,,,,,,,,,,,None,355300000,355300000,,,,,,None,88800000,,3.513,0.0333,,,,0.093,0.03,130700000,219500000,0.8,2009-09-30,18.87,,4145600000.0,460200000,91800000,33100000,,,None,38400000,None,,None,,,,,58500000,58700000,None,None,0.222,,355800000,104900000,,,,,25300000,,,,,2.272,2.529,3.595,,,,,,,,0.177,,,2025-10-30,quarterly,0.83,USD,pre-market,0,,0.0306,0.128,0.129,29.85,0,,,,108.45,110.17,3.75,,,,,,,821900000,,19.98,,117.25,88.91
2025-12-28,WEC,5.28,9547201000.0,19.98,,0.556,41.71,,,,,,,,,,,,,,,None,354500000,354500000,,,,,,None,114500000,,3.513,0.0333,,,,0.093,0.03,115900000,230400000,0.8,2009-06-30,18.87,,4145600000.0,481200000,101100000,37700000,,,None,39800000,None,,None,,,,,63700000,63400000,None,None,0.222,,362800000,119200000,,,,,21700000,,,,,2.272,2.529,3.595,,,,,,,,0.177,,,2025-10-30,quarterly,0.83,USD,pre-market,0,,0.0306,0.128,0.129,29.85,0,,,,108.45,110.17,3.75,,,,,,,842500000,,19.98,,117.25,88.91
2025-12-28,WEC,5.28,9547201000.0,19.98,,0.556,41.71,,,,,,,,,,,,,,,None,769100000,769100000,,,,,,None,87600000,,3.513,0.0333,,,,0.093,0.03,263600000,351200000,0.8,2009-03-31,18.87,,4145600000.0,627100000,222800000,81300000,,,None,40800000,None,,None,,,,,141500000,0,None,None,0.222,,384100000,243000000,,,,,None,,,,,2.272,2.529,3.595,,,,,,,,0.177,,,2025-10-30,quarterly,0.83,USD,pre-market,0,,0.0306,0.128,0.129,29.85,0,,,,108.45,110.17,3.75,,,,,,,1396200000,,19.98,,117.25,88.91
2025-12-28,WEC,5.28,9547201000.0,19.98,,0.556,41.71,,,,,,,,,,,,,,,None,260300000,260300000,,,,,,None,82200000,,3.513,0.0333,,,,0.093,0.03,113100000,195300000,0.8,2008-12-31,18.87,,4145600000.0,940300000,160400000,60300000,,,None,153700000,None,,None,,,,,100400000,0,None,None,0.222,,829500000,110800000,,,,,None,,,,,2.272,2.529,3.595,,,,,,,,0.177,,,2025-10-30,quarterly,0.83,USD,pre-market,0,,0.0306,0.128,0.129,29.85,0,,,,108.45,110.17,3.75,,,,,,,1200600000,,19.98,,117.25,88.91
2025-12-28,WEC,5.28,9547201000.0,19.98,,0.556,41.71,,,,,,,,,,,,,,,None,439800000,439800000,,,,,,None,85500000,,3.513,0.0333,,,,0.093,0.03,159900000,245400000,0.8,2008-09-30,18.87,,4145600000.0,411700000,121700000,44700000,,,None,38800000,None,,None,,,,,77500000,0,None,None,0.222,,273300000,-18400000,,,,,None,,,,,2.272,2.529,3.595,,,,,,,,0.177,,,2025-10-30,quarterly,0.83,USD,pre-market,0,,0.0306,0.128,0.129,29.85,0,,,,108.45,110.17,3.75,,,,,,,852500000,,19.98,,117.25,88.91
2025-12-28,WEC,5.28,9547201000.0,19.98,,0.556,41.71,,,,,,,,,,,,,,,None,483600000,483600000,,,,,,None,82200000,,3.513,0.0333,,,,0.093,0.03,127700000,209900000,0.8,2008-06-30,18.87,,4145600000.0,461800000,92800000,34500000,,,None,35400000,None,,None,,,,,58000000,0,None,None,0.222,,353900000,108200000,,,,,None,,,,,2.272,2.529,3.595,,,,,,,,0.177,,,2025-10-30,quarterly,0.83,USD,pre-market,0,,0.0306,0.128,0.129,29.85,0,,,,108.45,110.17,3.75,,,,,,,946100000,,19.98,,117.25,88.91
2025-12-28,WEC,5.28,9547201000.0,19.98,,0.556,41.71,,,,,,,,,,,,,,,None,898400000,898400000,,,,,,None,82400000,,3.513,0.0333,,,,0.093,0.03,239600000,322000000,0.8,2008-03-31,18.87,,4145600000.0,532700000,200800000,77600000,,,None,39200000,None,,None,,,,,123200000,0,None,None,0.222,,315200000,58900000,,,,,None,,,,,2.272,2.529,3.595,,,,,,,,0.177,,,2025-10-30,quarterly,0.83,USD,pre-market,0,,0.0306,0.128,0.129,29.85,0,,,,108.45,110.17,3.75,,,,,,,1431800000,,19.98,,117.25,88.91
2025-12-28,WEC,5.28,9547201000.0,19.98,,0.556,41.71,,,,,,,,,,,,,,,None,280300000,280300000,,,,,,None,79800000,,3.513,0.0333,,,,0.093,0.03,185800000,265600000,0.8,2007-12-31,18.87,,4145600000.0,868400000,157500000,62900000,,,None,167600000,None,,None,,,,,94300000,0,None,None,0.222,,682600000,185800000,,,,,None,,,,,2.272,2.529,3.595,,,,,,,,0.177,,,2025-10-30,quarterly,0.83,USD,pre-market,0,,0.0306,0.128,0.129,29.85,0,,,,108.45,110.17,3.75,,,,,,,1148700000,,19.98,,117.25,88.91
2025-12-28,WEC,5.28,9547201000.0,19.98,,0.556,41.71,,,,,,,,,,,,,,,None,254300000,254300000,,,,,,None,96600000,,3.513,0.0333,,,,0.093,0.03,153100000,249700000,0.8,2007-09-30,18.87,,4145600000.0,627200000,136300000,53200000,,,None,42500000,None,,None,,,,,82900000,0,None,None,0.222,,474100000,153100000,,,,,None,,,,,2.272,2.529,3.595,,,,,,,,0.177,,,2025-10-30,quarterly,0.83,USD,pre-market,0,,0.0306,0.128,0.129,29.85,0,,,,108.45,110.17,3.75,,,,,,,881500000,,19.98,,117.25,88.91
2025-12-28,WEC,5.28,9547201000.0,19.98,,0.556,41.71,,,,,,,,,,,,,,,None,232300000,232300000,,,,,,None,89800000,,3.513,0.0333,,,,0.093,0.03,105100000,194900000,0.8,2007-06-30,18.87,,4145600000.0,674200000,93400000,35700000,,,None,42000000,None,,None,,,,,57500000,0,None,None,0.222,,569100000,105100000,,,,,None,,,,,2.272,2.529,3.595,,,,,,,,0.177,,,2025-10-30,quarterly,0.83,USD,pre-market,0,,0.0306,0.128,0.129,29.85,0,,,,108.45,110.17,3.75,,,,,,,906500000,,19.98,,117.25,88.91
2025-12-28,WEC,5.28,9547201000.0,19.98,,0.556,41.71,,,,,,,,,,,,,,,None,229500000,229500000,,,,,,None,95000000,,3.513,0.0333,,,,0.093,0.03,184500000,279500000,0.8,2007-03-31,18.87,,4145600000.0,1071600000,165700000,64600000,,,None,42700000,None,,None,,,,,100900000,0,None,None,0.222,,887100000,184500000,,,,,None,,,,,2.272,2.529,3.595,,,,,,,,0.177,,,2025-10-30,quarterly,0.83,USD,pre-market,0,,0.0306,0.128,0.129,29.85,0,,,,108.45,110.17,3.75,,,,,,,1301100000,,19.98,,117.25,88.91
2025-12-28,WEC,5.28,9547201000.0,19.98,,0.556,41.71,,,,,,,,,,,,,,,None,218200000,218200000,,,,,,None,64500000,,3.513,0.0333,,,,0.093,0.03,157100000,221600000,0.8,2006-12-31,18.87,,4145600000.0,877000000,113400000,35800000,,,None,43400000,None,,None,,,,,77000000,0,None,None,0.222,,738400000,138600000,,,,,None,,,,,2.272,2.529,3.595,,,,,,,,0.177,,,2025-10-30,quarterly,0.83,USD,pre-market,0,,0.0306,0.128,0.129,29.85,0,,,,108.45,110.17,3.75,,,,,,,1095200000,,19.98,,117.25,88.91
2025-12-28,WEC,5.28,9547201000.0,19.98,,0.556,41.71,,,,,,,,,,,,,,,None,229800000,229800000,,,,,,None,91600000,,3.513,0.0333,,,,0.093,0.03,131200000,222800000,0.8,2006-09-30,18.87,,4145600000.0,610000000,114600000,43800000,,,None,41500000,None,,None,,,,,70800000,0,None,None,0.222,,478800000,131200000,,,,,None,,,,,2.272,2.529,3.595,,,,,,,,0.177,,,2025-10-30,quarterly,0.83,USD,pre-market,0,,0.0306,0.128,0.129,29.85,0,,,,108.45,110.17,3.75,,,,,,,839800000,,19.98,,117.25,88.91
2025-12-28,WEC,5.28,9547201000.0,19.98,,0.556,41.71,,,,,,,,,,,,,,,None,184800000,184800000,,,,,,None,95700000,,3.513,0.0333,,,,0.093,0.03,107100000,202800000,0.8,2006-06-30,18.87,,4145600000.0,629600000,92200000,32500000,,,None,42600000,None,,None,,,,,62900000,0,None,None,0.222,,522500000,107100000,,,,,None,,,,,2.272,2.529,3.595,,,,,,,,0.177,,,2025-10-30,quarterly,0.83,USD,pre-market,0,,0.0306,0.128,0.129,29.85,0,,,,108.45,110.17,3.75,,,,,,,814400000,,19.98,,117.25,88.91
2025-12-28,WEC,5.28,9547201000.0,19.98,,0.556,41.71,,,,,,,,,,,,,,,None,169200000,169200000,,,,,,None,85000000,,3.513,0.0333,,,,0.093,0.03,191600000,276600000,0.8,2006-03-31,18.87,,4145600000.0,1077800000,167300000,62900000,,,None,45200000,None,,None,,,,,105700000,0,None,None,0.222,,886200000,191600000,,,,,None,,,,,2.272,2.529,3.595,,,,,,,,0.177,,,2025-10-30,quarterly,0.83,USD,pre-market,0,,0.0306,0.128,0.129,29.85,0,,,,108.45,110.17,3.75,,,,,,,1247000000,,19.98,,117.25,88.91
2025-12-28,WEC,5.28,9547201000.0,19.98,,0.556,41.71,,,,,,,,,,,,,,,None,191800000,191800000,,,,,,None,88600000,,3.513,0.0333,,,,0.093,0.03,177800000,266400000,0.8,2005-12-31,18.87,,4145600000.0,943200000,139900000,48900000,,,None,44900000,None,,None,,,,,90600000,0,None,None,0.222,,765400000,177800000,,,,,None,,,,,2.272,2.529,3.595,,,,,,,,0.177,,,2025-10-30,quarterly,0.83,USD,pre-market,0,,0.0306,0.128,0.129,29.85,0,,,,108.45,110.17,3.75,,,,,,,1135000000,,19.98,,117.25,88.91
2025-12-28,WEC,5.28,9547201000.0,19.98,,0.556,41.71,,,,,,,,,,,,,,,None,240500000,240500000,,,,,,None,77100000,,3.513,0.0333,,,,0.093,0.03,145800000,222900000,0.8,2005-09-30,18.87,,4145600000.0,556800000,105800000,40000000,,,None,44600000,None,,None,,,,,66200000,0,None,None,0.222,,428400000,128400000,,,,,None,,,,,2.272,2.529,3.595,,,,,,,,0.177,,,2025-10-30,quarterly,0.83,USD,pre-market,0,,0.0306,0.128,0.129,29.85,0,,,,108.45,110.17,3.75,,,,,,,797300000,,19.98,,117.25,88.91
2025-12-28,WEC,5.28,9547201000.0,19.98,,0.556,41.71,,,,,,,,,,,,,,,None,4814000000,4814000000,,,,,,None,1354500000,,3.513,0.0333,,,,0.093,0.03,2561600000,3916100000,0.8,2024-12-31,18.87,,4145600000.0,3785900000,1746300000,222000000,,,None,815300000,17200000,,None,,,,,1528400000,1524300000,-798100000,None,0.222,,1633100000,2152800000,,,,,None,,,,,2.272,2.529,3.595,,,,,,,,0.177,,,2025-10-30,annual,0.83,USD,pre-market,None,,0.0306,0.128,0.129,29.85,5800000,,,,108.45,110.17,3.75,,,,,,,8599900000,,19.98,,117.25,88.91
2025-12-28,WEC,5.28,9547201000.0,19.98,,0.556,41.71,,,,,,,,,,,,,,,None,5291700000,5291700000,,,,,,None,1264200000,,3.513,0.0333,,,,0.093,0.03,2263700000,3527900000,0.8,2023-12-31,18.87,,4145600000.0,3601300000,1536300000,204600000,,,None,727400000,3900000,,None,,,,,1332900000,1331700000,-683600000,None,0.222,,1693300000,1908000000,,,,,None,,,,,2.272,2.529,3.595,,,,,,,,0.177,,,2025-10-30,annual,0.83,USD,pre-market,None,,0.0306,0.128,0.129,29.85,5900000,,,,108.45,110.17,3.75,,,,,,,8893000000,,19.98,,117.25,88.91
2025-12-28,WEC,5.28,9547201000.0,19.98,,0.556,41.71,,,,,,,,,,,,,,,None,6296900000,6296900000,,,,,,None,1122600000,,3.513,0.0333,,,,0.093,0.03,2247700000,3370300000,0.8,2022-12-31,18.87,,4145600000.0,3300500000,1732600000,322900000,,,None,515100000,320400000,,None,,,,,1409300000,1409700000,-515100000,None,0.222,,1376300000,1924200000,,,,,323500000,,,,,2.272,2.529,3.595,,,,,,,,0.177,,,2025-10-30,annual,0.83,USD,pre-market,None,,0.0306,0.128,0.129,29.85,2191700000,,,,108.45,110.17,3.75,,,,,,,9597400000,,19.98,,117.25,88.91
2025-12-28,WEC,5.28,9547201000.0,19.98,,0.556,41.71,,,,,,,,,,,,,,,None,5316500000,5316500000,,,,,,None,1074300000,,3.513,0.0333,,,,0.093,0.03,1969900000,3044200000,0.8,2021-12-31,18.87,,4145600000.0,2999500000,1498800000,200300000,,,None,471100000,313000000,,None,,,,,1301500000,1298500000,-471100000,None,0.222,,1284600000,1714900000,,,,,255000000,,,,,2.272,2.529,3.595,,,,,,,,0.177,,,2025-10-30,annual,0.83,USD,pre-market,None,,0.0306,0.128,0.129,29.85,2215800000,,,,108.45,110.17,3.75,,,,,,,8316000000,,19.98,,117.25,88.91
2025-12-28,WEC,5.28,9547201000.0,19.98,,0.556,41.71,,,,,,,,,,,,,,,None,4351700000,4351700000,,,,,,None,975900000,,3.513,0.0333,,,,0.093,0.03,1923000000,2898900000,0.8,2020-12-31,18.87,,4145600000.0,2890000000,1429300000,227900000,,,None,493700000,317900000,,None,,,,,1201100000,1201400000,-493700000,None,0.222,,1183900000,1706100000,,,,,216900000,,,,,2.272,2.529,3.595,,,,,,,,0.177,,,2025-10-30,annual,0.83,USD,pre-market,None,,0.0306,0.128,0.129,29.85,2240200000,,,,108.45,110.17,3.75,,,,,,,7241700000,,19.98,,117.25,88.91
2025-12-28,WEC,5.28,9547201000.0,19.98,,0.556,41.71,,,,,,,,,,,,,,,None,4863600000,4863600000,,,,,,None,926300000,,3.513,0.0333,,,,0.093,0.03,1761200000,2687500000,0.8,2019-12-31,18.87,,4145600000.0,2659500000,1259700000,125000000,,,None,501500000,352700000,,None,,,,,1135200000,1134700000,-501500000,None,0.222,,1128100000,1531400000,,,,,229800000,,,,,2.272,2.529,3.595,,,,,,,,0.177,,,2025-10-30,annual,0.83,USD,pre-market,None,,0.0306,0.128,0.129,29.85,2386600000,,,,108.45,110.17,3.75,,,,,,,7523100000,,19.98,,117.25,88.91
2025-12-28,WEC,5.28,9547201000.0,19.98,,0.556,41.71,,,,,,,,,,,,,,,None,5168400000,5168400000,,,,,,None,845800000,,3.513,0.0333,,,,0.093,0.03,1675400000,2521200000,0.8,2018-12-31,18.87,,4145600000.0,2511100000,1230300000,169800000,,,None,445100000,308400000,,None,,,,,1060500000,1060500000,-445100000,None,0.222,,1042700000,1468400000,,,,,207000000,,,,,2.272,2.529,3.595,,,,,,,,0.177,,,2025-10-30,annual,0.83,USD,pre-market,0,,0.0306,0.128,0.129,29.85,2467400000,,,,108.45,110.17,3.75,,,,,,,7679500000,,19.98,,117.25,88.91
2025-12-28,WEC,5.28,9547201000.0,19.98,,0.556,41.71,,,,,,,,,,,,,,,None,4878900000,4878900000,,,,,,None,798600000,,3.513,0.0333,,,,0.093,0.03,2004100000,2802700000,0.8,2017-12-31,18.87,,4145600000.0,2769600000,1588400000,383500000,,,None,415700000,261400000,,None,,,,,1204900000,1204900000,-415700000,None,0.222,,993500000,1785200000,,,,,218900000,,,,,2.272,2.529,3.595,,,,,,,,0.177,,,2025-10-30,annual,0.83,USD,pre-market,0,,0.0306,0.128,0.129,29.85,194900000,,,,108.45,110.17,3.75,,,,,,,7648500000,,19.98,,117.25,88.91
2025-12-28,WEC,5.28,9547201000.0,19.98,,0.556,41.71,,,,,,,,,,,,,,,None,4818700000,4818700000,,,,,,None,762600000,,3.513,0.0333,,,,0.093,0.03,1909400000,2672000000,0.8,2016-12-31,18.87,,4145600000.0,2653600000,1506700000,566500000,,,None,402700000,256200000,,None,,,,,940200000,940200000,-402700000,None,0.222,,957300000,1682100000,,,,,227300000,,,,,2.272,2.529,3.595,,,,,,,,0.177,,,2025-10-30,annual,0.83,USD,pre-market,0,,0.0306,0.128,0.129,29.85,194700000,,,,108.45,110.17,3.75,,,,,,,7472300000,,19.98,,117.25,88.91
2025-12-28,WEC,5.28,9547201000.0,19.98,,0.556,41.71,,,,,,,,,,,,,,,None,3949400000,3949400000,,,,,,None,583500000,,3.513,0.0333,,,,0.093,0.03,1405500000,1989000000,0.8,2015-12-31,18.87,,4145600000.0,1976700000,1074100000,433800000,,,None,331400000,235300000,,None,,,,,640300000,640300000,None,None,0.222,,726200000,1250500000,,,,,155000000,,,,,2.272,2.529,3.595,,,,,,,,0.177,,,2025-10-30,annual,0.83,USD,pre-market,0,,0.0306,0.128,0.129,29.85,36200000,,,,108.45,110.17,3.75,,,,,,,5926100000,,19.98,,117.25,88.91
2025-12-28,WEC,5.28,9547201000.0,19.98,,0.556,41.71,,,,,,,,,,,,,,,None,3371800000,3371800000,,,,,,None,419400000,,3.513,0.0333,,,,0.093,0.03,1189100000,1608500000,0.8,2014-12-31,18.87,,4145600000.0,1625300000,950000000,361700000,,,None,240300000,None,,None,,,,,588300000,588300000,None,None,0.222,,513200000,1112100000,,,,,79300000,,,,,2.272,2.529,3.595,,,,,,,,0.177,,,2025-10-30,annual,0.83,USD,pre-market,0,,0.0306,0.128,0.129,29.85,36200000,,,,108.45,110.17,3.75,,,,,,,4997100000,,19.98,,117.25,88.91
2025-12-28,WEC,5.28,9547201000.0,19.98,,0.556,41.71,,,,,,,,,,,,,,,None,2982100000,2982100000,,,,,,None,400200000,,3.513,0.0333,,,,0.093,0.03,1163200000,1563400000,0.8,2013-12-31,18.87,,4145600000.0,1536900000,915300000,337900000,,,None,250900000,None,,None,,,,,577400000,577400000,None,None,0.222,,456800000,1080100000,,,,,87200000,,,,,2.272,2.529,3.595,,,,,,,,0.177,,,2025-10-30,annual,0.83,USD,pre-market,0,,0.0306,0.128,0.129,29.85,0,,,,108.45,110.17,3.75,,,,,,,4519000000,,19.98,,117.25,88.91
2025-12-28,WEC,5.28,9547201000.0,19.98,,0.556,41.71,,,,,,,,,,,,,,,None,2760500000,2760500000,,,,,,None,371700000,,3.513,0.0333,,,,0.093,0.03,1100800000,1472500000,0.8,2012-12-31,18.87,,4145600000.0,1485900000,852600000,306300000,,,None,248200000,None,,None,,,,,546300000,546300000,None,None,0.222,,485600000,1000300000,,,,,100300000,,,,,2.272,2.529,3.595,,,,,,,,0.177,,,2025-10-30,annual,0.83,USD,pre-market,0,,0.0306,0.128,0.129,29.85,0,,,,108.45,110.17,3.75,,,,,,,4246400000,,19.98,,117.25,88.91
2025-12-28,WEC,5.28,9547201000.0,19.98,,0.556,41.71,,,,,,,,,,,,,,,None,3155200000,3155200000,,,,,,None,336400000,,3.513,0.0333,,,,0.093,0.03,1012500000,1348900000,0.8,2011-12-31,18.87,,4145600000.0,1331200000,776700000,263900000,,,None,235800000,None,,None,,,,,526200000,512800000,None,None,0.222,,443900000,887300000,,,,,125200000,,,,,2.272,2.529,3.595,,,,,,,,0.177,,,2025-10-30,annual,0.83,USD,pre-market,0,,0.0306,0.128,0.129,29.85,0,,,,108.45,110.17,3.75,,,,,,,4486400000,,19.98,,117.25,88.91
2025-12-28,WEC,5.28,9547201000.0,19.98,,0.556,41.71,,,,,,,,,,,,,,,None,3178900000,3178900000,,,,,,None,317400000,,3.513,0.0333,,,,0.093,0.03,910700000,1228100000,0.8,2010-12-31,18.87,,4145600000.0,1023600000,704300000,249900000,,,None,206400000,None,,None,,,,,456500000,454400000,None,None,0.222,,213200000,810400000,,,,,100300000,,,,,2.272,2.529,3.595,,,,,,,,0.177,,,2025-10-30,annual,0.83,USD,pre-market,0,,0.0306,0.128,0.129,29.85,0,,,,108.45,110.17,3.75,,,,,,,4202500000,,19.98,,117.25,88.91
2025-12-28,WEC,5.28,9547201000.0,19.98,,0.556,41.71,,,,,,,,,,,,,,,None,1971700000,1971700000,,,,,,None,349400000,,3.513,0.0333,,,,0.093,0.03,745400000,1094800000,0.8,2009-12-31,18.87,,4145600000.0,2129200000,594500000,217300000,,,None,156700000,None,,None,,,,,382400000,377200000,None,None,0.222,,1468900000,663700000,,,,,87500000,,,,,2.272,2.529,3.595,,,,,,,,0.177,,,2025-10-30,annual,0.83,USD,pre-market,0,,0.0306,0.128,0.129,29.85,0,,,,108.45,110.17,3.75,,,,,,,4127900000,,19.98,,117.25,88.91
2025-12-28,WEC,5.28,9547201000.0,19.98,,0.556,41.71,,,,,,,,,,,,,,,None,2461600000,2461600000,,,,,,None,332300000,,3.513,0.0333,,,,0.093,0.03,727800000,1060100000,0.8,2008-12-31,18.87,,4145600000.0,1966200000,575700000,217100000,,,None,153700000,None,,None,,,,,359100000,None,None,None,0.222,,1307000000,172500000,,,,,None,,,,,2.272,2.529,3.595,,,,,,,,0.177,,,2025-10-30,annual,0.83,USD,pre-market,None,,0.0306,0.128,0.129,29.85,None,,,,108.45,110.17,3.75,,,,,,,4431000000,,19.98,,117.25,88.91
2025-12-28,WEC,5.28,9547201000.0,19.98,,0.556,41.71,,,,,,,,,,,,,,,None,996400000,996400000,,,,,,None,361200000,,3.513,0.0333,,,,0.093,0.03,605300000,966500000,0.8,2007-12-31,18.87,,4145600000.0,3241400000,552900000,216400000,,,None,167600000,None,,None,,,,,335600000,None,None,None,0.222,,2612900000,628500000,,,,,None,,,,,2.272,2.529,3.595,,,,,,,,0.177,,,2025-10-30,annual,0.83,USD,pre-market,None,,0.0306,0.128,0.129,29.85,None,,,,108.45,110.17,3.75,,,,,,,4237800000,,19.98,,117.25,88.91
2025-12-28,WEC,5.28,9547201000.0,19.98,,0.556,41.71,,,,,,,,,,,,,,,None,802000000,802000000,,,,,,None,336800000,,3.513,0.0333,,,,0.093,0.03,597200000,934000000,0.8,2006-12-31,18.87,,4145600000.0,3194400000,487500000,175000000,,,None,0,None,,None,,,,,316400000,None,None,None,0.222,,2625900000,568500000,,,,,None,,,,,2.272,2.529,3.595,,,,,,,,0.177,,,2025-10-30,annual,0.83,USD,pre-market,None,,0.0306,0.128,0.129,29.85,None,,,,108.45,110.17,3.75,,,,,,,3996400000,,19.98,,117.25,88.91
2025-12-28,WEC,5.28,9547201000.0,19.98,,0.556,41.71,,,,,,,,,,,,,,,None,776700000,776700000,,,,,,None,350000000,,3.513,0.0333,,,,0.093,0.03,562900000,912900000,0.8,2005-12-31,18.87,,4145600000.0,3038800000,452800000,149200000,,,None,0,None,,None,,,,,308700000,None,None,None,0.222,,2475900000,562900000,,,,,None,,,,,2.272,2.529,3.595,,,,,,,,0.177,,,2025-10-30,annual,0.83,USD,pre-market,None,,0.0306,0.128,0.129,29.85,None,,,,108.45,110.17,3.75,,,,,,,3815500000,,19.98,,117.25,88.91
2025-12-28,WEC,5.28,9547201000.0,19.98,None,0.556,41.71,,364200000,51100000,51100000,,,,,,,,,3200000,325600000,None,776700000,776700000,917000000,None,3162000000,1269500000,None,None,350000000,,3.513,0.0333,,,,0.093,0.03,562900000,912900000,0.8,2025-09-30,18.87,3052800000,4145600000.0,3038800000,452800000,149200000,595000000,595000000,None,0,None,842800000,None,None,17663300000,None,2268800000,308700000,None,None,None,0.222,,2475900000,562900000,144000000,971300000,None,1586000000,None,,,,,2.272,2.529,3.595,,,,,,,,0.177,,37354200000,2025-10-30,quarterly,0.83,USD,pre-market,None,8467299999,0.0306,0.128,0.129,29.85,None,21189500000,3162000000,None,108.45,110.17,3.75,49808900000,2163400000,5050300000,35798100000,41002000000,30747800000,3815500000,13598800000,19.98,None,117.25,88.91
2025-12-28,WEC,5.28,9547201000.0,19.98,None,0.556,41.71,,361800000,23000000,23000000,,,,,,,,,3200000,320700000,None,776700000,776700000,816500000,None,3060700000,1496400000,None,None,350000000,,3.513,0.0333,,,,0.093,0.03,562900000,912900000,0.8,2025-06-30,18.87,3052800000,4145600000.0,3038800000,452800000,149200000,609700000,609700000,None,0,None,703000000,None,None,17110400000,None,2200100000,308700000,None,None,None,0.222,,2475900000,562900000,376700000,820400000,None,1526700000,None,,,,,2.272,2.529,3.595,,,,,,,,0.177,,36060800000,2025-10-30,quarterly,0.83,USD,pre-market,None,8484700000,0.0306,0.128,0.129,29.85,None,20532900000,3060700000,None,108.45,110.17,3.75,48524300000,2599100000,4697600000,34854200000,45925200000,30156600000,3815500000,13253500000,19.98,None,117.25,88.91
2025-12-28,WEC,5.28,9547201000.0,19.98,None,0.556,41.71,,293900000,82200000,82200000,,,,,,,,,3200000,319300000,None,776700000,776700000,791500000,None,4057000000,1812400000,None,None,350000000,,3.513,0.0333,,,,0.093,0.03,562900000,912900000,0.8,2025-03-31,18.87,3052800000,4145600000.0,3038800000,452800000,149200000,34500000,34500000,None,0,None,576000000,None,None,16161800000,None,2149000000,308700000,None,None,None,0.222,,2475900000,562900000,472700000,1014400000,None,1492500000,None,,,,,2.272,2.529,3.595,,,,,,,,0.177,,35447800000,2025-10-30,quarterly,0.83,USD,pre-market,None,8524400000,0.0306,0.128,0.129,29.85,None,20512700000,4057000000,None,108.45,110.17,3.75,48232100000,2943300000,5862900000,34805100000,45288800000,28942200000,3815500000,13006200000,19.98,None,117.25,88.91
2025-12-28,WEC,5.28,9547201000.0,19.98,None,0.556,41.71,,303300000,9800000,9800000,,,,,,,,,3200000,317500000,None,776700000,776700000,1137100000,None,2845600000,1669300000,None,None,350000000,,3.513,0.0333,,,,0.093,0.03,562900000,912900000,0.8,2024-12-31,18.87,3052800000,4145600000.0,3038800000,452800000,149200000,34500000,34500000,None,0,None,813200000,None,None,17178100000,None,2108900000,308700000,None,None,None,0.222,,2475900000,562900000,419400000,859200000,None,1404900000,None,,,,,2.272,2.529,3.595,,,,,,,,0.177,,34677500000,2025-10-30,quarterly,0.83,USD,pre-market,None,8083800000,0.0306,0.128,0.129,29.85,None,20327000000,2845600000,None,108.45,110.17,3.75,47363200000,2911700000,4841900000,34561300000,44451500000,29719400000,3815500000,12425400000,19.98,None,117.25,88.91
2025-12-28,WEC,5.28,9547201000.0,19.98,None,0.556,41.71,,None,322500000,322500000,,,,,,,,,3200000,316500000,None,776700000,776700000,740700000,None,2420700000,1175500000,None,None,350000000,,3.513,0.0333,,,,0.093,0.03,562900000,912900000,0.8,2024-09-30,18.87,3052800000,4145600000.0,3038800000,452800000,149200000,554600000,554600000,None,0,None,789900000,None,None,16889200000,None,2080800000,308700000,None,None,None,0.222,,2475900000,562900000,331300000,848000000,None,1377100000,None,,,,,2.272,2.529,3.595,,,,,,,,0.177,,32852900000,2025-10-30,quarterly,0.83,USD,pre-market,None,7895300000,0.0306,0.128,0.129,29.85,None,19309900000,2420700000,None,108.45,110.17,3.75,45196500000,2619200000,4009400000,32805300000,42577300000,28795900000,3815500000,12112400000,19.98,None,117.25,88.91
2025-12-28,WEC,5.28,9547201000.0,19.98,None,0.556,41.71,,None,224000000,224000000,,,,,,,,,3200000,316200000,None,776700000,776700000,799900000,None,1918700000,1242700000,None,None,350000000,,3.513,0.0333,,,,0.093,0.03,562900000,912900000,0.8,2024-06-30,18.87,3052800000,4145600000.0,3038800000,452800000,149200000,29300000,29300000,None,0,None,695800000,None,None,16907800000,None,2055800000,308700000,None,None,None,0.222,,2475900000,562900000,421600000,773000000,None,1362200000,None,,,,,2.272,2.529,3.595,,,,,,,,0.177,,None,2025-10-30,quarterly,0.83,USD,pre-market,None,7919200000,0.0306,0.128,0.129,29.85,None,18826500000,1918700000,None,108.45,110.17,3.75,44582200000,2584100000,3491600000,32187800000,41998100000,28696200000,3815500000,12113300000,19.98,None,117.25,88.91
2025-12-28,WEC,5.28,9547201000.0,19.98,None,0.556,41.71,,None,38900000,38900000,,,,,,,,,3200000,315900000,None,776700000,776700000,640900000,None,3214700000,1557000000,None,None,350000000,,3.513,0.0333,,,,0.093,0.03,562900000,912900000,0.8,2024-03-31,18.87,3052800000,4145600000.0,3038800000,452800000,149200000,34500000,34500000,None,0,None,608600000,None,None,15375800000,None,2027100000,308700000,None,None,None,0.222,,2475900000,562900000,400100000,854100000,None,1387700000,None,,,,,2.272,2.529,3.595,,,,,,,,0.177,,None,2025-10-30,quarterly,0.83,USD,pre-market,None,7971600000,0.0306,0.128,0.129,29.85,None,18590500000,3214700000,None,108.45,110.17,3.75,43927200000,2604600000,4709700000,31501100000,41322600000,26791400000,3815500000,12143100000,19.98,None,117.25,88.91
2025-12-28,WEC,5.28,9547201000.0,19.98,None,0.556,41.71,,145900000,42900000,42900000,,,,,,,,,3200000,315800000,None,776700000,776700000,896600000,None,3285100000,1503200000,None,None,350000000,,3.513,0.0333,,,,0.093,0.03,562900000,912900000,0.8,2023-12-31,18.87,3052800000,4145600000.0,3038800000,452800000,149200000,34500000,34500000,None,0,None,775200000,None,None,15366900000,None,2005900000,308700000,None,None,None,0.222,,2475900000,562900000,474400000,933100000,None,1254100000,None,,,,,2.272,2.529,3.595,,,,,,,,0.177,,None,2025-10-30,quarterly,0.83,USD,pre-market,None,7612800000,0.0306,0.128,0.129,29.85,None,18797900000,3285100000,None,108.45,110.17,3.75,43939700000,2795700000,5114800000,31868200000,41144000000,26753400000,3815500000,11754600000,19.98,None,117.25,88.91
2025-12-28,WEC,5.28,9547201000.0,19.98,None,0.556,41.71,,None,45900000,45900000,,,,,,,,,3200000,315800000,None,776700000,776700000,867700000,None,2262200000,1243200000,None,None,350000000,,3.513,0.0333,,,,0.093,0.03,562900000,912900000,0.8,2023-09-30,18.87,3052800000,4145600000.0,3038800000,452800000,149200000,608200000,608200000,None,0,None,749900000,None,None,15956500000,None,1983800000,308700000,None,None,None,0.222,,2475900000,562900000,404600000,943800000,None,1436500000,None,,,,,2.272,2.529,3.595,,,,,,,,0.177,,31467500000,2025-10-30,quarterly,0.83,USD,pre-market,None,7640400000,0.0306,0.128,0.129,29.85,None,18218700000,2262200000,None,108.45,110.17,3.75,43441700000,2443600000,4073700000,31341400000,40998100000,27267700000,3815500000,11783400000,19.98,None,117.25,88.91
2025-12-28,WEC,5.28,9547201000.0,19.98,None,0.556,41.71,,None,54700000,54700000,,,,,,,,,3200000,315900000,None,776700000,776700000,748500000,None,2467800000,1315100000,None,None,350000000,,3.513,0.0333,,,,0.093,0.03,562900000,912900000,0.8,2023-06-30,18.87,3052800000,4145600000.0,3038800000,452800000,149200000,621600000,621600000,None,0,None,603700000,None,None,15608300000,None,1955900000,308700000,None,None,None,0.222,,2475900000,562900000,484100000,880600000,None,6145200000,None,,,,,2.272,2.529,3.595,,,,,,,,0.177,,31010400000,2025-10-30,quarterly,0.83,USD,pre-market,None,7570400000,0.0306,0.128,0.129,29.85,None,18076100000,2467800000,None,108.45,110.17,3.75,43019300000,2457600000,4096900000,30987900000,40561700000,26891000000,3815500000,11711800000,19.98,None,117.25,88.91
2025-12-28,WEC,5.28,9547201000.0,19.98,None,0.556,41.71,,None,35700000,35700000,,,,,,,,,3200000,315900000,None,776700000,776700000,680000000,None,2069400000,1780600000,None,None,350000000,,3.513,0.0333,,,,0.093,0.03,562900000,912900000,0.8,2023-03-31,18.87,3052800000,4145600000.0,3038800000,452800000,149200000,29300000,29300000,None,0,None,523500000,None,None,15827300000,None,1921700000,308700000,None,None,None,0.222,,2475900000,562900000,498700000,1016400000,None,1794900000,None,,,,,2.272,2.529,3.595,,,,,,,,0.177,,30379400000,2025-10-30,quarterly,0.83,USD,pre-market,None,7526700000,0.0306,0.128,0.129,29.85,None,17896700000,2069400000,None,108.45,110.17,3.75,42795900000,2838500000,3765800000,30808200000,39957400000,27042400000,3815500000,11667000000,19.98,None,117.25,88.91
2025-12-28,WEC,5.28,9547201000.0,19.98,None,0.556,41.71,,183200000,28900000,28900000,,,,,,,,,3200000,315900000,None,776700000,776700000,1198100000,None,2528300000,1818400000,None,None,350000000,,3.513,0.0333,,,,0.093,0.03,562900000,912900000,0.8,2022-12-31,18.87,3052800000,4145600000.0,3038800000,452800000,149200000,24900000,24900000,None,0,None,807100000,None,None,14766200000,None,1909200000,308700000,None,None,None,0.222,,2475900000,562900000,533300000,811900000,None,1475300000,None,,,,,2.272,2.529,3.595,,,,,,,,0.177,,29113800000,2025-10-30,quarterly,0.83,USD,pre-market,None,7265300000,0.0306,0.128,0.129,29.85,None,17367200000,2601000000,1909200000,108.45,110.17,3.75,41872100000,3187700000,4611000000,30255500000,38684400000,25644500000,3815500000,11407300000,19.98,None,117.25,88.91
2025-12-28,WEC,5.28,9547201000.0,19.98,None,0.556,41.71,,None,28500000,28500000,,,,,,,,,3200000,316200000,None,776700000,776700000,1158000000,None,1426700000,1321800000,None,None,350000000,,3.513,0.0333,,,,0.093,0.03,562900000,912900000,0.8,2022-09-30,18.87,3052800000,4145600000.0,3038800000,452800000,149200000,17400000,17400000,None,0,None,924600000,None,None,14910700000,None,1875900000,308700000,None,None,None,0.222,,2475900000,562900000,496100000,785000000,None,1323000000,None,,,,,2.272,2.529,3.595,,,,,,,,0.177,,28575300000,2025-10-30,quarterly,0.83,USD,pre-market,None,7242000000,0.0306,0.128,0.129,29.85,None,16337400000,1426700000,1875900000,108.45,110.17,3.75,40761000000,2771000000,3369700000,29164900000,37990000000,25795200000,3815500000,11385900000,19.98,None,117.25,88.91
2025-12-28,WEC,5.28,9547201000.0,19.98,None,0.556,41.71,,None,30300000,30300000,,,,,,,,,3200000,316200000,None,776700000,776700000,1078200000,None,1803500000,1581900000,None,None,350000000,,3.513,0.0333,,,,0.093,0.03,562900000,912900000,0.8,2022-06-30,18.87,3052800000,4145600000.0,3038800000,452800000,149200000,5700000,5700000,None,0,None,572200000,None,None,13523400000,None,1837200000,308700000,None,None,None,0.222,,2475900000,562900000,458100000,936100000,None,1176900000,None,,,,,2.272,2.529,3.595,,,,,,,,0.177,,27626200000,2025-10-30,quarterly,0.83,USD,pre-market,None,7169500000,0.0306,0.128,0.129,29.85,None,15326900000,1803500000,1837200000,108.45,110.17,3.75,39607100000,2642500000,3817800000,28116500000,36964600000,24298700000,3815500000,11321000000,19.98,None,117.25,88.91
2025-12-28,WEC,5.28,9547201000.0,19.98,None,0.556,41.71,,None,33800000,33800000,,,,,,,,,3200000,316200000,None,776700000,776700000,693700000,None,1613400000,1635700000,None,None,350000000,,3.513,0.0333,,,,0.093,0.03,562900000,912900000,0.8,2022-03-31,18.87,3052800000,4145600000.0,3038800000,452800000,149200000,5700000,5700000,None,0,None,368800000,None,None,13514300000,None,1818200000,308700000,None,None,None,0.222,,2475900000,562900000,524300000,957300000,None,1173000000,None,,,,,2.272,2.529,3.595,,,,,,,,0.177,,27110200000,2025-10-30,quarterly,0.83,USD,pre-market,None,7111400000,0.0306,0.128,0.129,29.85,None,15127700000,1613400000,1818200000,108.45,110.17,3.75,38974500000,2562600000,3264400000,27530000000,36411900000,24265600000,3815500000,11273600000,19.98,None,117.25,88.91
2025-12-28,WEC,5.28,9547201000.0,19.98,None,0.556,41.71,,129700000,16300000,16300000,,,,,,,,,3200000,316200000,None,776700000,776700000,1005700000,None,2066400000,1505700000,None,None,350000000,,3.513,0.0333,,,,0.093,0.03,562900000,912900000,0.8,2021-12-31,18.87,3052800000,4145600000.0,3038800000,452800000,149200000,5700000,5700000,None,0,None,635800000,None,None,13523700000,None,1789400000,308700000,None,None,None,0.222,,2475900000,562900000,498900000,680900000,None,1203200000,None,,,,,2.272,2.529,3.595,,,,,,,,0.177,,26982400000,2025-10-30,quarterly,0.83,USD,pre-market,None,6775100000,0.0306,0.128,0.129,29.85,None,15590100000,2066400000,1789400000,108.45,110.17,3.75,38988500000,2656700000,3753000000,27875200000,36331800000,24122200000,3815500000,10943600000,19.98,None,117.25,88.91
2025-12-28,WEC,5.28,9547201000.0,19.98,None,0.556,41.71,,None,26000000,26000000,,,,,,,,,3200000,316300000,None,776700000,776700000,872800000,None,2005600000,1243200000,None,None,350000000,,3.513,0.0333,,,,0.093,0.03,562900000,912900000,0.8,2021-09-30,18.87,3052800000,4145600000.0,3038800000,452800000,149200000,5700000,5700000,None,0,None,645700000,None,None,12678100000,None,1791300000,308700000,None,None,None,0.222,,2475900000,562900000,494000000,814200000,None,1283600000,None,,,,,2.272,2.529,3.595,,,,,,,,0.177,,26622700000,2025-10-30,quarterly,0.83,USD,pre-market,None,6764500000,0.0306,0.128,0.129,29.85,None,14683700000,2005600000,1791000000,108.45,110.17,3.75,38400900000,2408900000,3692600000,27294300000,35992000000,23601700000,3815500000,10938900000,19.98,None,117.25,88.91
2025-12-28,WEC,5.28,9547201000.0,19.98,None,0.556,41.71,,None,35000000,35000000,,,,,,,,,3200000,316300000,None,776700000,776700000,744600000,None,1918100000,1396300000,None,None,350000000,,3.513,0.0333,,,,0.093,0.03,562900000,912900000,0.8,2021-06-30,18.87,3052800000,4145600000.0,3038800000,452800000,149200000,5700000,5700000,None,0,None,452700000,None,None,12695700000,None,1782000000,308700000,None,None,None,0.222,,2475900000,562900000,394100000,711200000,None,1256700000,None,,,,,2.272,2.529,3.595,,,,,,,,0.177,,26266400000,2025-10-30,quarterly,0.83,USD,pre-market,None,6688200000,0.0306,0.128,0.129,29.85,None,14613800000,1918100000,1782000000,108.45,110.17,3.75,37794900000,2278100000,3373900000,26764500000,35516800000,23390600000,3815500000,10861300000,19.98,None,117.25,88.91
2025-12-28,WEC,5.28,9547201000.0,19.98,None,0.556,41.71,,None,26100000,26100000,,,,,,,,,3200000,316200000,None,776700000,776700000,656000000,None,2367400000,1676600000,None,None,350000000,,3.513,0.0333,,,,0.093,0.03,562900000,912900000,0.8,2021-03-31,18.87,3052800000,4145600000.0,3038800000,452800000,149200000,5700000,5700000,None,0,None,353500000,None,None,12317700000,None,1773600000,308700000,None,None,None,0.222,,2475900000,562900000,299300000,691500000,None,5979900000,None,,,,,2.272,2.529,3.595,,,,,,,,0.177,,25994400000,2025-10-30,quarterly,0.83,USD,pre-market,None,6626000000,0.0306,0.128,0.129,29.85,None,14685100000,2367400000,1773000000,108.45,110.17,3.75,37600600000,2355500000,3714900000,26633000000,35245100000,22918100000,3815500000,10797500000,19.98,None,117.25,88.91
2025-12-28,WEC,5.28,9547201000.0,19.98,None,0.556,41.71,,63400000,24800000,24800000,,,,,,,,,3200000,316500000,None,776700000,776700000,880700000,None,2562700000,1202800000,None,None,350000000,,3.513,0.0333,,,,0.093,0.03,562900000,912900000,0.8,2020-12-31,18.87,3052800000,4145600000.0,3038800000,452800000,149200000,None,None,None,0,None,528600000,None,None,11728100000,None,1764300000,308700000,None,None,None,0.222,,2475900000,562900000,326800000,704700000,None,6017400000,None,,,,,2.272,2.529,3.595,,,,,,,,0.177,,25707400000,2025-10-30,quarterly,0.83,USD,pre-market,None,6329600000,0.0306,0.128,0.129,29.85,None,14290800000,2562700000,1764000000,108.45,110.17,3.75,37028100000,2083000000,4148100000,26365600000,34945100000,22217500000,3815500000,10500100000,19.98,None,117.25,88.91
2025-12-28,WEC,5.28,9547201000.0,19.98,None,0.556,41.71,,None,13100000,13100000,,,,,,,,,3200000,316500000,None,776700000,776700000,751300000,None,1367200000,911800000,None,None,350000000,,3.513,0.0333,,,,0.093,0.03,562900000,912900000,0.8,2020-09-30,18.87,3052800000,4145600000.0,3038800000,452800000,149200000,None,None,None,0,None,573400000,None,None,11652500000,None,1750400000,308700000,None,None,None,0.222,,2475900000,562900000,228900000,721500000,None,5977900000,None,,,,,2.272,2.529,3.595,,,,,,,,0.177,,24551700000,2025-10-30,quarterly,0.83,USD,pre-market,None,6290100000,0.0306,0.128,0.129,29.85,None,13019700000,1367200000,1750000000,108.45,110.17,3.75,35422000000,1727200000,2840000000,24862900000,33694800000,22022900000,3815500000,10481100000,19.98,None,117.25,88.91
2025-12-28,WEC,5.28,9547201000.0,19.98,None,0.556,41.71,,None,13300000,13300000,,,,,,,,,3200000,316500000,None,776700000,776700000,696600000,None,2106500000,957900000,None,None,350000000,,3.513,0.0333,,,,0.093,0.03,562900000,912900000,0.8,2020-06-30,18.87,3052800000,4145600000.0,3038800000,452800000,149200000,None,None,None,0,None,467700000,None,None,10721600000,None,1744700000,308700000,None,None,None,0.222,,2475900000,562900000,274500000,681500000,None,5973500000,None,,,,,2.272,2.529,3.595,,,,,,,,0.177,,24171800000,2025-10-30,quarterly,0.83,USD,pre-market,None,6222800000,0.0306,0.128,0.129,29.85,None,12828100000,2106500000,None,108.45,110.17,3.75,35042000000,1713400000,3484600000,24549300000,33328600000,21064700000,3815500000,10414100000,19.98,None,117.25,88.91
2025-12-28,WEC,5.28,9547201000.0,19.98,None,0.556,41.71,,None,15400000,15400000,,,,,,,,,3200000,316700000,None,776700000,776700000,597900000,None,1521500000,1176900000,None,None,350000000,,3.513,0.0333,,,,0.093,0.03,562900000,912900000,0.8,2020-03-31,18.87,3052800000,4145600000.0,3038800000,452800000,149200000,None,None,None,0,None,391100000,None,None,11194700000,None,1717700000,308700000,None,None,None,0.222,,2475900000,562900000,261900000,728300000,None,6006700000,None,,,,,2.272,2.529,3.595,,,,,,,,0.177,,23797100000,2025-10-30,quarterly,0.83,USD,pre-market,None,6180700000,0.0306,0.128,0.129,29.85,None,12716200000,1521500000,None,108.45,110.17,3.75,34832200000,1845300000,2847700000,24347600000,32986900000,21499900000,3815500000,10374500000,19.98,None,117.25,88.91
2025-12-28,WEC,5.28,9547201000.0,19.98,None,0.556,41.71,,45900000,37500000,37500000,,,,,,,,,3200000,316700000,None,776700000,776700000,908100000,None,1524000000,1176500000,None,None,350000000,,3.513,0.0333,,,,0.093,0.03,562900000,912900000,0.8,2019-12-31,18.87,3052800000,4145600000.0,3038800000,452800000,149200000,None,None,None,0,None,549800000,None,None,11211000000,None,1720800000,308700000,None,None,None,0.222,,2475900000,562900000,329800000,750600000,None,6037100000,None,,,,,2.272,2.529,3.595,,,,,,,,0.177,,23620100000,2025-10-30,quarterly,0.83,USD,pre-market,None,5927700000,0.0306,0.128,0.129,29.85,None,12735000000,1524000000,None,108.45,110.17,3.75,34951800000,2093600000,3182700000,24697200000,32858200000,21514500000,3815500000,10143800000,19.98,None,117.25,88.91
2025-12-28,WEC,5.28,9547201000.0,19.98,None,0.556,41.71,,None,20000000,20000000,,,,,,,,,3200000,316800000,None,776700000,776700000,769000000,None,1379000000,911800000,None,None,350000000,,3.513,0.0333,,,,0.093,0.03,562900000,912900000,0.8,2019-09-30,18.87,3052800000,4145600000.0,3038800000,452800000,149200000,None,None,None,0,None,593300000,None,None,10897300000,None,1720400000,308700000,None,None,None,0.222,,2475900000,562900000,247900000,670400000,None,6358500000,None,,,,,2.272,2.529,3.595,,,,,,,,0.177,,23035100000,2025-10-30,quarterly,0.83,USD,pre-market,None,5869900000,0.0306,0.128,0.129,29.85,None,12276300000,1379000000,None,108.45,110.17,3.75,34377200000,1773000000,2818400000,24190800000,32604200000,21372400000,3815500000,10081400000,19.98,None,117.25,88.91
2025-12-28,WEC,5.28,9547201000.0,19.98,None,0.556,41.71,,None,37900000,37900000,,,,,,,,,3200000,316700000,None,776700000,776700000,715600000,None,2029200000,1004300000,None,None,350000000,,3.513,0.0333,,,,0.093,0.03,562900000,912900000,0.8,2019-06-30,18.87,3052800000,4145600000.0,3038800000,452800000,149200000,None,None,None,0,None,461400000,None,None,9921000000,None,1696500000,308700000,None,None,None,0.222,,2475900000,562900000,335100000,617200000,None,6396200000,None,,,,,2.272,2.529,3.595,,,,,,,,0.177,,22535800000,2025-10-30,quarterly,0.83,USD,pre-market,None,5821700000,0.0306,0.128,0.129,29.85,None,11950200000,2029200000,None,108.45,110.17,3.75,33934300000,1838700000,3362000000,23786000000,32095600000,20424000000,3815500000,10046600000,19.98,None,117.25,88.91
2025-12-28,WEC,5.28,9547201000.0,19.98,None,0.556,41.71,,None,30600000,30600000,,,,,,,,,3200000,316700000,None,776700000,776700000,674100000,None,1511200000,1430100000,None,None,350000000,,3.513,0.0333,,,,0.093,0.03,562900000,912900000,0.8,2019-03-31,18.87,3052800000,4145600000.0,3038800000,452800000,149200000,None,None,None,0,None,330100000,None,None,10326700000,None,1670600000,308700000,None,None,None,0.222,,2475900000,562900000,217500000,704600000,None,6434000000,None,,,,,2.272,2.529,3.595,,,,,,,,0.177,,22193300000,2025-10-30,quarterly,0.83,USD,pre-market,None,5772100000,0.0306,0.128,0.129,29.85,None,11837900000,1511200000,None,108.45,110.17,3.75,33737100000,2008300000,2889900000,23625000000,31728800000,20735100000,3815500000,10014900000,19.98,None,117.25,88.91
2025-12-28,WEC,5.28,9547201000.0,19.98,None,0.556,41.71,,None,84500000,84500000,,,,,,,,,3200000,316900000,None,776700000,776700000,876400000,None,360500000,1280900000,None,None,350000000,,3.513,0.0333,,,,0.093,0.03,562900000,912900000,0.8,2018-12-31,18.87,3052800000,4145600000.0,3038800000,452800000,149200000,None,None,None,0,None,548200000,None,None,9994000000,None,1665300000,308700000,None,None,None,0.222,,2475900000,562900000,334000000,650200000,None,6398900000,None,,,,,2.272,2.529,3.595,,,,,,,,0.177,,22000900000,2025-10-30,quarterly,0.83,USD,pre-market,None,5538200000,0.0306,0.128,0.129,29.85,None,11799100000,1805100000,None,108.45,110.17,3.75,33475800000,2247600000,3331700000,23633100000,31228200000,20301400000,3815500000,9819300000,19.98,None,117.25,88.91
2025-12-28,WEC,5.28,9547201000.0,19.98,None,0.556,41.71,,None,14500000,14500000,,,,,,,,,3200000,316900000,None,776700000,776700000,690400000,None,369400000,1017300000,None,None,350000000,,3.513,0.0333,,,,0.093,0.03,562900000,912900000,0.8,2018-09-30,18.87,3052800000,4145600000.0,3038800000,452800000,149200000,3052800000,3052800000,None,0,None,608500000,None,None,9119000000,None,1613700000,308700000,None,None,None,0.222,,2475900000,562900000,199400000,319600000,None,6300200000,None,,,,,2.272,2.529,3.595,,,,,,,,0.177,,21663700000,2025-10-30,quarterly,0.83,USD,pre-market,None,5508100000,0.0306,0.128,0.129,29.85,None,11276700000,2157700000,0,108.45,110.17,3.75,32562400000,1839700000,3602500000,22719700000,30722700000,19117200000,3815500000,9805700000,19.98,0,117.25,88.91
2025-12-28,WEC,5.28,9547201000.0,19.98,None,0.556,41.71,,None,29800000,29800000,,,,,,,,,3200000,316900000,None,776700000,776700000,681000000,None,293500000,1086100000,None,None,350000000,,3.513,0.0333,,,,0.093,0.03,562900000,912900000,0.8,2018-06-30,18.87,3052800000,4145600000.0,3038800000,452800000,149200000,3052800000,3052800000,None,0,None,466600000,None,None,9209300000,None,1596600000,308700000,None,None,None,0.222,,2475900000,562900000,227900000,281700000,None,6270000000,None,,,,,2.272,2.529,3.595,,,,,,,,0.177,,21078400000,2025-10-30,quarterly,0.83,USD,pre-market,None,5449100000,0.0306,0.128,0.129,29.85,None,10872800000,1663500000,0,108.45,110.17,3.75,31937600000,1810400000,3053200000,22181400000,30127200000,19128200000,3815500000,9756200000,19.98,0,117.25,88.91
2025-12-28,WEC,5.28,9547201000.0,19.98,None,0.556,41.71,,None,48100000,48100000,,,,,,,,,3200000,316900000,None,776700000,776700000,592800000,None,10775700000,1356800000,None,None,350000000,,3.513,0.0333,,,,0.093,0.03,562900000,912900000,0.8,2018-03-31,18.87,3052800000,4145600000.0,3038800000,452800000,149200000,3052800000,3052800000,None,0,None,376000000,None,None,8617500000,None,1598900000,308700000,None,None,None,0.222,,2475900000,562900000,199900000,854900000,None,6256000000,None,,,,,2.272,2.529,3.595,,,,,,,,0.177,,21466300000,2025-10-30,quarterly,0.83,USD,pre-market,None,5392700000,0.0306,0.128,0.129,29.85,None,10775700000,2158200000,0,108.45,110.17,3.75,31785600000,1980800000,3605900000,22087400000,29804800000,18481500000,3815500000,9698200000,19.98,0,117.25,88.91
2025-12-28,WEC,5.28,9547201000.0,19.98,None,0.556,41.71,,None,38900000,38900000,,,,,,,,,3200000,317200000,None,776700000,776700000,859900000,None,11033300000,1350700000,None,None,350000000,,3.513,0.0333,,,,0.093,0.03,562900000,912900000,0.8,2017-12-31,18.87,3053500000,4145600000.0,3038800000,452800000,149200000,3053500000,3053500000,None,0,None,539000000,None,None,8746600000,None,1553400000,308700000,None,None,None,0.222,,2475900000,562900000,284900000,722700000,None,5939700000,None,,,,,2.272,2.529,3.595,,,,,,,,0.177,,21347000000,2025-10-30,quarterly,0.83,USD,pre-market,None,5176800000,0.0306,0.128,0.129,29.85,None,11033300000,2286700000,0,108.45,110.17,3.75,31590500000,2213500000,3869300000,22098700000,29377000000,18229400000,3815500000,9491800000,19.98,0,117.25,88.91
2025-12-28,WEC,5.28,9547201000.0,19.98,None,0.556,41.71,,None,18100000,18100000,,,,,,,,,3200000,317500000,None,776700000,776700000,743900000,None,10488600000,948000000,None,None,350000000,,3.513,0.0333,,,,0.093,0.03,562900000,912900000,0.8,2017-09-30,18.87,3053500000,4145600000.0,3038800000,452800000,149200000,3053500000,3053500000,None,0,None,672200000,None,None,8785800000,None,1560800000,308700000,None,None,None,0.222,,2475900000,562900000,185000000,579400000,None,3810200000,None,,,,,2.272,2.529,3.595,,,,,,,,0.177,,20882900000,2025-10-30,quarterly,0.83,USD,pre-market,None,4908300000,0.0306,0.128,0.129,29.85,None,10488600000,1702800000,0,108.45,110.17,3.75,31013000000,1823300000,3026100000,21787300000,29189700000,18761200000,3815500000,9225700000,19.98,0,117.25,88.91
2025-12-28,WEC,5.28,9547201000.0,19.98,None,0.556,41.71,,None,36500000,36500000,,,,,,,,,3200000,317400000,None,776700000,776700000,724100000,None,1483200000,1004300000,None,None,350000000,,3.513,0.0333,,,,0.093,0.03,562900000,912900000,0.8,2017-06-30,18.87,3053500000,4145600000.0,3038800000,452800000,149200000,3053500000,3053500000,None,0,None,510000000,None,None,8799700000,None,1544000000,308700000,None,None,None,0.222,,2475900000,562900000,228900000,580000000,None,3818700000,None,,,,,2.272,2.529,3.595,,,,,,,,0.177,,20524300000,2025-10-30,quarterly,0.83,USD,pre-market,None,4857000000,0.0306,0.128,0.129,29.85,None,10282900000,1483200000,0,108.45,110.17,3.75,30559600000,1779700000,2787300000,21376400000,28779900000,18589100000,3815500000,9183200000,19.98,0,117.25,88.91
2025-12-28,WEC,5.28,9547201000.0,19.98,None,0.556,41.71,,None,45700000,45700000,,,,,,,,,3200000,317200000,None,776700000,776700000,582300000,None,828400000,1191400000,None,None,350000000,,3.513,0.0333,,,,0.093,0.03,562900000,912900000,0.8,2017-03-31,18.87,3046200000,4145600000.0,3038800000,452800000,149200000,3046200000,3046200000,None,0,None,417100000,None,None,9143600000,None,1513300000,308700000,None,None,None,0.222,,2475900000,562900000,201100000,643900000,None,3814000000,None,,,,,2.272,2.529,3.595,,,,,,,,0.177,,19990200000,2025-10-30,quarterly,0.83,USD,pre-market,None,4822000000,0.0306,0.128,0.129,29.85,None,9972000000,828400000,0,108.45,110.17,3.75,30016600000,1855300000,2054600000,20860600000,28161300000,18806000000,3815500000,9156000000,19.98,0,117.25,88.91
2025-12-28,WEC,5.28,9547201000.0,19.98,None,0.556,41.71,,None,37500000,37500000,,,,,,,,,3200000,316700000,None,776700000,776700000,861500000,None,157200000,1241700000,None,None,350000000,,3.513,0.0333,,,,0.093,0.03,562900000,912900000,0.8,2016-12-31,18.87,3046200000,4145600000.0,3038800000,452800000,149200000,3046200000,3046200000,None,0,None,587600000,None,None,9158200000,None,1443900000,308700000,None,None,None,0.222,,2475900000,562900000,301900000,552700000,None,3860400000,None,,,,,2.272,2.529,3.595,,,,,,,,0.177,,19915500000,2025-10-30,quarterly,0.83,USD,pre-market,None,4613900000,0.0306,0.128,0.129,29.85,None,10175600000,1017400000,0,108.45,110.17,3.75,30123200000,2168700000,2431600000,21163000000,27954500000,18731400000,3815500000,8960200000,19.98,0,117.25,88.91
2025-12-28,WEC,5.28,9547201000.0,19.98,None,0.556,41.71,,None,25000000,25000000,,,,,,,,,3200000,316900000,None,776700000,776700000,663500000,None,878800000,871500000,None,None,350000000,,3.513,0.0333,,,,0.093,0.03,562900000,912900000,0.8,2016-09-30,18.87,3046200000,4145600000.0,3038800000,452800000,149200000,3046200000,3046200000,None,0,None,654300000,None,None,9088100000,None,None,308700000,None,None,None,0.222,,2475900000,562900000,266900000,483200000,None,3771500000,None,,,,,2.272,2.529,3.595,,,,,,,,0.177,,19612200000,2025-10-30,quarterly,0.83,USD,pre-market,None,4575800000,0.0306,0.128,0.129,29.85,None,9966900000,878800000,0,108.45,110.17,3.75,29443500000,1817700000,2025500000,20521600000,27625800000,18496100000,3815500000,8921900000,19.98,0,117.25,88.91
2025-12-28,WEC,5.28,9547201000.0,19.98,None,0.556,41.71,,None,32100000,32100000,,,,,,,,,3200000,317000000,None,776700000,776700000,620500000,None,1023600000,914900000,None,None,350000000,,3.513,0.0333,,,,0.093,0.03,562900000,912900000,0.8,2016-06-30,18.87,3046200000,4145600000.0,3038800000,452800000,149200000,3046200000,3046200000,None,0,None,494500000,None,None,8902100000,None,None,308700000,None,None,None,0.222,,2475900000,562900000,324400000,493000000,None,3761600000,None,,,,,2.272,2.529,3.595,,,,,,,,0.177,,19398900000,2025-10-30,quarterly,0.83,USD,pre-market,None,4515000000,0.0306,0.128,0.129,29.85,None,9925700000,1023600000,0,108.45,110.17,3.75,29175300000,1765900000,2137100000,20311400000,27409400000,18174300000,3815500000,8863900000,19.98,0,117.25,88.91
2025-12-28,WEC,5.28,9547201000.0,19.98,None,0.556,41.71,,None,34700000,34700000,,,,,,,,,3200000,317100000,None,776700000,776700000,584400000,None,1048800000,1088100000,None,None,350000000,,3.513,0.0333,,,,0.093,0.03,562900000,912900000,0.8,2016-03-31,18.87,2999100000,4145600000.0,3038800000,452800000,149200000,2999100000,2999100000,None,0,None,470700000,None,None,8955800000,None,None,308700000,None,None,None,0.222,,2475900000,562900000,302900000,596600000,None,3637700000,None,,,,,2.272,2.529,3.595,,,,,,,,0.177,,19259000000,2025-10-30,quarterly,0.83,USD,pre-market,None,4489700000,0.0306,0.128,0.129,29.85,None,10004600000,1048800000,0,108.45,110.17,3.75,29104600000,1896400000,2229800000,20255900000,27208200000,18026100000,3815500000,8848700000,19.98,0,117.25,88.91
2025-12-28,WEC,5.28,9547201000.0,19.98,None,0.556,41.71,,None,49800000,49800000,,,,,,,,,3200000,317100000,None,776700000,776700000,815400000,None,157700000,1028600000,None,None,350000000,,3.513,0.0333,,,,0.093,0.03,562900000,912900000,0.8,2015-12-31,18.87,3023500000,4145600000.0,3038800000,452800000,149200000,13900000,13900000,None,0,None,687000000,None,None,9124100000,None,1380900000,308700000,None,None,None,0.222,,2475900000,562900000,441400000,640900000,None,3635200000,None,,,,,2.272,2.529,3.595,,,,,,,,0.177,,19189700000,2025-10-30,quarterly,0.83,USD,pre-market,None,4299800000,0.0306,0.128,0.129,29.85,None,10376800000,1252700000,0,108.45,110.17,3.75,29355200000,2206800000,2709000000,20670000000,27148400000,17961000000,3815500000,8685200000,19.98,0,117.25,88.91
2025-12-28,WEC,5.28,9547201000.0,19.98,None,0.556,41.71,,None,22200000,22200000,,,,,,,,,3200000,317100000,None,776700000,776700000,777600000,None,None,844700000,None,None,350000000,,3.513,0.0333,,,,0.093,0.03,562900000,912900000,0.8,2015-09-30,18.87,3389100000,4145600000.0,3038800000,452800000,149200000,14700000,14700000,None,0,None,719800000,None,None,8727000000,None,None,308700000,None,None,None,0.222,,2475900000,562900000,595200000,621700000,None,3385900000,None,,,,,2.272,2.529,3.595,,,,,,,,0.177,,18785200000,2025-10-30,quarterly,0.83,USD,pre-market,None,4264900000,0.0306,0.128,0.129,29.85,None,9994500000,1267500000,0,108.45,110.17,3.75,28769600000,2181900000,2666800000,20058200000,26587700000,17391400000,3815500000,8711400000,19.98,0,117.25,88.91
2025-12-28,WEC,5.28,9547201000.0,19.98,None,0.556,41.71,,None,214400000,214400000,,,,,,,,,8456700000,229100000,None,776700000,776700000,777100000,None,None,956600000,None,None,350000000,,3.513,0.0333,,,,0.093,0.03,562900000,912900000,0.8,2015-06-30,18.87,3386500000,4145600000.0,3038800000,452800000,149200000,3386500000,3386500000,None,0,None,562500000,None,None,8547600000,None,None,308700000,None,None,None,0.222,,2475900000,562900000,543300000,728500000,None,3367900000,None,,,,,2.272,2.529,3.595,,,,,,,,0.177,,18529400000,2025-10-30,quarterly,0.83,USD,pre-market,None,8456700000,0.0306,0.128,0.129,29.85,None,9982300000,1434700000,0,108.45,110.17,3.75,28614500000,2276800000,2940300000,20076300000,26337700000,17136000000,3815500000,8538200000,19.98,0,117.25,88.91
2025-12-28,WEC,5.28,9547201000.0,19.98,None,0.556,41.71,,None,65200000,65200000,,,,,,,,,4510600000,227300000,None,776700000,776700000,291900000,None,None,658900000,None,None,350000000,,3.513,0.0333,,,,0.093,0.03,562900000,912900000,0.8,2015-03-31,18.87,441900000,4145600000.0,3038800000,452800000,149200000,441900000,441900000,None,0,None,289700000,None,None,4169200000,None,None,308700000,None,None,None,0.222,,2475900000,562900000,312600000,278600000,None,1318000000,None,,,,,2.272,2.529,3.595,,,,,,,,0.177,,11316000000,2025-10-30,quarterly,0.83,USD,pre-market,None,4510600000,0.0306,0.128,0.129,29.85,None,5159000000,989800000,0,108.45,110.17,3.75,15135600000,1326400000,1560300000,10594600000,13809200000,9034300000,3815500000,4541000000,19.98,0,117.25,88.91
2025-12-28,WEC,5.28,9547201000.0,19.98,None,0.556,41.71,,None,61900000,61900000,,,,,,,,,2300000,227400000,None,776700000,776700000,363300000,None,424100000,643400000,None,None,350000000,,3.513,0.0333,,,,0.093,0.03,562900000,912900000,0.8,2014-12-31,18.87,441900000,4145600000.0,3038800000,452800000,149200000,441900000,441900000,None,0,None,400600000,None,None,4186400000,None,456900000,308700000,None,None,None,0.222,,2475900000,562900000,186800000,275100000,None,1337400000,None,,,,,2.272,2.529,3.595,,,,,,,,0.177,,11257700000,2025-10-30,quarterly,0.83,USD,pre-market,None,4419700000,0.0306,0.128,0.129,29.85,None,5212400000,1041700000,0,108.45,110.17,3.75,15163400000,1535400000,1668700000,10713300000,13628000000,9044600000,3815500000,4450100000,19.98,0,117.25,88.91
2025-12-28,WEC,5.28,9547201000.0,19.98,None,0.556,41.71,,None,88700000,88700000,,,,,,,,,4398300000,227400000,None,776700000,776700000,315000000,None,None,498100000,None,None,350000000,,3.513,0.0333,,,,0.093,0.03,562900000,912900000,0.8,2014-09-30,18.87,441900000,4145600000.0,3038800000,452800000,149200000,441900000,441900000,None,0,None,379300000,None,None,4569600000,None,None,308700000,None,None,None,0.222,,2475900000,562900000,308400000,227100000,None,1281100000,None,,,,,2.272,2.529,3.595,,,,,,,,0.177,,11134900000,2025-10-30,quarterly,0.83,USD,pre-market,None,4398300000,0.0306,0.128,0.129,29.85,None,5093100000,523500000,0,108.45,110.17,3.75,14724900000,1274500000,1065600000,10296200000,13450400000,9230600000,3815500000,4428700000,19.98,0,117.25,88.91
2025-12-28,WEC,5.28,9547201000.0,19.98,None,0.556,41.71,,None,33400000,33400000,,,,,,,,,4367100000,227600000,None,776700000,776700000,288500000,None,None,579700000,None,None,350000000,,3.513,0.0333,,,,0.093,0.03,562900000,912900000,0.8,2014-06-30,18.87,441900000,4145600000.0,3038800000,452800000,149200000,441900000,441900000,None,0,None,304300000,None,None,4587500000,None,None,308700000,None,None,None,0.222,,2475900000,562900000,368100000,237100000,None,1299700000,None,,,,,2.272,2.529,3.595,,,,,,,,0.177,,11024000000,2025-10-30,quarterly,0.83,USD,pre-market,None,4367100000,0.0306,0.128,0.129,29.85,None,5042700000,455200000,0,108.45,110.17,3.75,14619800000,1285500000,980800000,10222300000,13334300000,9241500000,3815500000,4397500000,19.98,0,117.25,88.91
2025-12-28,WEC,5.28,9547201000.0,19.98,None,0.556,41.71,,None,27600000,27600000,,,,,,,,,4322000000,227700000,None,776700000,776700000,435000000,None,None,895000000,None,None,350000000,,3.513,0.0333,,,,0.093,0.03,562900000,912900000,0.8,2014-03-31,18.87,441900000,4145600000.0,3038800000,452800000,149200000,441900000,441900000,None,0,None,234900000,None,None,4348800000,None,None,308700000,None,None,None,0.222,,2475900000,562900000,387500000,223600000,None,1324100000,None,,,,,2.272,2.529,3.595,,,,,,,,0.177,,10941700000,2025-10-30,quarterly,0.83,USD,pre-market,None,4322000000,0.0306,0.128,0.129,29.85,None,5114800000,766000000,0,108.45,110.17,3.75,14800800000,1545000000,1424600000,10448400000,13255800000,9023800000,3815500000,4352400000,19.98,0,117.25,88.91
2025-12-28,WEC,5.28,9547201000.0,19.98,None,0.556,41.71,,None,26000000,26000000,,,,,,,,,2300000,228200000,None,776700000,776700000,342600000,None,None,727100000,None,None,350000000,,3.513,0.0333,,,,0.093,0.03,562900000,912900000,0.8,2013-12-31,18.87,441900000,4145600000.0,3038800000,452800000,149200000,441900000,441900000,None,0,None,329400000,None,None,4363200000,None,None,308700000,None,None,None,0.222,,2475900000,562900000,468600000,237600000,None,1348200000,None,,,,,2.272,2.529,3.595,,,,,,,,0.177,,10906600000,2025-10-30,quarterly,0.83,USD,pre-market,None,4233000000,0.0306,0.128,0.129,29.85,None,5242800000,879600000,0,108.45,110.17,3.75,14769400000,1551100000,1496400000,10506000000,13218300000,9009600000,3815500000,4263400000,19.98,0,117.25,88.91
2025-12-28,WEC,5.28,9547201000.0,19.98,None,0.556,41.71,,None,18500000,18500000,,,,,,,,,4198100000,228800000,None,776700000,776700000,296900000,None,None,460000000,None,None,350000000,,3.513,0.0333,,,,0.093,0.03,562900000,912900000,0.8,2013-09-30,18.87,441900000,4145600000.0,3038800000,452800000,149200000,441900000,441900000,None,0,None,367600000,None,None,4370900000,None,None,308700000,None,None,None,0.222,,2475900000,562900000,392100000,261500000,None,1335100000,None,,,,,2.272,2.529,3.595,,,,,,,,0.177,,10805200000,2025-10-30,quarterly,0.83,USD,pre-market,None,4198100000,0.0306,0.128,0.129,29.85,None,5103700000,732800000,0,108.45,110.17,3.75,14372800000,1238200000,1291200000,10144300000,13134600000,8853100000,3815500000,4228500000,19.98,0,117.25,88.91
2025-12-28,WEC,5.28,9547201000.0,19.98,None,0.556,41.71,,None,21000000,21000000,,,,,,,,,4195400000,230500000,None,776700000,776700000,276400000,None,None,501700000,None,None,350000000,,3.513,0.0333,,,,0.093,0.03,562900000,912900000,0.8,2013-06-30,18.87,441900000,4145600000.0,3038800000,452800000,149200000,441900000,441900000,None,0,None,317900000,None,None,4383200000,None,None,308700000,None,None,None,0.222,,2475900000,562900000,430500000,253800000,None,1368000000,None,,,,,2.272,2.529,3.595,,,,,,,,0.177,,10704500000,2025-10-30,quarterly,0.83,USD,pre-market,None,4195400000,0.0306,0.128,0.129,29.85,None,5133700000,750500000,0,108.45,110.17,3.75,14317000000,1271100000,1280700000,10091200000,13045900000,8810500000,3815500000,4225800000,19.98,0,117.25,88.91
2025-12-28,WEC,5.28,9547201000.0,19.98,None,0.556,41.71,,None,24700000,24700000,,,,,,,,,4203600000,231200000,None,776700000,776700000,257100000,None,None,635300000,None,None,350000000,,3.513,0.0333,,,,0.093,0.03,562900000,912900000,0.8,2013-03-31,18.87,441900000,4145600000.0,3038800000,452800000,149200000,441900000,441900000,None,0,None,266800000,None,None,4441000000,None,None,308700000,None,None,None,0.222,,2475900000,562900000,387000000,290800000,None,1364000000,None,,,,,2.272,2.529,3.595,,,,,,,,0.177,,10616100000,2025-10-30,quarterly,0.83,USD,pre-market,None,4203600000,0.0306,0.128,0.129,29.85,None,5171200000,730200000,0,108.45,110.17,3.75,14295300000,1313800000,1278100000,10061300000,12981500000,8783200000,3815500000,4234000000,19.98,0,117.25,88.91
2025-12-28,WEC,5.28,9547201000.0,19.98,None,0.556,41.71,,None,35600000,35600000,,,,,,,,,2300000,231900000,None,776700000,776700000,368400000,None,None,563400000,None,None,350000000,,3.513,0.0333,,,,0.093,0.03,562900000,912900000,0.8,2012-12-31,18.87,441900000,4145600000.0,3038800000,452800000,149200000,441900000,441900000,None,0,None,360700000,None,None,4453800000,None,None,308700000,None,None,None,0.222,,2475900000,562900000,312900000,208400000,None,1395700000,None,,,,,2.272,2.529,3.595,,,,,,,,0.177,,10572200000,2025-10-30,quarterly,0.83,USD,pre-market,None,4135100000,0.0306,0.128,0.129,29.85,None,5260500000,806700000,2700000,108.45,110.17,3.75,14285000000,1313900000,1443300000,10119500000,12971100000,8676200000,3815500000,4165500000,19.98,0,117.25,88.91
2025-12-28,WEC,5.28,9547201000.0,19.98,None,0.556,41.71,,None,13000000,13000000,,,,,,,,,4147200000,232900000,None,776700000,776700000,277700000,None,None,347000000,None,None,350000000,,3.513,0.0333,,,,0.093,0.03,562900000,912900000,0.8,2012-09-30,18.87,441900000,4145600000.0,3038800000,452800000,149200000,441900000,441900000,None,0,None,342100000,None,None,4240600000,None,None,308700000,None,None,None,0.222,,2475900000,562900000,382700000,275000000,None,1321200000,None,,,,,2.272,2.529,3.595,,,,,,,,0.177,,10438800000,2025-10-30,quarterly,0.83,USD,pre-market,None,-30400000,0.0306,0.128,0.129,29.85,None,5074900000,834300000,9500000,108.45,110.17,3.75,13834700000,1084800000,1387000000,9657100000,12749900000,8270100000,3815500000,4177600000,19.98,0,117.25,88.91
2025-12-28,WEC,5.28,9547201000.0,19.98,None,0.556,41.71,,None,13100000,13100000,,,,,,,,,4081100000,233100000,None,776700000,776700000,267500000,None,None,297300000,None,None,350000000,,3.513,0.0333,,,,0.093,0.03,562900000,912900000,0.8,2012-06-30,18.87,441900000,4145600000.0,3038800000,452800000,149200000,441900000,441900000,None,0,None,335000000,None,None,4297500000,None,None,308700000,None,None,None,0.222,,2475900000,562900000,591500000,266600000,None,1460200000,None,,,,,2.272,2.529,3.595,,,,,,,,0.177,,10340700000,2025-10-30,quarterly,0.83,USD,pre-market,None,-30400000,0.0306,0.128,0.129,29.85,None,5191800000,894300000,37600000,108.45,110.17,3.75,13887600000,1236900000,1428400000,9776100000,12650700000,8347700000,3815500000,4111500000,19.98,0,117.25,88.91
2025-12-28,WEC,5.28,9547201000.0,19.98,None,0.556,41.71,,None,18100000,18100000,,,,,,,,,4051500000,233200000,None,776700000,776700000,239300000,None,None,386900000,None,None,350000000,,3.513,0.0333,,,,0.093,0.03,562900000,912900000,0.8,2012-03-31,18.87,441900000,4145600000.0,3038800000,452800000,149200000,441900000,441900000,None,0,None,311600000,None,None,4602800000,None,None,308700000,None,None,None,0.222,,2475900000,562900000,563200000,341500000,None,1432600000,None,,,,,2.272,2.529,3.595,,,,,,,,0.177,,10235000000,2025-10-30,quarterly,0.83,USD,pre-market,None,-30400000,0.0306,0.128,0.129,29.85,None,5193900000,591100000,38400000,108.45,110.17,3.75,13821300000,1279800000,1171900000,9739400000,12541500000,8567500000,3815500000,4081900000,19.98,0,117.25,88.91
2025-12-28,WEC,5.28,9547201000.0,19.98,None,0.556,41.71,,None,14100000,14100000,,,,,,,,,3963300000,233600000,None,776700000,776700000,325700000,None,None,757200000,None,None,350000000,,3.513,0.0333,,,,0.093,0.03,562900000,912900000,0.8,2011-12-31,18.87,441900000,4145600000.0,3038800000,452800000,149200000,441900000,441900000,None,0,None,382000000,None,None,4614300000,None,None,308700000,None,None,None,0.222,,2475900000,562900000,272900000,423700000,None,1439000000,None,,,,,2.272,2.529,3.595,,,,,,,,0.177,,10160400000,2025-10-30,quarterly,0.83,USD,pre-market,None,3362500000,0.0306,0.128,0.129,29.85,None,5316800000,702500000,45500000,108.45,110.17,3.75,13862100000,1426200000,1364500000,9868400000,12435900000,8503900000,3815500000,3993700000,19.98,0,117.25,88.91
2025-12-28,WEC,5.28,9547201000.0,19.98,None,0.556,41.71,,None,15100000,15100000,,,,,,,,,3940700000,234900000,None,776700000,776700000,274600000,None,None,314000000,None,None,350000000,,3.513,0.0333,,,,0.093,0.03,562900000,912900000,0.8,2011-09-30,18.87,441900000,4145600000.0,3038800000,452800000,149200000,441900000,441900000,None,0,None,368100000,None,None,4618900000,None,None,308700000,None,None,None,0.222,,2475900000,562900000,435200000,286300000,None,1355100000,None,,,,,2.272,2.529,3.595,,,,,,,,0.177,,9999100000,2025-10-30,quarterly,0.83,USD,pre-market,None,-30400000,0.0306,0.128,0.129,29.85,None,5147400000,528500000,45500000,108.45,110.17,3.75,13249500000,1132400000,1089400000,9278400000,12117100000,8189000000,3815500000,3971100000,19.98,0,117.25,88.91
2025-12-28,WEC,5.28,9547201000.0,19.98,None,0.556,41.71,,None,10600000,10600000,,,,,,,,,3947600000,236600000,None,776700000,776700000,309800000,None,None,344900000,None,None,350000000,,3.513,0.0333,,,,0.093,0.03,562900000,912900000,0.8,2011-06-30,18.87,441900000,4145600000.0,3038800000,452800000,149200000,441900000,441900000,None,0,None,339100000,None,None,4334600000,None,None,308700000,None,None,None,0.222,,2475900000,562900000,477300000,260900000,None,1498900000,None,,,,,2.272,2.529,3.595,,,,,,,,0.177,,9821300000,2025-10-30,quarterly,0.83,USD,pre-market,None,-30400000,0.0306,0.128,0.129,29.85,None,4907600000,573000000,45500000,108.45,110.17,3.75,13076300000,1171900000,1143700000,9098300000,11904400000,7954600000,3815500000,3978000000,19.98,0,117.25,88.91
2025-12-28,WEC,5.28,9547201000.0,19.98,None,0.556,41.71,,None,236000000,236000000,,,,,,,,,3904700000,236600000,None,776700000,776700000,269100000,None,None,425200000,None,None,350000000,,3.513,0.0333,,,,0.093,0.03,562900000,912900000,0.8,2011-03-31,18.87,441900000,4145600000.0,3038800000,452800000,149200000,441900000,441900000,None,0,None,284400000,None,None,4339100000,None,None,308700000,None,None,None,0.222,,2475900000,562900000,514200000,309900000,None,1511200000,None,,,,,2.272,2.529,3.595,,,,,,,,0.177,,9639000000,2025-10-30,quarterly,0.83,USD,pre-market,None,-30400000,0.0306,0.128,0.129,29.85,None,5100400000,761300000,45500000,108.45,110.17,3.75,13188600000,1459800000,1340300000,9253500000,11728800000,7913200000,3815500000,3935100000,19.98,0,117.25,88.91
2025-12-28,WEC,5.28,9547201000.0,19.98,None,0.556,41.71,,None,24500000,24500000,,,,,,,,,1200000,236600000,None,776700000,776700000,315400000,None,None,428300000,None,None,350000000,,3.513,0.0333,,,,0.093,0.03,562900000,912900000,0.8,2010-12-31,18.87,441900000,4145600000.0,3038800000,452800000,149200000,441900000,441900000,None,0,None,379100000,None,None,3932000000,None,None,308700000,None,None,None,0.222,,2475900000,562900000,499200000,317100000,None,1579900000,None,,,,,2.272,2.529,3.595,,,,,,,,0.177,,9601500000,2025-10-30,quarterly,0.83,USD,pre-market,None,3078300000,0.0306,0.128,0.129,29.85,None,5063300000,1131300000,8300000,108.45,110.17,3.75,13059800000,1331100000,1721100000,9227300000,11728700000,7506200000,3815500000,3832500000,19.98,0,117.25,88.91
2025-12-28,WEC,5.28,9547201000.0,19.98,None,0.556,41.71,,None,11200000,11200000,,,,,,,,,3727700000,236800000,None,776700000,776700000,254300000,None,None,300300000,None,None,350000000,,3.513,0.0333,,,,0.093,0.03,562900000,912900000,0.8,2010-09-30,18.87,441900000,4145600000.0,3038800000,452800000,149200000,441900000,441900000,None,0,None,422300000,None,None,3935700000,None,None,308700000,None,None,None,0.222,,2475900000,562900000,454800000,363800000,None,1575900000,None,,,,,2.272,2.529,3.595,,,,,,,,0.177,,9399900000,2025-10-30,quarterly,0.83,USD,pre-market,None,0,0.0306,0.128,0.129,29.85,None,4927000000,991300000,62700000,108.45,110.17,3.75,12718500000,1188600000,1609400000,8990800000,11529900000,7381400000,3815500000,3727700000,19.98,0,117.25,88.91
2025-12-28,WEC,5.28,9547201000.0,19.98,None,0.556,41.71,,None,10500000,10500000,,,,,,,,,3677100000,236600000,None,776700000,776700000,270500000,None,None,317300000,None,None,350000000,,3.513,0.0333,,,,0.093,0.03,562900000,912900000,0.8,2010-06-30,18.87,441900000,4145600000.0,3038800000,452800000,149200000,441900000,441900000,None,0,None,390200000,None,None,3942600000,None,None,308700000,None,None,None,0.222,,2475900000,562900000,555000000,368500000,None,1573000000,None,,,,,2.272,2.529,3.595,,,,,,,,0.177,,9290000000,2025-10-30,quarterly,0.83,USD,pre-market,None,0,0.0306,0.128,0.129,29.85,None,4956300000,1013700000,112700000,108.45,110.17,3.75,12693500000,1273000000,1652700000,9016400000,11420500000,7363700000,3815500000,3677100000,19.98,0,117.25,88.91
2025-12-28,WEC,5.28,9547201000.0,19.98,None,0.556,41.71,,None,12800000,12800000,,,,,,,,,3641800000,236800000,None,776700000,776700000,279000000,None,None,407300000,None,None,350000000,,3.513,0.0333,,,,0.093,0.03,562900000,912900000,0.8,2010-03-31,18.87,441900000,4145600000.0,3038800000,452800000,149200000,441900000,441900000,None,0,None,337000000,None,None,4396100000,None,None,308700000,None,None,None,0.222,,2475900000,562900000,562800000,455600000,None,1594400000,None,,,,,2.272,2.529,3.595,,,,,,,,0.177,,9237200000,2025-10-30,quarterly,0.83,USD,pre-market,None,0,0.0306,0.128,0.129,29.85,None,4916800000,520700000,151000000,108.45,110.17,3.75,12721500000,1319900000,1255300000,9079700000,11401600000,7824400000,3815500000,3641800000,19.98,0,117.25,88.91
2025-12-28,WEC,5.28,9547201000.0,19.98,None,0.556,41.71,,None,20900000,20900000,,,,,,,,,1200000,236800000,None,776700000,776700000,290600000,None,None,298700000,None,None,350000000,,3.513,0.0333,,,,0.093,0.03,562900000,912900000,0.8,2009-12-31,18.87,441900000,4145600000.0,3038800000,452800000,149200000,441900000,441900000,None,0,None,379300000,None,None,3875800000,None,None,308700000,None,None,None,0.222,,2475900000,562900000,832300000,439300000,None,1548200000,None,,,,,2.272,2.529,3.595,,,,,,,,0.177,,9070500000,2025-10-30,quarterly,0.83,USD,pre-market,None,2808800000,0.0306,0.128,0.129,29.85,None,4996600000,1120800000,194500000,108.45,110.17,3.75,12697900000,1461700000,1881900000,9100600000,11236200000,7218700000,3815500000,3597300000,19.98,0,117.25,88.91
2025-12-28,WEC,5.28,9547201000.0,19.98,None,0.556,41.71,,None,10700000,10700000,,,,,,,,,3486900000,236000000,None,776700000,776700000,263800000,None,None,309500000,None,None,350000000,,3.513,0.0333,,,,0.093,0.03,562900000,912900000,0.8,2009-09-30,18.87,441900000,4145600000.0,3038800000,452800000,149200000,441900000,441900000,None,0,None,388900000,None,None,3631200000,None,None,308700000,None,None,None,0.222,,2475900000,562900000,619500000,495600000,None,1624400000,None,,,,,2.272,2.529,3.595,,,,,,,,0.177,,8903700000,2025-10-30,quarterly,0.83,USD,pre-market,None,0,0.0306,0.128,0.129,29.85,None,4881700000,1250500000,180500000,108.45,110.17,3.75,12420700000,1328600000,2009900000,8903400000,11092100000,6893500000,3815500000,3517300000,19.98,0,117.25,88.91
2025-12-28,WEC,5.28,9547201000.0,19.98,None,0.556,41.71,,None,12500000,12500000,,,,,,,,,3467100000,235600000,None,776700000,776700000,279300000,None,None,354300000,None,None,350000000,,3.513,0.0333,,,,0.093,0.03,562900000,912900000,0.8,2009-06-30,18.87,441900000,4145600000.0,3038800000,452800000,149200000,441900000,441900000,None,0,None,314500000,None,None,3820100000,None,None,308700000,None,None,None,0.222,,2475900000,562900000,618800000,488500000,None,1681000000,None,,,,,2.272,2.529,3.595,,,,,,,,0.177,,8751800000,2025-10-30,quarterly,0.83,USD,pre-market,None,0,0.0306,0.128,0.129,29.85,None,4873300000,1053200000,173500000,108.45,110.17,3.75,12298300000,1300100000,1821000000,8800800000,10998200000,6979800000,3815500000,3497500000,19.98,0,117.25,88.91
2025-12-28,WEC,5.28,9547201000.0,19.98,None,0.556,41.71,,None,17100000,17100000,,,,,,,,,None,236000000,None,776700000,776700000,303900000,None,None,527600000,None,None,350000000,,3.513,0.0333,,,,0.093,0.03,562900000,912900000,0.8,2009-03-31,18.87,441900000,4145600000.0,3038800000,452800000,149200000,441900000,441900000,None,0,None,251300000,None,None,4083400000,None,None,308700000,None,None,None,0.222,,2475900000,562900000,736800000,598300000,None,None,None,,,,,2.272,2.529,3.595,,,,,,,,0.177,,8600400000,2025-10-30,quarterly,0.83,USD,pre-market,None,None,0.0306,0.128,0.129,29.85,None,4887000000,803600000,183600000,108.45,110.17,3.75,12411100000,1532800000,1705800000,8941100000,10878300000,7235300000,3815500000,3470000000,19.98,None,117.25,88.91
2025-12-28,WEC,5.28,9547201000.0,19.98,None,0.556,41.71,,None,32500000,32500000,,,,,,,,,1200000,236000000,None,776700000,776700000,441000000,None,None,369500000,None,None,350000000,,3.513,0.0333,,,,0.093,0.03,562900000,912900000,0.8,2008-12-31,18.87,441900000,4145600000.0,3038800000,452800000,149200000,441900000,441900000,None,0,None,344700000,None,None,4074700000,None,None,308700000,None,None,None,0.222,,2475900000,562900000,960800000,719400000,None,None,None,,,,,2.272,2.529,3.595,,,,,,,,0.177,,8517000000,2025-10-30,quarterly,0.83,USD,pre-market,None,2584200000,0.0306,0.128,0.129,29.85,None,4738800000,664100000,214100000,108.45,110.17,3.75,12617800000,1693100000,1734800000,9250500000,10924700000,1113000000,3815500000,3367300000,19.98,None,117.25,88.91
2025-12-28,WEC,5.28,9547201000.0,19.98,None,0.556,41.71,,None,258800000,258800000,,,,,,,,,None,236400000,None,776700000,776700000,330900000,None,None,334300000,None,None,350000000,,3.513,0.0333,,,,0.093,0.03,562900000,912900000,0.8,2008-09-30,18.87,441900000,4145600000.0,3038800000,452800000,149200000,441900000,441900000,None,0,None,359500000,None,None,3271100000,None,None,308700000,None,None,None,0.222,,2475900000,562900000,433200000,633200000,None,None,None,,,,,2.272,2.529,3.595,,,,,,,,0.177,,8333700000,2025-10-30,quarterly,0.83,USD,pre-market,None,None,0.0306,0.128,0.129,29.85,None,4566600000,1295500000,1202900000,108.45,110.17,3.75,11803700000,1385800000,2259600000,8508000000,10417900000,3271100000,3815500000,3295700000,19.98,None,117.25,88.91
2025-12-28,WEC,5.28,9547201000.0,19.98,None,0.556,41.71,,None,347200000,347200000,,,,,,,,,None,236600000,None,776700000,776700000,343500000,None,None,395700000,None,None,350000000,,3.513,0.0333,,,,0.093,0.03,562900000,912900000,0.8,2008-06-30,18.87,441900000,4145600000.0,3038800000,452800000,149200000,441900000,441900000,None,0,None,279000000,None,None,3126600000,None,None,308700000,None,None,None,0.222,,2475900000,562900000,500900000,675900000,None,None,None,,,,,2.272,2.529,3.595,,,,,,,,0.177,,8132100000,2025-10-30,quarterly,0.83,USD,pre-market,None,None,0.0306,0.128,0.129,29.85,None,4457000000,1330400000,1208900000,108.45,110.17,3.75,11725000000,1522800000,2349800000,8476900000,10202200000,3126600000,3815500000,3248100000,19.98,None,117.25,88.91
2025-12-28,WEC,5.28,9547201000.0,19.98,None,0.556,41.71,,None,367100000,367100000,,,,,,,,,None,236600000,None,776700000,776700000,422100000,None,None,521400000,None,None,350000000,,3.513,0.0333,,,,0.093,0.03,562900000,912900000,0.8,2008-03-31,18.87,441900000,4145600000.0,3038800000,452800000,149200000,441900000,441900000,None,0,None,235100000,None,None,2974200000,None,None,308700000,None,None,None,0.222,,2475900000,562900000,533400000,801300000,None,None,None,,,,,2.272,2.529,3.595,,,,,,,,0.177,,7911700000,2025-10-30,quarterly,0.83,USD,pre-market,None,None,0.0306,0.128,0.129,29.85,None,4383800000,1409600000,1121900000,108.45,110.17,3.75,11678100000,1657000000,2633000000,8456200000,10021100000,2974200000,3815500000,3221900000,19.98,None,117.25,88.91
2025-12-28,WEC,5.28,9547201000.0,19.98,None,0.556,41.71,,None,435500000,435500000,,,,,,,,,1200000,236600000,None,776700000,776700000,478300000,None,None,361800000,None,None,350000000,,3.513,0.0333,,,,0.093,0.03,562900000,912900000,0.8,2007-12-31,18.87,361800000,4145600000.0,3038800000,452800000,149200000,441900000,441900000,None,0,None,361300000,None,None,3172500000,None,None,308700000,None,None,None,0.222,,2475900000,562900000,691100000,877900000,None,None,None,,,,,2.272,2.529,3.595,,,,,,,,0.177,,7681200000,2025-10-30,quarterly,0.83,USD,pre-market,None,2351400000,0.0306,0.128,0.129,29.85,None,4426000000,1253500000,408100000,108.45,110.17,3.75,11720300000,1849700000,2502800000,8590700000,9870600000,523400000,3815500000,3129600000,19.98,None,117.25,88.91
2025-12-28,WEC,5.28,9547201000.0,19.98,None,0.556,41.71,,None,500000000,500000000,,,,,,,,,None,236400000,None,776700000,776700000,364500000,None,None,320700000,None,None,350000000,,3.513,0.0333,,,,0.093,0.03,562900000,912900000,0.8,2007-09-30,18.87,441900000,4145600000.0,3038800000,452800000,149200000,441900000,441900000,None,0,None,410300000,None,None,3493400000,None,None,308700000,None,None,None,0.222,,2475900000,562900000,247700000,581400000,None,None,None,,,,,2.272,2.529,3.595,,,,,,,,0.177,,7281600000,2025-10-30,quarterly,0.83,USD,pre-market,None,None,0.0306,0.128,0.129,29.85,None,4607000000,1113600000,1483400000,108.45,110.17,3.75,11762200000,1478700000,2059500000,8697200000,10283500000,3493400000,3815500000,3065000000,19.98,None,117.25,88.91
2025-12-28,WEC,5.28,9547201000.0,19.98,None,0.556,41.71,,None,36700000,36700000,,,,,,,,,None,237000000,None,776700000,776700000,317100000,None,None,364200000,None,None,350000000,,3.513,0.0333,,,,0.093,0.03,562900000,912900000,0.8,2007-06-30,18.87,441900000,4145600000.0,3038800000,452800000,149200000,441900000,441900000,None,0,None,333700000,None,None,3544100000,None,None,308700000,None,None,None,0.222,,2475900000,562900000,327200000,248800000,None,None,None,,,,,2.272,2.529,3.595,,,,,,,,0.177,,7486600000,2025-10-30,quarterly,0.83,USD,pre-market,None,None,0.0306,0.128,0.129,29.85,None,4501200000,957100000,1762500000,108.45,110.17,3.75,11462400000,1061800000,1523000000,8453400000,10400600000,3544100000,3815500000,3009000000,19.98,None,117.25,88.91
2025-12-28,WEC,5.28,9547201000.0,19.98,None,0.556,41.71,,None,24100000,24100000,,,,,,,,,None,237400000,None,776700000,776700000,339100000,None,None,513700000,None,None,350000000,,3.513,0.0333,,,,0.093,0.03,562900000,912900000,0.8,2007-03-31,18.87,441900000,4145600000.0,3038800000,452800000,149200000,441900000,441900000,None,0,None,264900000,None,None,3065500000,None,None,308700000,None,None,None,0.222,,2475900000,562900000,316600000,351000000,None,None,None,,,,,2.272,2.529,3.595,,,,,,,,0.177,,7277800000,2025-10-30,quarterly,0.83,USD,pre-market,None,None,0.0306,0.128,0.129,29.85,None,4252700000,1187200000,1740300000,108.45,110.17,3.75,11234000000,1119300000,1877300000,8250800000,10114700000,3065500000,3815500000,2983200000,19.98,None,117.25,88.91
2025-12-28,WEC,5.28,9547201000.0,19.98,None,0.556,41.71,,None,37000000,37000000,,,,,,,,,1200000,237400000,None,776700000,776700000,404500000,None,None,379300000,None,None,350000000,,3.513,0.0333,,,,0.093,0.03,562900000,912900000,0.8,2006-12-31,18.87,379300000,4145600000.0,3038800000,452800000,149200000,441900000,441900000,None,0,None,417200000,None,None,3073400000,None,None,308700000,None,None,None,0.222,,2475900000,562900000,394500000,274900000,None,None,None,,,,,2.272,2.529,3.595,,,,,,,,0.177,,7052500000,2025-10-30,quarterly,0.83,USD,pre-market,None,2133300000,0.0306,0.128,0.129,29.85,None,4282000000,1208600000,None,108.45,110.17,3.75,11130200000,1228000000,1888000000,8210800000,9902200000,954400000,3815500000,2919400000,19.98,None,117.25,88.91
2025-12-28,WEC,5.28,9547201000.0,19.98,None,0.556,41.71,,None,21200000,21200000,,,,,,,,,None,236800000,None,776700000,776700000,278600000,None,None,278300000,None,None,350000000,,3.513,0.0333,,,,0.093,0.03,562900000,912900000,0.8,2006-09-30,18.87,441900000,4145600000.0,3038800000,452800000,149200000,441900000,441900000,None,0,None,427700000,None,None,3034800000,None,None,308700000,None,None,None,0.222,,2475900000,562900000,249200000,335200000,None,None,None,,,,,2.272,2.529,3.595,,,,,,,,0.177,,6833000000,2025-10-30,quarterly,0.83,USD,pre-market,None,None,0.0306,0.128,0.129,29.85,None,3962300000,927500000,1691600000,108.45,110.17,3.75,10624200000,976400000,1541300000,7759200000,9647800000,3034800000,3815500000,2865000000,19.98,None,117.25,88.91
2025-12-28,WEC,5.28,9547201000.0,19.98,None,0.556,41.71,,None,18100000,18100000,,,,,,,,,None,236800000,None,776700000,776700000,277700000,None,None,341500000,None,None,350000000,,3.513,0.0333,,,,0.093,0.03,562900000,912900000,0.8,2006-06-30,18.87,441900000,4145600000.0,3038800000,452800000,149200000,441900000,441900000,None,0,None,342900000,None,None,3025400000,None,None,308700000,None,None,None,0.222,,2475900000,562900000,285700000,336700000,None,None,None,,,,,2.272,2.529,3.595,,,,,,,,0.177,,6677900000,2025-10-30,quarterly,0.83,USD,pre-market,None,None,0.0306,0.128,0.129,29.85,None,3807600000,782200000,1638400000,108.45,110.17,3.75,10400400000,988200000,1396600000,7573600000,9412200000,3025400000,3815500000,2826800000,19.98,None,117.25,88.91
2025-12-28,WEC,5.28,9547201000.0,19.98,None,0.556,41.71,,None,37100000,37100000,,,,,,,,,None,237000000,None,776700000,776700000,271600000,None,None,505800000,None,None,350000000,,3.513,0.0333,,,,0.093,0.03,562900000,912900000,0.8,2006-03-31,18.87,441900000,4145600000.0,3038800000,452800000,149200000,441900000,441900000,None,0,None,278400000,None,None,3025300000,None,None,308700000,None,None,None,0.222,,2475900000,562900000,282600000,332400000,None,None,None,,,,,2.272,2.529,3.595,,,,,,,,0.177,,6501900000,2025-10-30,quarterly,0.83,USD,pre-market,None,1924500000,0.0306,0.128,0.129,29.85,None,3853100000,827800000,1704100000,108.45,110.17,3.75,10375400000,1103900000,1431800000,7586500000,9271500000,3025300000,3815500000,2788900000,19.98,None,117.25,88.91
2025-12-28,WEC,5.28,9547201000.0,19.98,None,0.556,41.71,,None,73200000,73200000,,,,,,,,,1200000,237000000,None,776700000,776700000,418100000,None,None,441800000,None,None,350000000,,3.513,0.0333,,,,0.093,0.03,562900000,912900000,0.8,2005-12-31,18.87,441800000,4145600000.0,3038800000,452800000,149200000,441900000,441900000,None,0,None,451600000,None,None,3031000000,None,None,308700000,None,None,None,0.222,,2475900000,562900000,410400000,281500000,None,None,None,,,,,2.272,2.529,3.595,,,,,,,,0.177,,6362900000,2025-10-30,quarterly,0.83,USD,pre-market,None,1924500000,0.0306,0.128,0.129,29.85,None,3983300000,952300000,None,108.45,110.17,3.75,10462000000,1377000000,1646800000,7751500000,9085000000,285800000,3815500000,2710500000,19.98,None,117.25,88.91
2025-12-28,WEC,5.28,9547201000.0,19.98,None,0.556,41.71,,None,29800000,29800000,,,,,,,,,-5680600000,237200000,None,776700000,776700000,343900000,None,None,287200000,None,None,350000000,,3.513,0.0333,,,,0.093,0.03,562900000,912900000,0.8,2005-09-30,18.87,441900000,4145600000.0,3038800000,452800000,149200000,441900000,441900000,None,0,None,504200000,None,None,3132800000,None,None,308700000,None,None,None,0.222,,2475900000,562900000,344200000,286800000,None,None,None,,,,,2.272,2.529,3.595,,,,,,,,0.177,,6190500000,2025-10-30,quarterly,0.83,USD,pre-market,None,1859600000,0.0306,0.128,0.129,29.85,None,3688800000,556000000,1656100000,108.45,110.17,3.75,10000100000,1165400000,1186700000,7352500000,8834700000,3132800000,3815500000,2647600000,19.98,None,117.25,88.91
2025-12-28,WEC,5.28,9547201000.0,19.98,None,0.556,41.71,,303300000,9800000,9800000,,,,,,,,,3200000,316500000,None,776700000,776700000,1137100000,None,2845600000,1669300000,None,None,350000000,,3.513,0.0333,,,,0.093,0.03,562900000,912900000,0.8,2024-12-31,18.87,3052800000,4145600000.0,3038800000,452800000,149200000,34500000,34500000,None,0,None,813200000,None,None,17178100000,None,2108900000,308700000,None,None,None,0.222,,2475900000,562900000,419400000,859200000,None,1404900000,None,,,,,2.272,2.529,3.595,,,,,,,,0.177,,8823200000,2025-10-30,annual,0.83,USD,pre-market,None,8083800000,0.0306,0.128,0.129,29.85,None,20327000000,2845600000,None,108.45,110.17,3.75,47363200000,2911700000,4841900000,34561300000,44451500000,29719400000,3815500000,12425400000,19.98,None,117.25,88.91
2025-12-28,WEC,5.28,9547201000.0,19.98,None,0.556,41.71,,145900000,42900000,42900000,,,,,,,,,3200000,315900000,None,776700000,776700000,896600000,None,3285100000,1503200000,None,None,350000000,,3.513,0.0333,,,,0.093,0.03,562900000,912900000,0.8,2023-12-31,18.87,3052800000,4145600000.0,3038800000,452800000,149200000,34500000,34500000,None,0,None,775200000,None,None,15366900000,None,2005900000,308700000,None,None,None,0.222,,2475900000,562900000,474400000,933100000,None,1254100000,None,,,,,2.272,2.529,3.595,,,,,,,,0.177,,7398200000,2025-10-30,annual,0.83,USD,pre-market,None,7612800000,0.0306,0.128,0.129,29.85,None,18797900000,3285100000,None,108.45,110.17,3.75,43939700000,2795700000,5114800000,31868200000,41144000000,26753400000,3815500000,11754600000,19.98,None,117.25,88.91
2025-12-28,WEC,5.28,9547201000.0,19.98,None,0.556,41.71,,183200000,28900000,28900000,,,,,,,,,3200000,316100000,None,776700000,776700000,1198100000,None,2528300000,1818400000,None,None,350000000,,3.513,0.0333,,,,0.093,0.03,562900000,912900000,0.8,2022-12-31,18.87,3052800000,4145600000.0,3038800000,452800000,149200000,24900000,24900000,None,0,None,807100000,None,None,14766200000,None,1909200000,308700000,None,None,None,0.222,,2475900000,562900000,533300000,811900000,None,1475300000,None,,,,,2.272,2.529,3.595,,,,,,,,0.177,,29113800000,2025-10-30,annual,0.83,USD,pre-market,None,7265300000,0.0306,0.128,0.129,29.85,None,17367200000,2601000000,1909200000,108.45,110.17,3.75,41872100000,3187700000,4611000000,30255500000,38684400000,25644500000,3815500000,11407300000,19.98,None,117.25,88.91
2025-12-28,WEC,5.28,9547201000.0,19.98,None,0.556,41.71,,129700000,16300000,16300000,,,,,,,,,3200000,316300000,None,776700000,776700000,1005700000,None,2066400000,1505700000,None,None,350000000,,3.513,0.0333,,,,0.093,0.03,562900000,912900000,0.8,2021-12-31,18.87,3052800000,4145600000.0,3038800000,452800000,149200000,5700000,5700000,None,0,None,635800000,None,None,13523700000,None,1789400000,308700000,None,None,None,0.222,,2475900000,562900000,498900000,680900000,None,1203200000,None,,,,,2.272,2.529,3.595,,,,,,,,0.177,,26982400000,2025-10-30,annual,0.83,USD,pre-market,None,6775100000,0.0306,0.128,0.129,29.85,None,15590100000,2066400000,1789400000,108.45,110.17,3.75,38988500000,2656700000,3753000000,27875200000,36331800000,24122200000,3815500000,10943600000,19.98,None,117.25,88.91
2025-12-28,WEC,5.28,9547201000.0,19.98,None,0.556,41.71,,63400000,24800000,24800000,,,,,,,,,3200000,316500000,None,776700000,776700000,880700000,None,2562700000,1202800000,None,None,350000000,,3.513,0.0333,,,,0.093,0.03,562900000,912900000,0.8,2020-12-31,18.87,3052800000,4145600000.0,3038800000,452800000,149200000,None,None,None,0,None,528600000,None,None,11728100000,None,1764300000,308700000,None,None,None,0.222,,2475900000,562900000,326800000,704700000,None,6017400000,None,,,,,2.272,2.529,3.595,,,,,,,,0.177,,25707400000,2025-10-30,annual,0.83,USD,pre-market,None,6329600000,0.0306,0.128,0.129,29.85,None,14290800000,2562700000,1764000000,108.45,110.17,3.75,37028100000,2083000000,4148100000,26365600000,34945100000,22217500000,3815500000,10500100000,19.98,None,117.25,88.91
2025-12-28,WEC,5.28,9547201000.0,19.98,None,0.556,41.71,,45900000,37500000,37500000,,,,,,,,,3200000,316700000,None,776700000,776700000,908100000,None,1524000000,1176500000,None,None,350000000,,3.513,0.0333,,,,0.093,0.03,562900000,912900000,0.8,2019-12-31,18.87,3052800000,4145600000.0,3038800000,452800000,149200000,None,None,None,0,None,549800000,None,None,11211000000,None,1720800000,308700000,None,None,None,0.222,,2475900000,562900000,329800000,750600000,None,6037100000,None,,,,,2.272,2.529,3.595,,,,,,,,0.177,,23620100000,2025-10-30,annual,0.83,USD,pre-market,None,5927700000,0.0306,0.128,0.129,29.85,None,12735000000,1524000000,None,108.45,110.17,3.75,34951800000,2093600000,3182700000,24697200000,32858200000,21514500000,3815500000,10143800000,19.98,None,117.25,88.91
2025-12-28,WEC,5.28,9547201000.0,19.98,None,0.556,41.71,,None,84500000,84500000,,,,,,,,,3200000,316900000,None,776700000,776700000,876400000,None,1805100000,1280900000,None,None,350000000,,3.513,0.0333,,,,0.093,0.03,562900000,912900000,0.8,2018-12-31,18.87,3052800000,4145600000.0,3038800000,452800000,149200000,None,None,None,0,None,548200000,None,None,9994000000,None,1665300000,308700000,None,None,None,0.222,,2475900000,562900000,334000000,650200000,None,6398900000,None,,,,,2.272,2.529,3.595,,,,,,,,0.177,,22000900000,2025-10-30,annual,0.83,USD,pre-market,None,5538200000,0.0306,0.128,0.129,29.85,None,11799100000,1805100000,None,108.45,110.17,3.75,33475800000,2247600000,3331700000,23633100000,31228200000,20301400000,3815500000,9819300000,19.98,None,117.25,88.91
2025-12-28,WEC,5.28,9547201000.0,19.98,None,0.556,41.71,,None,38900000,38900000,,,,,,,,,3200000,317200000,None,776700000,776700000,859900000,None,2286700000,1350700000,None,None,350000000,,3.513,0.0333,,,,0.093,0.03,562900000,912900000,0.8,2017-12-31,18.87,3053500000,4145600000.0,3038800000,452800000,149200000,3053500000,3053500000,None,0,None,539000000,None,None,8746600000,None,1553400000,308700000,None,None,None,0.222,,2475900000,562900000,284900000,722700000,None,5939700000,None,,,,,2.272,2.529,3.595,,,,,,,,0.177,,21347000000,2025-10-30,annual,0.83,USD,pre-market,None,5176800000,0.0306,0.128,0.129,29.85,None,11033300000,2286700000,0,108.45,110.17,3.75,31590500000,2213500000,3869300000,22098700000,29377000000,18229400000,3815500000,9491800000,19.98,0,117.25,88.91
2025-12-28,WEC,5.28,9547201000.0,19.98,None,0.556,41.71,,None,37500000,37500000,,,,,,,,,3200000,316900000,None,776700000,776700000,861500000,None,1017400000,1241700000,None,None,350000000,,3.513,0.0333,,,,0.093,0.03,562900000,912900000,0.8,2016-12-31,18.87,3046200000,4145600000.0,3038800000,452800000,149200000,3046200000,3046200000,None,0,None,587600000,None,None,9158200000,None,1443900000,308700000,None,None,None,0.222,,2475900000,562900000,301900000,552700000,None,3860400000,None,,,,,2.272,2.529,3.595,,,,,,,,0.177,,19915500000,2025-10-30,annual,0.83,USD,pre-market,None,4613900000,0.0306,0.128,0.129,29.85,None,10175600000,1017400000,0,108.45,110.17,3.75,30123200000,2168700000,2431600000,21163000000,27954500000,18731400000,3815500000,8960200000,19.98,0,117.25,88.91
2025-12-28,WEC,5.28,9547201000.0,19.98,None,0.556,41.71,,None,49800000,49800000,,,,,,,,,3200000,272700000,None,776700000,776700000,815400000,None,157700000,1028600000,None,None,350000000,,3.513,0.0333,,,,0.093,0.03,562900000,912900000,0.8,2015-12-31,18.87,3023500000,4145600000.0,3038800000,452800000,149200000,13900000,13900000,None,0,None,687000000,None,None,9124100000,None,1380900000,308700000,None,None,None,0.222,,2475900000,562900000,441400000,640900000,None,3635200000,None,,,,,2.272,2.529,3.595,,,,,,,,0.177,,19189700000,2025-10-30,annual,0.83,USD,pre-market,None,4299800000,0.0306,0.128,0.129,29.85,None,10376800000,1252700000,0,108.45,110.17,3.75,29355200000,2206800000,2709000000,20670000000,27148400000,17961000000,3815500000,8685200000,19.98,0,117.25,88.91
2025-12-28,WEC,5.28,9547201000.0,19.98,None,0.556,41.71,,None,61900000,61900000,,,,,,,,,2300000,227500000,None,776700000,776700000,363300000,None,5212400000,643400000,None,None,350000000,,3.513,0.0333,,,,0.093,0.03,562900000,912900000,0.8,2014-12-31,18.87,441900000,4145600000.0,3038800000,452800000,149200000,441900000,441900000,None,0,None,400600000,None,None,4186400000,None,456900000,308700000,None,None,None,0.222,,2475900000,562900000,186800000,275100000,None,1337400000,None,,,,,2.272,2.529,3.595,,,,,,,,0.177,,11257700000,2025-10-30,annual,0.83,USD,pre-market,None,4419700000,0.0306,0.128,0.129,29.85,None,5212400000,1041700000,0,108.45,110.17,3.75,15163400000,1535400000,1668700000,10713300000,13628000000,9044600000,3815500000,4450100000,19.98,0,117.25,88.91
2025-12-28,WEC,5.28,9547201000.0,19.98,None,0.556,41.71,,None,26000000,26000000,,,,,,,,,2300000,229700000,None,776700000,776700000,342600000,None,None,727100000,None,None,350000000,,3.513,0.0333,,,,0.093,0.03,562900000,912900000,0.8,2013-12-31,18.87,441900000,4145600000.0,3038800000,452800000,149200000,441900000,441900000,None,0,None,329400000,None,None,4363200000,None,None,308700000,None,None,None,0.222,,2475900000,562900000,468600000,237600000,None,1348200000,None,,,,,2.272,2.529,3.595,,,,,,,,0.177,,10906600000,2025-10-30,annual,0.83,USD,pre-market,None,4233000000,0.0306,0.128,0.129,29.85,None,5242800000,879600000,0,108.45,110.17,3.75,14769400000,1551100000,1496400000,10506000000,13218300000,9009600000,3815500000,4263400000,19.98,0,117.25,88.91
2025-12-28,WEC,5.28,9547201000.0,19.98,None,0.556,41.71,,None,35600000,35600000,,,,,,,,,2300000,232800000,None,776700000,776700000,368400000,None,None,563400000,None,None,350000000,,3.513,0.0333,,,,0.093,0.03,562900000,912900000,0.8,2012-12-31,18.87,441900000,4145600000.0,3038800000,452800000,149200000,441900000,441900000,None,0,None,360700000,None,None,4453800000,None,None,308700000,None,None,None,0.222,,2475900000,562900000,312900000,208400000,None,None,None,,,,,2.272,2.529,3.595,,,,,,,,0.177,,10572200000,2025-10-30,annual,0.83,USD,pre-market,None,4135100000,0.0306,0.128,0.129,29.85,None,5260500000,806700000,2700000,108.45,110.17,3.75,14285000000,1313900000,1443300000,10119500000,12971100000,8676200000,3815500000,4165500000,19.98,0,117.25,88.91
2025-12-28,WEC,5.28,9547201000.0,19.98,None,0.556,41.71,,None,14100000,14100000,,,,,,,,,3963300000,235400000,None,776700000,776700000,325700000,None,None,504500000,None,None,350000000,,3.513,0.0333,,,,0.093,0.03,562900000,912900000,0.8,2011-12-31,18.87,441900000,4145600000.0,3038800000,452800000,149200000,441900000,441900000,None,0,None,382000000,None,None,4614300000,None,None,308700000,None,None,None,0.222,,2475900000,562900000,227400000,423700000,None,1439000000,None,,,,,2.272,2.529,3.595,,,,,,,,0.177,,10160400000,2025-10-30,annual,0.83,USD,pre-market,None,3362500000,0.0306,0.128,0.129,29.85,None,5316800000,702500000,45500000,108.45,110.17,3.75,13862100000,1426200000,1364500000,9868400000,12435900000,8503900000,3815500000,3993700000,19.98,0,117.25,88.91
2025-12-28,WEC,5.28,9547201000.0,19.98,None,0.556,41.71,,None,24500000,24500000,,,,,,,,,1200000,236700000,None,776700000,776700000,315400000,None,None,428300000,None,None,350000000,,3.513,0.0333,,,,0.093,0.03,562900000,912900000,0.8,2010-12-31,18.87,441900000,4145600000.0,3038800000,452800000,149200000,441900000,441900000,None,0,None,379100000,None,None,3932000000,None,None,308700000,None,None,None,0.222,,2475900000,562900000,499200000,317100000,None,1579900000,None,,,,,2.272,2.529,3.595,,,,,,,,0.177,,9601500000,2025-10-30,annual,0.83,USD,pre-market,None,3078300000,0.0306,0.128,0.129,29.85,None,5063300000,1131300000,8300000,108.45,110.17,3.75,13059800000,1331100000,1721100000,9227300000,11728700000,7506200000,3815500000,3832500000,19.98,0,117.25,88.91
2025-12-28,WEC,5.28,9547201000.0,19.98,None,0.556,41.71,,None,20900000,20900000,,,,,,,,,3566900000,235800000,None,776700000,776700000,290600000,None,None,304400000,None,None,350000000,,3.513,0.0333,,,,0.093,0.03,562900000,912900000,0.8,2009-12-31,18.87,441900000,4145600000.0,3038800000,452800000,149200000,441900000,441900000,None,0,None,379300000,None,None,3875800000,None,None,308700000,None,None,None,0.222,,2475900000,562900000,832300000,440900000,None,1548200000,None,,,,,2.272,2.529,3.595,,,,,,,,0.177,,9070500000,2025-10-30,annual,0.83,USD,pre-market,None,2808800000,0.0306,0.128,0.129,29.85,None,4996600000,1120800000,194500000,108.45,110.17,3.75,12697900000,1461700000,1881900000,9100600000,11236200000,7218700000,3815500000,3597300000,19.98,0,117.25,88.91
2025-12-28,WEC,5.28,9547201000.0,19.98,None,0.556,41.71,,None,32500000,32500000,,,,,,,,,1200000,236400000,None,776700000,776700000,441000000,None,None,369500000,None,None,350000000,,3.513,0.0333,,,,0.093,0.03,562900000,912900000,0.8,2008-12-31,18.87,441900000,4145600000.0,3038800000,452800000,149200000,441900000,441900000,None,0,None,344700000,None,None,4074700000,None,None,308700000,None,None,None,0.222,,2475900000,562900000,960800000,719400000,None,None,None,,,,,2.272,2.529,3.595,,,,,,,,0.177,,8517000000,2025-10-30,annual,0.83,USD,pre-market,None,2584200000,0.0306,0.128,0.129,29.85,None,4738800000,664100000,214100000,108.45,110.17,3.75,12617800000,1693100000,1734800000,9250500000,10924700000,1113000000,3815500000,3367300000,19.98,None,117.25,88.91
2025-12-28,WEC,5.28,9547201000.0,19.98,None,0.556,41.71,,None,435500000,435500000,,,,,,,,,1200000,237000000,None,776700000,776700000,478300000,None,None,674000000,None,None,350000000,,3.513,0.0333,,,,0.093,0.03,562900000,912900000,0.8,2007-12-31,18.87,674000000,4145600000.0,3038800000,452800000,149200000,441900000,441900000,None,0,None,361300000,None,None,3172500000,None,None,308700000,None,None,None,0.222,,2475900000,562900000,378900000,877900000,None,None,None,,,,,2.272,2.529,3.595,,,,,,,,0.177,,7681200000,2025-10-30,annual,0.83,USD,pre-market,None,2351400000,0.0306,0.128,0.129,29.85,None,4426000000,1253500000,408100000,108.45,110.17,3.75,11720300000,1849700000,2502800000,8590700000,9870600000,523400000,3815500000,3129600000,19.98,None,117.25,88.91
2025-12-28,WEC,5.28,9547201000.0,19.98,None,0.556,41.71,,None,37000000,37000000,,,,,,,,,1200000,236800000,None,776700000,776700000,404500000,None,None,637100000,None,None,350000000,,3.513,0.0333,,,,0.093,0.03,562900000,912900000,0.8,2006-12-31,18.87,637100000,4145600000.0,3038800000,452800000,149200000,441900000,441900000,None,0,None,417200000,None,None,3073400000,None,None,308700000,None,None,None,0.222,,2475900000,562900000,136700000,274900000,None,None,None,,,,,2.272,2.529,3.595,,,,,,,,0.177,,7052500000,2025-10-30,annual,0.83,USD,pre-market,None,2133300000,0.0306,0.128,0.129,29.85,None,4282000000,1208600000,None,108.45,110.17,3.75,11130200000,1228000000,1888000000,8210800000,9902200000,954400000,3815500000,2919400000,19.98,None,117.25,88.91
2025-12-28,WEC,5.28,9547201000.0,19.98,None,0.556,41.71,,None,73200000,73200000,,,,,,,,,1200000,236800000,None,776700000,776700000,418100000,None,None,704700000,None,None,350000000,,3.513,0.0333,,,,0.093,0.03,562900000,912900000,0.8,2005-12-31,18.87,704700000,4145600000.0,3038800000,452800000,149200000,441900000,441900000,None,0,None,451600000,None,None,3031000000,None,None,308700000,None,None,None,0.222,,2475900000,562900000,147500000,281500000,None,None,None,,,,,2.272,2.529,3.595,,,,,,,,0.177,,6362900000,2025-10-30,annual,0.83,USD,pre-market,None,1924500000,0.0306,0.128,0.129,29.85,None,3983300000,952300000,None,108.45,110.17,3.75,10462000000,1377000000,1646800000,7751500000,9085000000,285800000,3815500000,2710500000,19.98,None,117.25,88.91
2025-12-28,WEC,5.28,9547201000.0,19.98,None,0.556,41.71,1564600000,None,73200000,73200000,707300000,-1597700000,None,None,-139600000,None,None,None,1200000,236800000,None,776700000,776700000,418100000,None,None,704700000,None,None,350000000,373400000,3.513,0.0333,288700000,288700000,None,0.093,0.03,562900000,912900000,0.8,2025-09-30,18.87,704700000,4145600000.0,3038800000,452800000,149200000,441900000,441900000,None,0,None,451600000,None,None,3031000000,None,None,270200000,None,None,None,0.222,938900000,2475900000,562900000,147500000,281500000,None,None,None,None,None,None,None,2.272,2.529,3.595,None,None,None,None,None,782900000,None,0.177,None,6362900000,2025-10-30,quarterly,0.83,USD,pre-market,None,1924500000,0.0306,0.128,0.129,29.85,None,3983300000,952300000,None,108.45,110.17,3.75,10462000000,1377000000,1646800000,7751500000,9085000000,285800000,3815500000,2710500000,19.98,None,117.25,88.91
2025-12-28,WEC,5.28,9547201000.0,19.98,None,0.556,41.71,829400000,None,73200000,73200000,-56500000,-871000000,None,None,-127000000,None,None,None,1200000,236800000,None,776700000,776700000,418100000,None,None,704700000,None,None,350000000,368900000,3.513,0.0333,285100000,285100000,None,0.093,0.03,562900000,912900000,0.8,2025-06-30,18.87,704700000,4145600000.0,3038800000,452800000,149200000,441900000,441900000,None,0,None,451600000,None,None,3031000000,None,None,243000000,None,None,None,0.222,853300000,2475900000,562900000,147500000,281500000,None,None,None,None,None,None,None,2.272,2.529,3.595,None,None,None,None,None,422200000,None,0.177,None,6362900000,2025-10-30,quarterly,0.83,USD,pre-market,None,1924500000,0.0306,0.128,0.129,29.85,None,3983300000,952300000,None,108.45,110.17,3.75,10462000000,1377000000,1646800000,7751500000,9085000000,285800000,3815500000,2710500000,19.98,None,117.25,88.91
2025-12-28,WEC,5.28,9547201000.0,19.98,None,0.556,41.71,701100000,None,73200000,73200000,40400000,-1101800000,None,None,237200000,None,None,None,1200000,236800000,None,776700000,776700000,418100000,None,None,704700000,None,None,350000000,359900000,3.513,0.0333,283600000,283600000,None,0.093,0.03,562900000,912900000,0.8,2025-03-31,18.87,704700000,4145600000.0,3038800000,452800000,149200000,441900000,441900000,None,0,None,451600000,None,None,3031000000,None,None,725500000,None,None,None,0.222,1162600000,2475900000,562900000,147500000,281500000,None,None,None,None,None,None,None,2.272,2.529,3.595,None,None,None,None,None,-1300000,None,0.177,None,6362900000,2025-10-30,quarterly,0.83,USD,pre-market,None,1924500000,0.0306,0.128,0.129,29.85,None,3983300000,952300000,None,108.45,110.17,3.75,10462000000,1377000000,1646800000,7751500000,9085000000,285800000,3815500000,2710500000,19.98,None,117.25,88.91
2025-12-28,WEC,5.28,9547201000.0,19.98,None,0.556,41.71,846400000,None,73200000,73200000,848700000,-1749300000,None,None,-23300000,None,None,None,1200000,236800000,None,776700000,776700000,418100000,None,None,704700000,None,None,350000000,344000000,3.513,0.0333,265000000,265000000,None,0.093,0.03,562900000,912900000,0.8,2024-12-31,18.87,704700000,4145600000.0,3038800000,452800000,149200000,441900000,441900000,None,0,None,451600000,None,None,3031000000,None,None,453100000,None,None,None,0.222,581800000,2475900000,562900000,147500000,281500000,None,None,None,None,None,None,None,2.272,2.529,3.595,None,None,None,None,None,183900000,None,0.177,None,6362900000,2025-10-30,quarterly,0.83,USD,pre-market,None,1924500000,0.0306,0.128,0.129,29.85,None,3983300000,952300000,None,108.45,110.17,3.75,10462000000,1377000000,1646800000,7751500000,9085000000,285800000,3815500000,2710500000,19.98,None,117.25,88.91
2025-12-28,WEC,5.28,9547201000.0,19.98,None,0.556,41.71,796300000,None,73200000,73200000,131500000,-802400000,None,None,-94100000,None,None,None,1200000,236800000,None,776700000,776700000,418100000,None,None,704700000,None,None,350000000,340500000,3.513,0.0333,264000000,264000000,None,0.093,0.03,562900000,912900000,0.8,2024-09-30,18.87,704700000,4145600000.0,3038800000,452800000,149200000,441900000,441900000,None,0,None,451600000,None,None,3031000000,None,None,238600000,None,None,None,0.222,729000000,2475900000,562900000,147500000,281500000,None,None,None,None,None,None,None,2.272,2.529,3.595,None,None,None,None,None,61200000,None,0.177,None,6362900000,2025-10-30,quarterly,0.83,USD,pre-market,None,1924500000,0.0306,0.128,0.129,29.85,None,3983300000,952300000,None,108.45,110.17,3.75,10462000000,1377000000,1646800000,7751500000,9085000000,285800000,3815500000,2710500000,19.98,None,117.25,88.91
2025-12-28,WEC,5.28,9547201000.0,19.98,None,0.556,41.71,693900000,None,73200000,73200000,-36000000,-814600000,None,None,-87200000,None,None,None,1200000,236800000,None,776700000,776700000,418100000,None,None,704700000,None,None,350000000,336600000,3.513,0.0333,263700000,263700000,None,0.093,0.03,562900000,912900000,0.8,2024-06-30,18.87,704700000,4145600000.0,3038800000,452800000,149200000,441900000,441900000,None,0,None,451600000,None,None,3031000000,None,None,210000000,None,None,None,0.222,1037400000,2475900000,562900000,147500000,281500000,None,None,None,None,None,None,None,2.272,2.529,3.595,None,None,None,None,None,-1200000,None,0.177,None,6362900000,2025-10-30,quarterly,0.83,USD,pre-market,None,1924500000,0.0306,0.128,0.129,29.85,None,3983300000,952300000,None,108.45,110.17,3.75,10462000000,1377000000,1646800000,7751500000,9085000000,285800000,3815500000,2710500000,19.98,None,117.25,88.91
2025-12-28,WEC,5.28,9547201000.0,19.98,None,0.556,41.71,444500000,None,73200000,73200000,-476500000,-436200000,None,None,166600000,None,None,None,1200000,236800000,None,776700000,776700000,418100000,None,None,704700000,None,None,350000000,333400000,3.513,0.0333,263500000,263500000,None,0.093,0.03,562900000,912900000,0.8,2024-03-31,18.87,704700000,4145600000.0,3038800000,452800000,149200000,441900000,441900000,None,0,None,451600000,None,None,3031000000,None,None,622600000,None,None,None,0.222,863600000,2475900000,562900000,147500000,281500000,None,None,None,None,None,None,None,2.272,2.529,3.595,None,None,None,None,None,-2000000,None,0.177,None,6362900000,2025-10-30,quarterly,0.83,USD,pre-market,None,1924500000,0.0306,0.128,0.129,29.85,None,3983300000,952300000,None,108.45,110.17,3.75,10462000000,1377000000,1646800000,7751500000,9085000000,285800000,3815500000,2710500000,19.98,None,117.25,88.91
2025-12-28,WEC,5.28,9547201000.0,19.98,None,0.556,41.71,763400000,None,73200000,73200000,330300000,-786500000,None,None,-25300000,None,None,None,1200000,236800000,None,776700000,776700000,418100000,None,None,704700000,None,None,350000000,324500000,3.513,0.0333,246100000,246100000,None,0.093,0.03,562900000,912900000,0.8,2023-12-31,18.87,704700000,4145600000.0,3038800000,452800000,149200000,441900000,441900000,None,0,None,451600000,None,None,3031000000,None,None,218500000,None,None,None,0.222,480000000,2475900000,562900000,147500000,281500000,None,None,None,None,None,None,None,2.272,2.529,3.595,None,None,None,None,None,-5900000,None,0.177,None,6362900000,2025-10-30,quarterly,0.83,USD,pre-market,None,1924500000,0.0306,0.128,0.129,29.85,None,3983300000,952300000,None,108.45,110.17,3.75,10462000000,1377000000,1646800000,7751500000,9085000000,285800000,3815500000,2710500000,19.98,None,117.25,88.91
2025-12-28,WEC,5.28,9547201000.0,19.98,None,0.556,41.71,655800000,None,73200000,73200000,-112500000,-2771700000,None,None,-146100000,None,None,None,1200000,236800000,None,776700000,776700000,418100000,None,None,704700000,None,None,350000000,320300000,3.513,0.0333,246000000,246000000,None,0.093,0.03,562900000,912900000,0.8,2023-09-30,18.87,704700000,4145600000.0,3038800000,452800000,149200000,441900000,441900000,None,0,None,451600000,None,None,3031000000,None,None,315600000,None,None,None,0.222,784100000,2475900000,562900000,147500000,281500000,None,None,None,None,None,None,None,2.272,2.529,3.595,None,None,None,None,None,-1200000,None,0.177,None,6362900000,2025-10-30,quarterly,0.83,USD,pre-market,None,1924500000,0.0306,0.128,0.129,29.85,None,3983300000,952300000,None,108.45,110.17,3.75,10462000000,1377000000,1646800000,7751500000,9085000000,285800000,3815500000,2710500000,19.98,None,117.25,88.91
2025-12-28,WEC,5.28,9547201000.0,19.98,None,0.556,41.71,574300000,None,73200000,73200000,-112600000,-833500000,12100000,None,-80300000,None,None,468800000,1200000,236800000,None,776700000,776700000,418100000,None,None,704700000,None,None,350000000,313900000,3.513,0.0333,246000000,246000000,None,0.093,0.03,562900000,912900000,0.8,2023-06-30,18.87,704700000,4145600000.0,3038800000,452800000,149200000,441900000,441900000,None,0,None,451600000,None,None,3031000000,None,None,290000000,None,None,None,0.222,958200000,2475900000,562900000,147500000,281500000,None,None,None,None,None,None,None,2.272,2.529,3.595,None,None,None,None,None,382800000,None,0.177,None,6362900000,2025-10-30,quarterly,0.83,USD,pre-market,None,1924500000,0.0306,0.128,0.129,29.85,None,3983300000,952300000,None,108.45,110.17,3.75,10462000000,1377000000,1646800000,7751500000,9085000000,285800000,3815500000,2710500000,19.98,None,117.25,88.91
2025-12-28,WEC,5.28,9547201000.0,19.98,None,0.556,41.71,499400000,None,73200000,73200000,417600000,-1267900000,-54200000,None,293600000,None,None,60700000,1200000,236800000,None,776700000,776700000,418100000,None,None,704700000,None,None,350000000,305500000,3.513,0.0333,246100000,246100000,None,0.093,0.03,562900000,912900000,0.8,2023-03-31,18.87,704700000,4145600000.0,3038800000,452800000,149200000,441900000,441900000,None,0,None,451600000,None,None,3031000000,None,None,507600000,None,None,None,0.222,796100000,2475900000,562900000,147500000,281500000,None,None,None,None,None,None,None,2.272,2.529,3.595,None,None,None,None,None,-392300000,None,0.177,None,6362900000,2025-10-30,quarterly,0.83,USD,pre-market,None,1924500000,0.0306,0.128,0.129,29.85,None,3983300000,952300000,None,108.45,110.17,3.75,10462000000,1377000000,1646800000,7751500000,9085000000,285800000,3815500000,2710500000,19.98,None,117.25,88.91
2025-12-28,WEC,5.28,9547201000.0,19.98,None,0.556,41.71,633400000,None,73200000,73200000,721500000,-2642400000,66200000,None,117500000,None,None,-493000000,1200000,236800000,None,776700000,776700000,418100000,None,None,704700000,None,None,350000000,284600000,3.513,0.0333,229400000,229400000,None,0.093,0.03,562900000,912900000,0.8,2022-12-31,18.87,704700000,4145600000.0,3038800000,452800000,149200000,441900000,441900000,None,0,None,451600000,None,None,3031000000,None,None,252200000,None,None,None,0.222,1200000,2475900000,562900000,147500000,281500000,None,None,None,None,None,None,None,2.272,2.529,3.595,None,None,None,None,None,-900000,None,0.177,None,6362900000,2025-10-30,quarterly,0.83,USD,pre-market,None,1924500000,0.0306,0.128,0.129,29.85,None,3983300000,952300000,None,108.45,110.17,3.75,10462000000,1377000000,1646800000,7751500000,9085000000,285800000,3815500000,2710500000,19.98,None,117.25,88.91
2025-12-28,WEC,5.28,9547201000.0,19.98,None,0.556,41.71,671900000,None,73200000,73200000,762600000,-1048400000,11100000,None,-352400000,None,None,114600000,1200000,236800000,None,776700000,776700000,418100000,None,None,704700000,None,None,350000000,280300000,3.513,0.0333,229500000,229500000,None,0.093,0.03,562900000,912900000,0.8,2022-09-30,18.87,704700000,4145600000.0,3038800000,452800000,149200000,441900000,441900000,None,0,None,451600000,None,None,3031000000,None,None,301700000,None,None,None,0.222,296900000,2475900000,562900000,147500000,281500000,None,None,None,None,None,None,None,2.272,2.529,3.595,None,None,None,None,None,-19900000,None,0.177,None,6362900000,2025-10-30,quarterly,0.83,USD,pre-market,None,1924500000,0.0306,0.128,0.129,29.85,None,3983300000,952300000,None,108.45,110.17,3.75,10462000000,1377000000,1646800000,7751500000,9085000000,285800000,3815500000,2710500000,19.98,None,117.25,88.91
2025-12-28,WEC,5.28,9547201000.0,19.98,None,0.556,41.71,645300000,None,73200000,73200000,-101200000,-599300000,-14700000,None,-203400000,None,None,210600000,1200000,236800000,None,776700000,776700000,418100000,None,None,704700000,None,None,350000000,279600000,3.513,0.0333,229400000,229400000,None,0.093,0.03,562900000,912900000,0.8,2022-06-30,18.87,704700000,4145600000.0,3038800000,452800000,149200000,441900000,441900000,None,0,None,451600000,None,None,3031000000,None,None,287800000,None,None,None,0.222,685800000,2475900000,562900000,147500000,281500000,None,None,None,None,None,None,None,2.272,2.529,3.595,None,None,None,None,None,-25000000,None,0.177,None,6362900000,2025-10-30,quarterly,0.83,USD,pre-market,None,1924500000,0.0306,0.128,0.129,29.85,None,3983300000,952300000,None,108.45,110.17,3.75,10462000000,1377000000,1646800000,7751500000,9085000000,285800000,3815500000,2710500000,19.98,None,117.25,88.91
2025-12-28,WEC,5.28,9547201000.0,19.98,None,0.556,41.71,383500000,None,73200000,73200000,-706500000,-338200000,32100000,None,267000000,None,None,-174300000,1200000,236800000,None,776700000,776700000,418100000,None,None,704700000,None,None,350000000,278100000,3.513,0.0333,229600000,229600000,None,0.093,0.03,562900000,912900000,0.8,2022-03-31,18.87,704700000,4145600000.0,3038800000,452800000,149200000,441900000,441900000,None,0,None,451600000,None,None,3031000000,None,None,568000000,None,None,None,0.222,1076800000,2475900000,562900000,147500000,281500000,None,None,None,None,None,None,None,2.272,2.529,3.595,None,None,None,None,None,-23400000,None,0.177,None,6362900000,2025-10-30,quarterly,0.83,USD,pre-market,None,1924500000,0.0306,0.128,0.129,29.85,None,3983300000,952300000,None,108.45,110.17,3.75,10462000000,1377000000,1646800000,7751500000,9085000000,285800000,3815500000,2710500000,19.98,None,117.25,88.91
2025-12-28,WEC,5.28,9547201000.0,19.98,None,0.556,41.71,624900000,None,73200000,73200000,575400000,-623100000,-21700000,None,9900000,None,None,-411600000,1200000,236800000,None,776700000,776700000,418100000,None,None,704700000,None,None,350000000,275100000,3.513,0.0333,213600000,213600000,None,0.093,0.03,562900000,912900000,0.8,2021-12-31,18.87,704700000,4145600000.0,3038800000,452800000,149200000,441900000,441900000,None,0,None,451600000,None,None,3031000000,None,None,223800000,None,None,None,0.222,26000000,2475900000,562900000,147500000,281500000,None,None,None,None,None,None,None,2.272,2.529,3.595,None,None,None,None,None,-17400000,None,0.177,None,6362900000,2025-10-30,quarterly,0.83,USD,pre-market,None,1924500000,0.0306,0.128,0.129,29.85,None,3983300000,952300000,None,108.45,110.17,3.75,10462000000,1377000000,1646800000,7751500000,9085000000,285800000,3815500000,2710500000,19.98,None,117.25,88.91
2025-12-28,WEC,5.28,9547201000.0,19.98,None,0.556,41.71,617800000,None,73200000,73200000,-156900000,-614100000,9500000,None,-193000000,None,None,92400000,1200000,236800000,None,776700000,776700000,418100000,None,None,704700000,None,None,350000000,271600000,3.513,0.0333,213700000,213700000,None,0.093,0.03,562900000,912900000,0.8,2021-09-30,18.87,704700000,4145600000.0,3038800000,452800000,149200000,441900000,441900000,None,0,None,451600000,None,None,3031000000,None,None,288700000,None,None,None,0.222,780500000,2475900000,562900000,147500000,281500000,None,None,None,None,None,None,None,2.272,2.529,3.595,None,None,None,None,None,-4400000,None,0.177,None,6362900000,2025-10-30,quarterly,0.83,USD,pre-market,None,1924500000,0.0306,0.128,0.129,29.85,None,3983300000,952300000,None,108.45,110.17,3.75,10462000000,1377000000,1646800000,7751500000,9085000000,285800000,3815500000,2710500000,19.98,None,117.25,88.91
2025-12-28,WEC,5.28,9547201000.0,19.98,None,0.556,41.71,539500000,None,73200000,73200000,-287600000,-533300000,10100000,None,-99200000,None,None,220400000,1200000,236800000,None,776700000,776700000,418100000,None,None,704700000,None,None,350000000,266200000,3.513,0.0333,213800000,213800000,None,0.093,0.03,562900000,912900000,0.8,2021-06-30,18.87,704700000,4145600000.0,3038800000,452800000,149200000,441900000,441900000,None,0,None,451600000,None,None,3031000000,None,None,275700000,None,None,None,0.222,831000000,2475900000,562900000,147500000,281500000,None,None,None,None,None,None,None,2.272,2.529,3.595,None,None,None,None,None,-4700000,None,0.177,None,6362900000,2025-10-30,quarterly,0.83,USD,pre-market,None,1924500000,0.0306,0.128,0.129,29.85,None,3983300000,952300000,None,108.45,110.17,3.75,10462000000,1377000000,1646800000,7751500000,9085000000,285800000,3815500000,2710500000,19.98,None,117.25,88.91
2025-12-28,WEC,5.28,9547201000.0,19.98,None,0.556,41.71,470600000,None,73200000,73200000,163100000,-541300000,17000000,None,175100000,None,None,-150400000,1200000,236800000,None,776700000,776700000,418100000,None,None,704700000,None,None,350000000,261400000,3.513,0.0333,213700000,213700000,None,0.093,0.03,562900000,912900000,0.8,2021-03-31,18.87,704700000,4145600000.0,3038800000,452800000,149200000,441900000,441900000,None,0,None,451600000,None,None,3031000000,None,None,510300000,None,None,None,0.222,395200000,2475900000,562900000,147500000,281500000,None,None,None,None,None,None,None,2.272,2.529,3.595,None,None,None,None,None,-6600000,None,0.177,None,6362900000,2025-10-30,quarterly,0.83,USD,pre-market,None,1924500000,0.0306,0.128,0.129,29.85,None,3983300000,952300000,None,108.45,110.17,3.75,10462000000,1377000000,1646800000,7751500000,9085000000,285800000,3815500000,2710500000,19.98,None,117.25,88.91
2025-12-28,WEC,5.28,9547201000.0,19.98,None,0.556,41.71,620100000,None,73200000,73200000,1008800000,-1243700000,11400000,None,44800000,None,None,-246200000,1200000,236800000,None,776700000,776700000,418100000,None,None,704700000,None,None,350000000,249300000,3.513,0.0333,199500000,199500000,None,0.093,0.03,562900000,912900000,0.8,2020-12-31,18.87,704700000,4145600000.0,3038800000,452800000,149200000,441900000,441900000,None,0,None,451600000,None,None,3031000000,None,None,239600000,None,None,None,0.222,246300000,2475900000,562900000,147500000,281500000,None,None,None,None,None,None,None,2.272,2.529,3.595,None,None,None,None,None,-42500000,None,0.177,None,6362900000,2025-10-30,quarterly,0.83,USD,pre-market,None,1924500000,0.0306,0.128,0.129,29.85,None,3983300000,952300000,None,108.45,110.17,3.75,10462000000,1377000000,1646800000,7751500000,9085000000,285800000,3815500000,2710500000,19.98,None,117.25,88.91
2025-12-28,WEC,5.28,9547201000.0,19.98,None,0.556,41.71,581500000,None,73200000,73200000,-14400000,-556900000,-1200000,None,-105700000,None,None,46900000,1200000,236800000,None,776700000,776700000,418100000,None,None,704700000,None,None,350000000,245000000,3.513,0.0333,199500000,199500000,None,0.093,0.03,562900000,912900000,0.8,2020-09-30,18.87,704700000,4145600000.0,3038800000,452800000,149200000,441900000,441900000,None,0,None,451600000,None,None,3031000000,None,None,267100000,None,None,None,0.222,570100000,2475900000,562900000,147500000,281500000,None,None,None,None,None,None,None,2.272,2.529,3.595,None,None,None,None,None,-6400000,None,0.177,None,6362900000,2025-10-30,quarterly,0.83,USD,pre-market,None,1924500000,0.0306,0.128,0.129,29.85,None,3983300000,952300000,None,108.45,110.17,3.75,10462000000,1377000000,1646800000,7751500000,9085000000,285800000,3815500000,2710500000,19.98,None,117.25,88.91
2025-12-28,WEC,5.28,9547201000.0,19.98,None,0.556,41.71,541100000,None,73200000,73200000,-149200000,-543200000,-3300000,None,-76600000,None,None,218900000,1200000,236800000,None,776700000,776700000,418100000,None,None,704700000,None,None,350000000,242500000,3.513,0.0333,199500000,199500000,None,0.093,0.03,562900000,912900000,0.8,2020-06-30,18.87,704700000,4145600000.0,3038800000,452800000,149200000,441900000,441900000,None,0,None,451600000,None,None,3031000000,None,None,242100000,None,None,None,0.222,689100000,2475900000,562900000,147500000,281500000,None,None,None,None,None,None,None,2.272,2.529,3.595,None,None,None,None,None,-9900000,None,0.177,None,6362900000,2025-10-30,quarterly,0.83,USD,pre-market,None,1924500000,0.0306,0.128,0.129,29.85,None,3983300000,952300000,None,108.45,110.17,3.75,10462000000,1377000000,1646800000,7751500000,9085000000,285800000,3815500000,2710500000,19.98,None,117.25,88.91
2025-12-28,WEC,5.28,9547201000.0,19.98,None,0.556,41.71,496100000,None,73200000,73200000,-244100000,-463000000,-16600000,None,158700000,None,None,-3500000,1200000,236800000,None,776700000,776700000,418100000,None,None,704700000,None,None,350000000,239100000,3.513,0.0333,199500000,199500000,None,0.093,0.03,562900000,912900000,0.8,2020-03-31,18.87,704700000,4145600000.0,3038800000,452800000,149200000,441900000,441900000,None,0,None,451600000,None,None,3031000000,None,None,452600000,None,None,None,0.222,690500000,2475900000,562900000,147500000,281500000,None,None,None,None,None,None,None,2.272,2.529,3.595,None,None,None,None,None,-40400000,None,0.177,None,6362900000,2025-10-30,quarterly,0.83,USD,pre-market,None,1924500000,0.0306,0.128,0.129,29.85,None,3983300000,952300000,None,108.45,110.17,3.75,10462000000,1377000000,1646800000,7751500000,9085000000,285800000,3815500000,2710500000,19.98,None,117.25,88.91
2025-12-28,WEC,5.28,9547201000.0,19.98,None,0.556,41.71,749300000,None,73200000,73200000,271300000,-760400000,15700000,None,43400000,None,None,-262000000,1200000,236800000,None,776700000,776700000,418100000,None,None,704700000,None,None,350000000,236200000,3.513,0.0333,186100000,186100000,None,0.093,0.03,562900000,912900000,0.8,2019-12-31,18.87,704700000,4145600000.0,3038800000,452800000,149200000,441900000,441900000,None,0,None,451600000,None,None,3031000000,None,None,244200000,None,None,None,0.222,504800000,2475900000,562900000,147500000,281500000,None,None,None,None,None,None,None,2.272,2.529,3.595,None,None,None,None,None,-1900000,None,0.177,None,6362900000,2025-10-30,quarterly,0.83,USD,pre-market,None,1924500000,0.0306,0.128,0.129,29.85,None,3983300000,952300000,None,108.45,110.17,3.75,10462000000,1377000000,1646800000,7751500000,9085000000,285800000,3815500000,2710500000,19.98,None,117.25,88.91
2025-12-28,WEC,5.28,9547201000.0,19.98,None,0.556,41.71,656300000,None,73200000,73200000,94500000,-668100000,-24100000,None,-131900000,None,None,92300000,1200000,236800000,None,776700000,776700000,418100000,None,None,704700000,None,None,350000000,233800000,3.513,0.0333,186100000,186100000,None,0.093,0.03,562900000,912900000,0.8,2019-09-30,18.87,704700000,4145600000.0,3038800000,452800000,149200000,441900000,441900000,None,0,None,451600000,None,None,3031000000,None,None,234300000,None,None,None,0.222,549500000,2475900000,562900000,147500000,281500000,None,None,None,None,None,None,None,2.272,2.529,3.595,None,None,None,None,None,-31900000,None,0.177,None,6362900000,2025-10-30,quarterly,0.83,USD,pre-market,None,1924500000,0.0306,0.128,0.129,29.85,None,3983300000,952300000,None,108.45,110.17,3.75,10462000000,1377000000,1646800000,7751500000,9085000000,285800000,3815500000,2710500000,19.98,None,117.25,88.91
2025-12-28,WEC,5.28,9547201000.0,19.98,None,0.556,41.71,496400000,None,73200000,73200000,-94100000,-459800000,1600000,None,-131300000,None,None,392200000,1200000,236800000,None,776700000,776700000,418100000,None,None,704700000,None,None,350000000,229900000,3.513,0.0333,186100000,186100000,None,0.093,0.03,562900000,912900000,0.8,2019-06-30,18.87,704700000,4145600000.0,3038800000,452800000,149200000,441900000,441900000,None,0,None,451600000,None,None,3031000000,None,None,235800000,None,None,None,0.222,555500000,2475900000,562900000,147500000,281500000,None,None,None,None,None,None,None,2.272,2.529,3.595,None,None,None,None,None,-35600000,None,0.177,None,6362900000,2025-10-30,quarterly,0.83,USD,pre-market,None,1924500000,0.0306,0.128,0.129,29.85,None,3983300000,952300000,None,108.45,110.17,3.75,10462000000,1377000000,1646800000,7751500000,9085000000,285800000,3815500000,2710500000,19.98,None,117.25,88.91
2025-12-28,WEC,5.28,9547201000.0,19.98,None,0.556,41.71,358800000,None,73200000,73200000,-186100000,-606600000,-57000000,None,218300000,None,None,-124300000,1200000,236800000,None,776700000,776700000,418100000,None,None,704700000,None,None,350000000,226400000,3.513,0.0333,186200000,186200000,None,0.093,0.03,562900000,912900000,0.8,2019-03-31,18.87,704700000,4145600000.0,3038800000,452800000,149200000,441900000,441900000,None,0,None,451600000,None,None,3031000000,None,None,420400000,None,None,None,0.222,735700000,2475900000,562900000,147500000,281500000,None,None,None,None,None,None,None,2.272,2.529,3.595,None,None,None,None,None,-70700000,None,0.177,None,6362900000,2025-10-30,quarterly,0.83,USD,pre-market,None,1924500000,0.0306,0.128,0.129,29.85,None,3983300000,952300000,None,108.45,110.17,3.75,10462000000,1377000000,1646800000,7751500000,9085000000,285800000,3815500000,2710500000,19.98,None,117.25,88.91
2025-12-28,WEC,5.28,9547201000.0,19.98,None,0.556,41.71,625200000,None,73200000,73200000,333000000,-664400000,105900000,None,60200000,None,None,-288600000,1200000,236800000,None,776700000,776700000,418100000,None,None,704700000,None,None,350000000,217700000,3.513,0.0333,174300000,174300000,None,0.093,0.03,562900000,912900000,0.8,2018-12-31,18.87,704700000,4145600000.0,3038800000,452800000,149200000,441900000,441900000,None,0,None,451600000,None,None,3031000000,None,None,205300000,None,None,None,0.222,437300000,2475900000,562900000,147500000,281500000,None,None,None,None,None,None,None,2.272,2.529,3.595,None,None,None,None,None,-30400000,None,0.177,None,6362900000,2025-10-30,quarterly,0.83,USD,pre-market,None,1924500000,0.0306,0.128,0.129,29.85,None,3983300000,952300000,None,108.45,110.17,3.75,10462000000,1377000000,1646800000,7751500000,9085000000,285800000,3815500000,2710500000,19.98,None,117.25,88.91
2025-12-28,WEC,5.28,9547201000.0,19.98,None,0.556,41.71,575000000,None,73200000,73200000,216600000,-723200000,-11800000,None,-141600000,None,None,76600000,1200000,236800000,None,776700000,776700000,418100000,None,None,704700000,None,None,350000000,212800000,3.513,0.0333,174300000,174300000,None,0.093,0.03,562900000,912900000,0.8,2018-09-30,18.87,704700000,4145600000.0,3038800000,452800000,149200000,441900000,441900000,None,0,None,451600000,None,None,3031000000,None,None,233500000,None,None,None,0.222,494800000,2475900000,562900000,147500000,281500000,None,None,None,None,None,None,None,2.272,2.529,3.595,None,None,None,None,None,-22200000,None,0.177,None,6362900000,2025-10-30,quarterly,0.83,USD,pre-market,None,1924500000,0.0306,0.128,0.129,29.85,None,3983300000,952300000,None,108.45,110.17,3.75,10462000000,1377000000,1646800000,7751500000,9085000000,285800000,3815500000,2710500000,19.98,None,117.25,88.91
2025-12-28,WEC,5.28,9547201000.0,19.98,None,0.556,41.71,475900000,None,73200000,73200000,-78100000,-561000000,-19700000,None,-90400000,None,None,295600000,1200000,236800000,None,776700000,776700000,418100000,None,None,704700000,None,None,350000000,206700000,3.513,0.0333,174500000,174500000,None,0.093,0.03,562900000,912900000,0.8,2018-06-30,18.87,704700000,4145600000.0,3038800000,452800000,149200000,441900000,441900000,None,0,None,451600000,None,None,3031000000,None,None,231300000,None,None,None,0.222,619400000,2475900000,562900000,147500000,281500000,None,None,None,None,None,None,None,2.272,2.529,3.595,None,None,None,None,None,-4000000,None,0.177,None,6362900000,2025-10-30,quarterly,0.83,USD,pre-market,None,1924500000,0.0306,0.128,0.129,29.85,None,3983300000,952300000,None,108.45,110.17,3.75,10462000000,1377000000,1646800000,7751500000,9085000000,285800000,3815500000,2710500000,19.98,None,117.25,88.91
2025-12-28,WEC,5.28,9547201000.0,19.98,None,0.556,41.71,439600000,None,73200000,73200000,-445100000,-435800000,13100000,None,163000000,None,None,-60100000,1200000,236800000,None,776700000,776700000,418100000,None,None,704700000,None,None,350000000,208600000,3.513,0.0333,174200000,174200000,None,0.093,0.03,562900000,912900000,0.8,2018-03-31,18.87,704700000,4145600000.0,3038800000,452800000,149200000,441900000,441900000,None,0,None,451600000,None,None,3031000000,None,None,390400000,None,None,None,0.222,894000000,2475900000,562900000,147500000,281500000,None,None,None,None,None,None,None,2.272,2.529,3.595,None,None,None,None,None,-15800000,None,0.177,None,6362900000,2025-10-30,quarterly,0.83,USD,pre-market,None,1924500000,0.0306,0.128,0.129,29.85,None,3983300000,952300000,None,108.45,110.17,3.75,10462000000,1377000000,1646800000,7751500000,9085000000,285800000,3815500000,2710500000,19.98,None,117.25,88.91
2025-12-28,WEC,5.28,9547201000.0,19.98,None,0.556,41.71,650300000,None,73200000,73200000,375500000,-687600000,20800000,None,133400000,None,None,-396900000,1200000,236800000,None,776700000,776700000,418100000,None,None,704700000,None,None,350000000,205100000,3.513,0.0333,164100000,164100000,None,0.093,0.03,562900000,912900000,0.8,2017-12-31,18.87,704700000,4145600000.0,3038800000,452800000,149200000,441900000,441900000,None,0,None,451600000,None,None,3031000000,None,None,432900000,None,None,None,0.222,332900000,2475900000,562900000,147500000,281500000,None,None,None,None,None,None,None,2.272,2.529,3.595,None,None,None,None,None,-10700000,None,0.177,None,6362900000,2025-10-30,quarterly,0.83,USD,pre-market,None,1924500000,0.0306,0.128,0.129,29.85,None,3983300000,952300000,None,108.45,110.17,3.75,10462000000,1377000000,1646800000,7751500000,9085000000,285800000,3815500000,2710500000,19.98,None,117.25,88.91
2025-12-28,WEC,5.28,9547201000.0,19.98,None,0.556,41.71,519200000,None,73200000,73200000,31000000,-528100000,-18400000,None,-162000000,None,None,63200000,1200000,236800000,None,776700000,776700000,418100000,None,None,704700000,None,None,350000000,201200000,3.513,0.0333,164100000,164100000,None,0.093,0.03,562900000,912900000,0.8,2017-09-30,18.87,704700000,4145600000.0,3038800000,452800000,149200000,441900000,441900000,None,0,None,451600000,None,None,3031000000,None,None,215700000,None,None,None,0.222,478700000,2475900000,562900000,147500000,281500000,None,None,None,None,None,None,None,2.272,2.529,3.595,None,None,None,None,None,-20900000,None,0.177,None,6362900000,2025-10-30,quarterly,0.83,USD,pre-market,None,1924500000,0.0306,0.128,0.129,29.85,None,3983300000,952300000,None,108.45,110.17,3.75,10462000000,1377000000,1646800000,7751500000,9085000000,285800000,3815500000,2710500000,19.98,None,117.25,88.91
2025-12-28,WEC,5.28,9547201000.0,19.98,None,0.556,41.71,460300000,None,73200000,73200000,135700000,-698300000,-9200000,None,-92600000,None,None,192300000,1200000,236800000,None,776700000,776700000,418100000,None,None,704700000,None,None,350000000,197700000,3.513,0.0333,164200000,164200000,None,0.093,0.03,562900000,912900000,0.8,2017-06-30,18.87,704700000,4145600000.0,3038800000,452800000,149200000,441900000,441900000,None,0,None,451600000,None,None,3031000000,None,None,199400000,None,None,None,0.222,553400000,2475900000,562900000,147500000,281500000,None,None,None,None,None,None,None,2.272,2.529,3.595,None,None,None,None,None,-19500000,None,0.177,None,6362900000,2025-10-30,quarterly,0.83,USD,pre-market,None,1924500000,0.0306,0.128,0.129,29.85,None,3983300000,952300000,None,108.45,110.17,3.75,10462000000,1377000000,1646800000,7751500000,9085000000,285800000,3815500000,2710500000,19.98,None,117.25,88.91
2025-12-28,WEC,5.28,9547201000.0,19.98,None,0.556,41.71,329700000,None,73200000,73200000,-380800000,-325600000,8200000,None,170500000,None,None,55000000,1200000,236800000,None,776700000,776700000,418100000,None,None,704700000,None,None,350000000,194600000,3.513,0.0333,164100000,164100000,None,0.093,0.03,562900000,912900000,0.8,2017-03-31,18.87,704700000,4145600000.0,3038800000,452800000,149200000,441900000,441900000,None,0,None,451600000,None,None,3031000000,None,None,356900000,None,None,None,0.222,714600000,2475900000,562900000,147500000,281500000,None,None,None,None,None,None,None,2.272,2.529,3.595,None,None,None,None,None,-20200000,None,0.177,None,6362900000,2025-10-30,quarterly,0.83,USD,pre-market,None,1924500000,0.0306,0.128,0.129,29.85,None,3983300000,952300000,None,108.45,110.17,3.75,10462000000,1377000000,1646800000,7751500000,9085000000,285800000,3815500000,2710500000,19.98,None,117.25,88.91
2025-12-28,WEC,5.28,9547201000.0,19.98,None,0.556,41.71,423600000,None,73200000,73200000,59400000,-428500000,12500000,None,66200000,None,None,-365900000,1200000,236800000,None,776700000,776700000,418100000,None,None,704700000,None,None,350000000,181100000,3.513,0.0333,156300000,156300000,None,0.093,0.03,562900000,912900000,0.8,2016-12-31,18.87,704700000,4145600000.0,3038800000,452800000,149200000,441900000,441900000,None,0,None,451600000,None,None,3031000000,None,None,194700000,None,None,None,0.222,381600000,2475900000,562900000,147500000,281500000,None,None,None,None,None,None,None,2.272,2.529,3.595,None,None,None,None,None,-2400000,None,0.177,None,6362900000,2025-10-30,quarterly,0.83,USD,pre-market,None,1924500000,0.0306,0.128,0.129,29.85,None,3983300000,952300000,None,108.45,110.17,3.75,10462000000,1377000000,1646800000,7751500000,9085000000,285800000,3815500000,2710500000,19.98,None,117.25,88.91
2025-12-28,WEC,5.28,9547201000.0,19.98,None,0.556,41.71,381400000,None,73200000,73200000,-112400000,-392500000,-7100000,None,-159700000,None,None,55100000,1200000,236800000,None,776700000,776700000,418100000,None,None,704700000,None,None,350000000,195500000,3.513,0.0333,156200000,156200000,None,0.093,0.03,562900000,912900000,0.8,2016-09-30,18.87,704700000,4145600000.0,3038800000,452800000,149200000,441900000,441900000,None,0,None,451600000,None,None,3031000000,None,None,217300000,None,None,None,0.222,497800000,2475900000,562900000,147500000,281500000,None,None,None,None,None,None,None,2.272,2.529,3.595,None,None,None,None,None,-11400000,None,0.177,None,6362900000,2025-10-30,quarterly,0.83,USD,pre-market,None,1924500000,0.0306,0.128,0.129,29.85,None,3983300000,952300000,None,108.45,110.17,3.75,10462000000,1377000000,1646800000,7751500000,9085000000,285800000,3815500000,2710500000,19.98,None,117.25,88.91
2025-12-28,WEC,5.28,9547201000.0,19.98,None,0.556,41.71,306700000,None,73200000,73200000,-270100000,-260700000,-2600000,None,-23700000,None,None,178700000,1200000,236800000,None,776700000,776700000,418100000,None,None,704700000,None,None,350000000,194100000,3.513,0.0333,156200000,156200000,None,0.093,0.03,562900000,912900000,0.8,2016-06-30,18.87,704700000,4145600000.0,3038800000,452800000,149200000,441900000,441900000,None,0,None,451600000,None,None,3031000000,None,None,181700000,None,None,None,0.222,528200000,2475900000,562900000,147500000,281500000,None,None,None,None,None,None,None,2.272,2.529,3.595,None,None,None,None,None,-34600000,None,0.177,None,6362900000,2025-10-30,quarterly,0.83,USD,pre-market,None,1924500000,0.0306,0.128,0.129,29.85,None,3983300000,952300000,None,108.45,110.17,3.75,10462000000,1377000000,1646800000,7751500000,9085000000,285800000,3815500000,2710500000,19.98,None,117.25,88.91
2025-12-28,WEC,5.28,9547201000.0,19.98,None,0.556,41.71,312000000,None,73200000,73200000,-522600000,-188400000,-15100000,None,217200000,None,None,-48600000,1200000,236800000,None,776700000,776700000,418100000,None,None,704700000,None,None,350000000,191900000,3.513,0.0333,156200000,156200000,None,0.093,0.03,562900000,912900000,0.8,2016-03-31,18.87,704700000,4145600000.0,3038800000,452800000,149200000,441900000,441900000,None,0,None,451600000,None,None,3031000000,None,None,346500000,None,None,None,0.222,695900000,2475900000,562900000,147500000,281500000,None,None,None,None,None,None,None,2.272,2.529,3.595,None,None,None,None,None,-59600000,None,0.177,None,6362900000,2025-10-30,quarterly,0.83,USD,pre-market,None,1924500000,0.0306,0.128,0.129,29.85,None,3983300000,952300000,None,108.45,110.17,3.75,10462000000,1377000000,1646800000,7751500000,9085000000,285800000,3815500000,2710500000,19.98,None,117.25,88.91
2025-12-28,WEC,5.28,9547201000.0,19.98,None,0.556,41.71,458800000,None,73200000,73200000,228800000,-421600000,27600000,None,32000000,None,None,-185500000,1200000,236800000,None,776700000,776700000,418100000,None,None,704700000,None,None,350000000,192600000,3.513,0.0333,144500000,144500000,None,0.093,0.03,562900000,912900000,0.8,2015-12-31,18.87,704700000,4145600000.0,3038800000,452800000,149200000,441900000,441900000,None,0,None,451600000,None,None,3031000000,None,None,181100000,None,None,None,0.222,220400000,2475900000,562900000,147500000,281500000,None,None,None,None,None,None,None,2.272,2.529,3.595,None,None,None,None,None,-61300000,None,0.177,None,6362900000,2025-10-30,quarterly,0.83,USD,pre-market,None,1924500000,0.0306,0.128,0.129,29.85,None,3983300000,952300000,None,108.45,110.17,3.75,10462000000,1377000000,1646800000,7751500000,9085000000,285800000,3815500000,2710500000,19.98,None,117.25,88.91
2025-12-28,WEC,5.28,9547201000.0,19.98,None,0.556,41.71,408600000,None,73200000,73200000,-132800000,-416700000,-192200000,None,-173600000,None,None,135000000,1200000,236800000,None,776700000,776700000,418100000,None,None,704700000,None,None,350000000,174100000,3.513,0.0333,120400000,120400000,None,0.093,0.03,562900000,912900000,0.8,2015-09-30,18.87,704700000,4145600000.0,3038800000,452800000,149200000,441900000,441900000,None,0,None,451600000,None,None,3031000000,None,None,183100000,None,None,None,0.222,357300000,2475900000,562900000,147500000,281500000,None,None,None,None,None,None,None,2.272,2.529,3.595,None,None,None,None,None,-66100000,None,0.177,None,6362900000,2025-10-30,quarterly,0.83,USD,pre-market,None,1924500000,0.0306,0.128,0.129,29.85,None,3983300000,952300000,None,108.45,110.17,3.75,10462000000,1377000000,1646800000,7751500000,9085000000,285800000,3815500000,2710500000,19.98,None,117.25,88.91
2025-12-28,WEC,5.28,9547201000.0,19.98,None,0.556,41.71,207000000,None,73200000,73200000,1285900000,-1522900000,149200000,None,-38700000,None,None,162500000,1200000,236800000,None,776700000,776700000,418100000,None,None,704700000,None,None,350000000,108600000,3.513,0.0333,95200000,95200000,None,0.093,0.03,562900000,912900000,0.8,2015-06-30,18.87,704700000,4145600000.0,3038800000,452800000,149200000,441900000,441900000,None,0,None,451600000,None,None,3031000000,None,None,81200000,None,None,None,0.222,386200000,2475900000,562900000,147500000,281500000,None,None,None,None,None,None,None,2.272,2.529,3.595,None,None,None,None,None,-8600000,None,0.177,None,6362900000,2025-10-30,quarterly,0.83,USD,pre-market,None,1924500000,0.0306,0.128,0.129,29.85,None,3983300000,952300000,None,108.45,110.17,3.75,10462000000,1377000000,1646800000,7751500000,9085000000,285800000,3815500000,2710500000,19.98,None,117.25,88.91
2025-12-28,WEC,5.28,9547201000.0,19.98,None,0.556,41.71,149500000,None,73200000,73200000,-170100000,-156300000,3300000,None,110900000,None,None,-28000000,1200000,236800000,None,776700000,776700000,418100000,None,None,704700000,None,None,350000000,108200000,3.513,0.0333,95300000,95300000,None,0.093,0.03,562900000,912900000,0.8,2015-03-31,18.87,704700000,4145600000.0,3038800000,452800000,149200000,441900000,441900000,None,0,None,451600000,None,None,3031000000,None,None,196100000,None,None,None,0.222,329700000,2475900000,562900000,147500000,281500000,None,None,None,None,None,None,None,2.272,2.529,3.595,None,None,None,None,None,-23400000,None,0.177,None,6362900000,2025-10-30,quarterly,0.83,USD,pre-market,None,1924500000,0.0306,0.128,0.129,29.85,None,3983300000,952300000,None,108.45,110.17,3.75,10462000000,1377000000,1646800000,7751500000,9085000000,285800000,3815500000,2710500000,19.98,None,117.25,88.91
2025-12-28,WEC,5.28,9547201000.0,19.98,None,0.556,41.71,223100000,None,73200000,73200000,38000000,-227900000,-26800000,None,-21300000,None,None,-140400000,1200000,236800000,None,776700000,776700000,418100000,None,None,704700000,None,None,350000000,106500000,3.513,0.0333,88000000,88000000,None,0.093,0.03,562900000,912900000,0.8,2014-12-31,18.87,704700000,4145600000.0,3038800000,452800000,149200000,441900000,441900000,None,0,None,451600000,None,None,3031000000,None,None,121400000,None,None,None,0.222,163100000,2475900000,562900000,147500000,281500000,None,None,None,None,None,None,None,2.272,2.529,3.595,None,None,None,None,None,-39000000,None,0.177,None,6362900000,2025-10-30,quarterly,0.83,USD,pre-market,None,1924500000,0.0306,0.128,0.129,29.85,None,3983300000,952300000,None,108.45,110.17,3.75,10462000000,1377000000,1646800000,7751500000,9085000000,285800000,3815500000,2710500000,19.98,None,117.25,88.91
2025-12-28,WEC,5.28,9547201000.0,19.98,None,0.556,41.71,207500000,None,73200000,73200000,-42000000,-216000000,55300000,None,-75000000,None,None,89100000,1200000,236800000,None,776700000,776700000,418100000,None,None,704700000,None,None,350000000,106400000,3.513,0.0333,88000000,88000000,None,0.093,0.03,562900000,912900000,0.8,2014-09-30,18.87,704700000,4145600000.0,3038800000,452800000,149200000,441900000,441900000,None,0,None,451600000,None,None,3031000000,None,None,126300000,None,None,None,0.222,313300000,2475900000,562900000,147500000,281500000,None,None,None,None,None,None,None,2.272,2.529,3.595,None,None,None,None,None,-26900000,None,0.177,None,6362900000,2025-10-30,quarterly,0.83,USD,pre-market,None,1924500000,0.0306,0.128,0.129,29.85,None,3983300000,952300000,None,108.45,110.17,3.75,10462000000,1377000000,1646800000,7751500000,9085000000,285800000,3815500000,2710500000,19.98,None,117.25,88.91
2025-12-28,WEC,5.28,9547201000.0,19.98,None,0.556,41.71,176300000,None,73200000,73200000,-156600000,-173800000,5800000,None,-69400000,None,None,316800000,1200000,236800000,None,776700000,776700000,418100000,None,None,704700000,None,None,350000000,102800000,3.513,0.0333,87900000,87900000,None,0.093,0.03,562900000,912900000,0.8,2014-06-30,18.87,704700000,4145600000.0,3038800000,452800000,149200000,441900000,441900000,None,0,None,451600000,None,None,3031000000,None,None,133000000,None,None,None,0.222,336200000,2475900000,562900000,147500000,281500000,None,None,None,None,None,None,None,2.272,2.529,3.595,None,None,None,None,None,-4700000,None,0.177,None,6362900000,2025-10-30,quarterly,0.83,USD,pre-market,None,1924500000,0.0306,0.128,0.129,29.85,None,3983300000,952300000,None,108.45,110.17,3.75,10462000000,1377000000,1646800000,7751500000,9085000000,285800000,3815500000,2710500000,19.98,None,117.25,88.91
2025-12-28,WEC,5.28,9547201000.0,19.98,None,0.556,41.71,129200000,None,73200000,73200000,-244400000,-139100000,1600000,None,94500000,None,None,-184800000,1200000,236800000,None,776700000,776700000,418100000,None,None,704700000,None,None,350000000,103700000,3.513,0.0333,88100000,88100000,None,0.093,0.03,562900000,912900000,0.8,2014-03-31,18.87,704700000,4145600000.0,3038800000,452800000,149200000,441900000,441900000,None,0,None,451600000,None,None,3031000000,None,None,207600000,None,None,None,0.222,385100000,2475900000,562900000,147500000,281500000,None,None,None,None,None,None,None,2.272,2.529,3.595,None,None,None,None,None,-52600000,None,0.177,None,6362900000,2025-10-30,quarterly,0.83,USD,pre-market,None,1924500000,0.0306,0.128,0.129,29.85,None,3983300000,952300000,None,108.45,110.17,3.75,10462000000,1377000000,1646800000,7751500000,9085000000,285800000,3815500000,2710500000,19.98,None,117.25,88.91
2025-12-28,WEC,5.28,9547201000.0,19.98,None,0.556,41.71,189700000,None,73200000,73200000,27800000,-201000000,7500000,None,38200000,None,None,-258200000,1200000,236800000,None,776700000,776700000,418100000,None,None,704700000,None,None,350000000,102600000,3.513,0.0333,86600000,86600000,None,0.093,0.03,562900000,912900000,0.8,2013-12-31,18.87,704700000,4145600000.0,3038800000,452800000,149200000,441900000,441900000,None,0,None,451600000,None,None,3031000000,None,None,144300000,None,None,None,0.222,180700000,2475900000,562900000,147500000,281500000,None,None,None,None,None,None,None,2.272,2.529,3.595,None,None,None,None,None,-35500000,None,0.177,None,6362900000,2025-10-30,quarterly,0.83,USD,pre-market,None,1924500000,0.0306,0.128,0.129,29.85,None,3983300000,952300000,None,108.45,110.17,3.75,10462000000,1377000000,1646800000,7751500000,9085000000,285800000,3815500000,2710500000,19.98,None,117.25,88.91
2025-12-28,WEC,5.28,9547201000.0,19.98,None,0.556,41.71,190400000,None,73200000,73200000,-163100000,-208200000,-2500000,None,-49700000,None,None,46000000,1200000,236800000,None,776700000,776700000,418100000,None,None,704700000,None,None,350000000,99900000,3.513,0.0333,86700000,86700000,None,0.093,0.03,562900000,912900000,0.8,2013-09-30,18.87,704700000,4145600000.0,3038800000,452800000,149200000,441900000,441900000,None,0,None,451600000,None,None,3031000000,None,None,137500000,None,None,None,0.222,368800000,2475900000,562900000,147500000,281500000,None,None,None,None,None,None,None,2.272,2.529,3.595,None,None,None,None,None,-52200000,None,0.177,None,6362900000,2025-10-30,quarterly,0.83,USD,pre-market,None,1924500000,0.0306,0.128,0.129,29.85,None,3983300000,952300000,None,108.45,110.17,3.75,10462000000,1377000000,1646800000,7751500000,9085000000,285800000,3815500000,2710500000,19.98,None,117.25,88.91
2025-12-28,WEC,5.28,9547201000.0,19.98,None,0.556,41.71,173700000,None,73200000,73200000,-163600000,-191300000,-3700000,None,-51100000,None,None,133600000,1200000,236800000,None,776700000,776700000,418100000,None,None,704700000,None,None,350000000,99500000,3.513,0.0333,77800000,77800000,None,0.093,0.03,562900000,912900000,0.8,2013-06-30,18.87,704700000,4145600000.0,3038800000,452800000,149200000,441900000,441900000,None,0,None,451600000,None,None,3031000000,None,None,119000000,None,None,None,0.222,351200000,2475900000,562900000,147500000,281500000,None,None,None,None,None,None,None,2.272,2.529,3.595,None,None,None,None,None,-69200000,None,0.177,None,6362900000,2025-10-30,quarterly,0.83,USD,pre-market,None,1924500000,0.0306,0.128,0.129,29.85,None,3983300000,952300000,None,108.45,110.17,3.75,10462000000,1377000000,1646800000,7751500000,9085000000,285800000,3815500000,2710500000,19.98,None,117.25,88.91
2025-12-28,WEC,5.28,9547201000.0,19.98,None,0.556,41.71,133600000,None,73200000,73200000,-195900000,-145300000,-10900000,None,93900000,None,None,-84300000,1200000,236800000,None,776700000,776700000,418100000,None,None,704700000,None,None,350000000,98200000,3.513,0.0333,77800000,77800000,None,0.093,0.03,562900000,912900000,0.8,2013-03-31,18.87,704700000,4145600000.0,3038800000,452800000,149200000,441900000,441900000,None,0,None,451600000,None,None,3031000000,None,None,176600000,None,None,None,0.222,330300000,2475900000,562900000,147500000,281500000,None,None,None,None,None,None,None,2.272,2.529,3.595,None,None,None,None,None,-66500000,None,0.177,None,6362900000,2025-10-30,quarterly,0.83,USD,pre-market,None,1924500000,0.0306,0.128,0.129,29.85,None,3983300000,952300000,None,108.45,110.17,3.75,10462000000,1377000000,1646800000,7751500000,9085000000,285800000,3815500000,2710500000,19.98,None,117.25,88.91
2025-12-28,WEC,5.28,9547201000.0,19.98,None,0.556,41.71,229500000,None,73200000,73200000,79300000,-238200000,22600000,None,-18600000,None,None,-80400000,1200000,236800000,None,776700000,776700000,418100000,None,None,704700000,None,None,350000000,48500000,3.513,0.0333,68900000,68900000,None,0.093,0.03,562900000,912900000,0.8,2012-12-31,18.87,704700000,4145600000.0,3038800000,452800000,149200000,441900000,441900000,None,0,None,451600000,None,None,3031000000,None,None,98800000,None,None,None,0.222,181500000,2475900000,562900000,147500000,281500000,None,None,None,None,None,None,None,2.272,2.529,3.595,None,None,None,None,None,-48200000,None,0.177,None,6362900000,2025-10-30,quarterly,0.83,USD,pre-market,None,1924500000,0.0306,0.128,0.129,29.85,None,3983300000,952300000,None,108.45,110.17,3.75,10462000000,1377000000,1646800000,7751500000,9085000000,285800000,3815500000,2710500000,19.98,None,117.25,88.91
2025-12-28,WEC,5.28,9547201000.0,19.98,None,0.556,41.71,163500000,None,73200000,73200000,-205000000,-178800000,-100000,None,-7100000,None,None,22500000,1200000,236800000,None,776700000,776700000,418100000,None,None,704700000,None,None,350000000,109400000,3.513,0.0333,69100000,69100000,None,0.093,0.03,562900000,912900000,0.8,2012-09-30,18.87,704700000,4145600000.0,3038800000,452800000,149200000,441900000,441900000,None,0,None,451600000,None,None,3031000000,None,None,156100000,None,None,None,0.222,383700000,2475900000,562900000,147500000,281500000,None,None,None,None,None,None,None,2.272,2.529,3.595,None,None,None,None,None,-28000000,None,0.177,None,6362900000,2025-10-30,quarterly,0.83,USD,pre-market,None,1924500000,0.0306,0.128,0.129,29.85,None,3983300000,952300000,None,108.45,110.17,3.75,10462000000,1377000000,1646800000,7751500000,9085000000,285800000,3815500000,2710500000,19.98,None,117.25,88.91
2025-12-28,WEC,5.28,9547201000.0,19.98,None,0.556,41.71,171700000,None,73200000,73200000,-91000000,-182200000,-5000000,None,-23400000,None,None,84700000,1200000,236800000,None,776700000,776700000,418100000,None,None,704700000,None,None,350000000,108200000,3.513,0.0333,69200000,69200000,None,0.093,0.03,562900000,912900000,0.8,2012-06-30,18.87,704700000,4145600000.0,3038800000,452800000,149200000,441900000,441900000,None,0,None,451600000,None,None,3031000000,None,None,119300000,None,None,None,0.222,268200000,2475900000,562900000,147500000,281500000,None,None,None,None,None,None,None,2.272,2.529,3.595,None,None,None,None,None,-47800000,None,0.177,None,6362900000,2025-10-30,quarterly,0.83,USD,pre-market,None,1924500000,0.0306,0.128,0.129,29.85,None,3983300000,952300000,None,108.45,110.17,3.75,10462000000,1377000000,1646800000,7751500000,9085000000,285800000,3815500000,2710500000,19.98,None,117.25,88.91
2025-12-28,WEC,5.28,9547201000.0,19.98,None,0.556,41.71,142300000,None,73200000,73200000,-206100000,-130400000,4000000,None,70400000,None,None,11500000,1200000,236800000,None,776700000,776700000,418100000,None,None,704700000,None,None,350000000,105600000,3.513,0.0333,69100000,69100000,None,0.093,0.03,562900000,912900000,0.8,2012-03-31,18.87,704700000,4145600000.0,3038800000,452800000,149200000,441900000,441900000,None,0,None,451600000,None,None,3031000000,None,None,172100000,None,None,None,0.222,340500000,2475900000,562900000,147500000,281500000,None,None,None,None,None,None,None,2.272,2.529,3.595,None,None,None,None,None,-16300000,None,0.177,None,6362900000,2025-10-30,quarterly,0.83,USD,pre-market,None,1924500000,0.0306,0.128,0.129,29.85,None,3983300000,952300000,None,108.45,110.17,3.75,10462000000,1377000000,1646800000,7751500000,9085000000,285800000,3815500000,2710500000,19.98,None,117.25,88.91
2025-12-28,WEC,5.28,9547201000.0,19.98,None,0.556,41.71,218600000,None,73200000,73200000,75400000,-242200000,-1000000,None,-14000000,None,None,-106300000,1200000,236800000,None,776700000,776700000,418100000,None,None,704700000,None,None,350000000,87500000,3.513,0.0333,60000000,60000000,None,0.093,0.03,562900000,912900000,0.8,2011-12-31,18.87,704700000,4145600000.0,3038800000,452800000,149200000,441900000,441900000,None,0,None,451600000,None,None,3031000000,None,None,116000000,None,None,None,0.222,165800000,2475900000,562900000,147500000,281500000,None,None,None,None,None,None,None,2.272,2.529,3.595,None,None,None,None,None,-58800000,None,0.177,None,6362900000,2025-10-30,quarterly,0.83,USD,pre-market,None,1924500000,0.0306,0.128,0.129,29.85,None,3983300000,952300000,None,108.45,110.17,3.75,10462000000,1377000000,1646800000,7751500000,9085000000,285800000,3815500000,2710500000,19.98,None,117.25,88.91
2025-12-28,WEC,5.28,9547201000.0,19.98,None,0.556,41.71,265100000,None,73200000,73200000,108300000,-282800000,4500000,None,-28900000,None,None,45300000,1200000,236800000,None,776700000,776700000,418100000,None,None,704700000,None,None,350000000,79700000,3.513,0.0333,60500000,60500000,None,0.093,0.03,562900000,912900000,0.8,2011-09-30,18.87,704700000,4145600000.0,3038800000,452800000,149200000,441900000,441900000,None,0,None,451600000,None,None,3031000000,None,None,129800000,None,None,None,0.222,179000000,2475900000,562900000,147500000,281500000,None,None,None,None,None,None,None,2.272,2.529,3.595,None,None,None,None,None,-83500000,None,0.177,None,6362900000,2025-10-30,quarterly,0.83,USD,pre-market,None,1924500000,0.0306,0.128,0.129,29.85,None,3983300000,952300000,None,108.45,110.17,3.75,10462000000,1377000000,1646800000,7751500000,9085000000,285800000,3815500000,2710500000,19.98,None,117.25,88.91
2025-12-28,WEC,5.28,9547201000.0,19.98,None,0.556,41.71,211600000,None,73200000,73200000,-259900000,-223100000,-225400000,None,-54700000,None,None,132000000,1200000,236800000,None,776700000,776700000,418100000,None,None,704700000,None,None,350000000,85000000,3.513,0.0333,60700000,60700000,None,0.093,0.03,562900000,912900000,0.8,2011-06-30,18.87,704700000,4145600000.0,3038800000,452800000,149200000,441900000,441900000,None,0,None,451600000,None,None,3031000000,None,None,109500000,None,None,None,0.222,257600000,2475900000,562900000,147500000,281500000,None,None,None,None,None,None,None,2.272,2.529,3.595,None,None,None,None,None,-26700000,None,0.177,None,6362900000,2025-10-30,quarterly,0.83,USD,pre-market,None,1924500000,0.0306,0.128,0.129,29.85,None,3983300000,952300000,None,108.45,110.17,3.75,10462000000,1377000000,1646800000,7751500000,9085000000,285800000,3815500000,2710500000,19.98,None,117.25,88.91
2025-12-28,WEC,5.28,9547201000.0,19.98,None,0.556,41.71,135500000,None,73200000,73200000,-35100000,-144400000,211500000,None,94700000,None,None,-40900000,1200000,236800000,None,776700000,776700000,418100000,None,None,704700000,None,None,350000000,84200000,3.513,0.0333,60800000,60800000,None,0.093,0.03,562900000,912900000,0.8,2011-03-31,18.87,704700000,4145600000.0,3038800000,452800000,149200000,441900000,441900000,None,0,None,451600000,None,None,3031000000,None,None,170900000,None,None,None,0.222,391000000,2475900000,562900000,147500000,281500000,None,None,None,None,None,None,None,2.272,2.529,3.595,None,None,None,None,None,-24900000,None,0.177,None,6362900000,2025-10-30,quarterly,0.83,USD,pre-market,None,1924500000,0.0306,0.128,0.129,29.85,None,3983300000,952300000,None,108.45,110.17,3.75,10462000000,1377000000,1646800000,7751500000,9085000000,285800000,3815500000,2710500000,19.98,None,117.25,88.91
2025-12-28,WEC,5.28,9547201000.0,19.98,None,0.556,41.71,252600000,None,73200000,73200000,80100000,-223500000,13300000,None,43200000,None,None,-161800000,1200000,236800000,None,776700000,776700000,418100000,None,None,704700000,None,None,350000000,79800000,3.513,0.0333,46700000,46700000,None,0.093,0.03,562900000,912900000,0.8,2010-12-31,18.87,704700000,4145600000.0,3038800000,452800000,149200000,441900000,441900000,None,0,None,451600000,None,None,3031000000,None,None,125900000,None,None,None,0.222,156700000,2475900000,562900000,147500000,281500000,None,None,None,None,None,None,None,2.272,2.529,3.595,None,None,None,None,None,-28100000,None,0.177,None,6362900000,2025-10-30,quarterly,0.83,USD,pre-market,None,1924500000,0.0306,0.128,0.129,29.85,None,3983300000,952300000,None,108.45,110.17,3.75,10462000000,1377000000,1646800000,7751500000,9085000000,285800000,3815500000,2710500000,19.98,None,117.25,88.91
2025-12-28,WEC,5.28,9547201000.0,19.98,None,0.556,41.71,166500000,None,73200000,73200000,-94600000,-134700000,700000,None,-32100000,None,None,38900000,1200000,236800000,None,776700000,776700000,418100000,None,None,704700000,None,None,350000000,80200000,3.513,0.0333,46800000,46800000,None,0.093,0.03,562900000,912900000,0.8,2010-09-30,18.87,704700000,4145600000.0,3038800000,452800000,149200000,441900000,441900000,None,0,None,451600000,None,None,3031000000,None,None,112200000,None,None,None,0.222,230000000,2475900000,562900000,147500000,281500000,None,None,None,None,None,None,None,2.272,2.529,3.595,None,None,None,None,None,-59600000,None,0.177,None,6362900000,2025-10-30,quarterly,0.83,USD,pre-market,None,1924500000,0.0306,0.128,0.129,29.85,None,3983300000,952300000,None,108.45,110.17,3.75,10462000000,1377000000,1646800000,7751500000,9085000000,285800000,3815500000,2710500000,19.98,None,117.25,88.91
2025-12-28,WEC,5.28,9547201000.0,19.98,None,0.556,41.71,184500000,None,73200000,73200000,-17400000,-104200000,-1600000,None,-54400000,None,None,106200000,1200000,236800000,None,776700000,776700000,418100000,None,None,704700000,None,None,350000000,85500000,3.513,0.0333,46700000,46700000,None,0.093,0.03,562900000,912900000,0.8,2010-06-30,18.87,704700000,4145600000.0,3038800000,452800000,149200000,441900000,441900000,None,0,None,451600000,None,None,3031000000,None,None,88700000,None,None,None,0.222,120000000,2475900000,562900000,147500000,281500000,None,None,None,None,None,None,None,2.272,2.529,3.595,None,None,None,None,None,-37100000,None,0.177,None,6362900000,2025-10-30,quarterly,0.83,USD,pre-market,None,1924500000,0.0306,0.128,0.129,29.85,None,3983300000,952300000,None,108.45,110.17,3.75,10462000000,1377000000,1646800000,7751500000,9085000000,285800000,3815500000,2710500000,19.98,None,117.25,88.91
2025-12-28,WEC,5.28,9547201000.0,19.98,None,0.556,41.71,194600000,None,73200000,73200000,-140700000,-171100000,-8100000,None,42300000,None,None,-33700000,1200000,236800000,None,776700000,776700000,418100000,None,None,704700000,None,None,350000000,71900000,3.513,0.0333,46800000,46800000,None,0.093,0.03,562900000,912900000,0.8,2010-03-31,18.87,704700000,4145600000.0,3038800000,452800000,149200000,441900000,441900000,None,0,None,451600000,None,None,3031000000,None,None,129700000,None,None,None,0.222,303700000,2475900000,562900000,147500000,281500000,None,None,None,None,None,None,None,2.272,2.529,3.595,None,None,None,None,None,-31800000,None,0.177,None,6362900000,2025-10-30,quarterly,0.83,USD,pre-market,None,1924500000,0.0306,0.128,0.129,29.85,None,3983300000,952300000,None,108.45,110.17,3.75,10462000000,1377000000,1646800000,7751500000,9085000000,285800000,3815500000,2710500000,19.98,None,117.25,88.91
2025-12-28,WEC,5.28,9547201000.0,19.98,None,0.556,41.71,261900000,None,73200000,73200000,75400000,-257500000,None,None,9600000,None,None,None,1200000,236800000,None,776700000,776700000,418100000,None,None,704700000,None,None,350000000,85100000,3.513,0.0333,39400000,39400000,None,0.093,0.03,562900000,912900000,0.8,2009-12-31,18.87,704700000,4145600000.0,3038800000,452800000,149200000,441900000,441900000,None,0,None,451600000,None,None,3031000000,None,None,118700000,None,None,None,0.222,192300000,2475900000,562900000,147500000,281500000,None,None,None,None,None,None,None,2.272,2.529,3.595,None,None,None,None,None,-8600000,None,0.177,None,6362900000,2025-10-30,quarterly,0.83,USD,pre-market,None,1924500000,0.0306,0.128,0.129,29.85,None,3983300000,952300000,None,108.45,110.17,3.75,10462000000,1377000000,1646800000,7751500000,9085000000,285800000,3815500000,2710500000,19.98,None,117.25,88.91
2025-12-28,WEC,5.28,9547201000.0,19.98,None,0.556,41.71,190700000,None,73200000,73200000,-33600000,-172300000,None,None,-74400000,None,None,None,1200000,236800000,None,776700000,776700000,418100000,None,None,704700000,None,None,350000000,88800000,3.513,0.0333,39500000,39500000,None,0.093,0.03,562900000,912900000,0.8,2009-09-30,18.87,704700000,4145600000.0,3038800000,452800000,149200000,441900000,441900000,None,0,None,451600000,None,None,3031000000,None,None,58500000,None,None,None,0.222,204100000,2475900000,562900000,147500000,281500000,None,None,None,None,None,None,None,2.272,2.529,3.595,None,None,None,None,None,-10500000,None,0.177,None,6362900000,2025-10-30,quarterly,0.83,USD,pre-market,None,1924500000,0.0306,0.128,0.129,29.85,None,3983300000,952300000,None,108.45,110.17,3.75,10462000000,1377000000,1646800000,7751500000,9085000000,285800000,3815500000,2710500000,19.98,None,117.25,88.91
2025-12-28,WEC,5.28,9547201000.0,19.98,None,0.556,41.71,193700000,None,73200000,73200000,-53400000,-163300000,None,None,-63200000,None,None,None,1200000,236800000,None,776700000,776700000,418100000,None,None,704700000,None,None,350000000,87900000,3.513,0.0333,39400000,39400000,None,0.093,0.03,562900000,912900000,0.8,2009-06-30,18.87,704700000,4145600000.0,3038800000,452800000,149200000,441900000,441900000,None,0,None,451600000,None,None,3031000000,None,None,63700000,None,None,None,0.222,212100000,2475900000,562900000,147500000,281500000,None,None,None,None,None,None,None,2.272,2.529,3.595,None,None,None,None,None,-4900000,None,0.177,None,6362900000,2025-10-30,quarterly,0.83,USD,pre-market,None,1924500000,0.0306,0.128,0.129,29.85,None,3983300000,952300000,None,108.45,110.17,3.75,10462000000,1377000000,1646800000,7751500000,9085000000,285800000,3815500000,2710500000,19.98,None,117.25,88.91
2025-12-28,WEC,5.28,9547201000.0,19.98,None,0.556,41.71,171400000,None,73200000,73200000,107300000,-143000000,None,None,93400000,None,None,None,1200000,236800000,None,776700000,776700000,418100000,None,None,704700000,None,None,350000000,87600000,3.513,0.0333,39500000,39500000,None,0.093,0.03,562900000,912900000,0.8,2009-03-31,18.87,704700000,4145600000.0,3038800000,452800000,149200000,441900000,441900000,None,0,None,451600000,None,None,3031000000,None,None,141500000,None,None,None,0.222,20300000,2475900000,562900000,147500000,281500000,None,None,None,None,None,None,None,2.272,2.529,3.595,None,None,None,None,None,-5600000,None,0.177,None,6362900000,2025-10-30,quarterly,0.83,USD,pre-market,None,1924500000,0.0306,0.128,0.129,29.85,None,3983300000,952300000,None,108.45,110.17,3.75,10462000000,1377000000,1646800000,7751500000,9085000000,285800000,3815500000,2710500000,19.98,None,117.25,88.91
2025-12-28,WEC,5.28,9547201000.0,19.98,None,0.556,41.71,247700000,None,73200000,73200000,140400000,-224700000,None,None,14800000,None,None,None,1200000,236800000,None,776700000,776700000,418100000,None,None,704700000,None,None,350000000,338000000,3.513,0.0333,31600000,31600000,None,0.093,0.03,562900000,912900000,0.8,2008-12-31,18.87,704700000,4145600000.0,3038800000,452800000,149200000,441900000,441900000,None,0,None,451600000,None,None,3031000000,None,None,100400000,None,None,None,0.222,93500000,2475900000,562900000,147500000,281500000,None,None,None,None,None,None,None,2.272,2.529,3.595,None,None,None,None,None,-3100000,None,0.177,None,6362900000,2025-10-30,quarterly,0.83,USD,pre-market,None,1924500000,0.0306,0.128,0.129,29.85,None,3983300000,952300000,None,108.45,110.17,3.75,10462000000,1377000000,1646800000,7751500000,9085000000,285800000,3815500000,2710500000,19.98,None,117.25,88.91
2025-12-28,WEC,5.28,9547201000.0,19.98,None,0.556,41.71,247200000,None,73200000,73200000,74700000,-147600000,None,None,-80500000,None,None,None,1200000,236800000,None,776700000,776700000,418100000,None,None,704700000,None,None,350000000,85500000,3.513,0.0333,31600000,31600000,None,0.093,0.03,562900000,912900000,0.8,2008-09-30,18.87,704700000,4145600000.0,3038800000,452800000,149200000,441900000,441900000,None,0,None,451600000,None,None,3031000000,None,None,77500000,None,None,None,0.222,69600000,2475900000,562900000,147500000,281500000,None,None,None,None,None,None,None,2.272,2.529,3.595,None,None,None,None,None,-5000000,None,0.177,None,6362900000,2025-10-30,quarterly,0.83,USD,pre-market,None,1924500000,0.0306,0.128,0.129,29.85,None,3983300000,952300000,None,108.45,110.17,3.75,10462000000,1377000000,1646800000,7751500000,9085000000,285800000,3815500000,2710500000,19.98,None,117.25,88.91
2025-12-28,WEC,5.28,9547201000.0,19.98,None,0.556,41.71,294000000,None,73200000,73200000,36000000,-263700000,None,None,-43900000,None,None,None,1200000,236800000,None,776700000,776700000,418100000,None,None,704700000,None,None,350000000,82000000,3.513,0.0333,31500000,31500000,None,0.093,0.03,562900000,912900000,0.8,2008-06-30,18.87,704700000,4145600000.0,3038800000,452800000,149200000,441900000,441900000,None,0,None,451600000,None,None,3031000000,None,None,58000000,None,None,None,0.222,230100000,2475900000,562900000,147500000,281500000,None,None,None,None,None,None,None,2.272,2.529,3.595,None,None,None,None,None,-9400000,None,0.177,None,6362900000,2025-10-30,quarterly,0.83,USD,pre-market,None,1924500000,0.0306,0.128,0.129,29.85,None,3983300000,952300000,None,108.45,110.17,3.75,10462000000,1377000000,1646800000,7751500000,9085000000,285800000,3815500000,2710500000,19.98,None,117.25,88.91
2025-12-28,WEC,5.28,9547201000.0,19.98,None,0.556,41.71,348200000,None,73200000,73200000,-76100000,-270900000,None,None,126200000,None,None,None,1200000,236800000,None,776700000,776700000,418100000,None,None,704700000,None,None,350000000,82400000,3.513,0.0333,31600000,31600000,None,0.093,0.03,562900000,912900000,0.8,2008-03-31,18.87,704700000,4145600000.0,3038800000,452800000,149200000,441900000,441900000,None,0,None,451600000,None,None,3031000000,None,None,123200000,None,None,None,0.222,343800000,2475900000,562900000,147500000,281500000,None,None,None,None,None,None,None,2.272,2.529,3.595,None,None,None,None,None,-5500000,None,0.177,None,6362900000,2025-10-30,quarterly,0.83,USD,pre-market,None,1924500000,0.0306,0.128,0.129,29.85,None,3983300000,952300000,None,108.45,110.17,3.75,10462000000,1377000000,1646800000,7751500000,9085000000,285800000,3815500000,2710500000,19.98,None,117.25,88.91
2025-12-28,WEC,5.28,9547201000.0,19.98,None,0.556,41.71,345500000,None,73200000,73200000,-215600000,-156800000,None,None,49000000,None,None,None,1200000,236800000,None,776700000,776700000,418100000,None,None,704700000,None,None,350000000,336800000,3.513,0.0333,29200000,29200000,None,0.093,0.03,562900000,912900000,0.8,2007-12-31,18.87,704700000,4145600000.0,3038800000,452800000,149200000,441900000,441900000,None,0,None,451600000,None,None,3031000000,None,None,94300000,None,None,None,0.222,-100200000,2475900000,562900000,147500000,281500000,None,None,None,None,None,None,None,2.272,2.529,3.595,None,None,None,None,None,7700000,None,0.177,None,6362900000,2025-10-30,quarterly,0.83,USD,pre-market,None,1924500000,0.0306,0.128,0.129,29.85,None,3983300000,952300000,None,108.45,110.17,3.75,10462000000,1377000000,1646800000,7751500000,9085000000,285800000,3815500000,2710500000,19.98,None,117.25,88.91
2025-12-28,WEC,5.28,9547201000.0,19.98,None,0.556,41.71,293500000,None,73200000,73200000,75800000,210400000,None,None,-101200000,None,None,None,1200000,236800000,None,776700000,776700000,418100000,None,None,704700000,None,None,350000000,None,3.513,0.0333,29200000,29200000,None,0.093,0.03,562900000,912900000,0.8,2007-09-30,18.87,704700000,4145600000.0,3038800000,452800000,149200000,441900000,441900000,None,0,None,451600000,None,None,3031000000,None,None,82900000,None,None,None,0.222,177100000,2475900000,562900000,147500000,281500000,None,None,None,None,None,None,None,2.272,2.529,3.595,None,None,None,None,None,-1000000,None,0.177,None,6362900000,2025-10-30,quarterly,0.83,USD,pre-market,None,1924500000,0.0306,0.128,0.129,29.85,None,3983300000,952300000,None,108.45,110.17,3.75,10462000000,1377000000,1646800000,7751500000,9085000000,285800000,3815500000,2710500000,19.98,None,117.25,88.91
2025-12-28,WEC,5.28,9547201000.0,19.98,None,0.556,41.71,280700000,None,73200000,73200000,212400000,-292500000,None,None,-68800000,None,None,None,1200000,236800000,None,776700000,776700000,418100000,None,None,704700000,None,None,350000000,None,3.513,0.0333,29300000,29300000,None,0.093,0.03,562900000,912900000,0.8,2007-06-30,18.87,704700000,4145600000.0,3038800000,452800000,149200000,441900000,441900000,None,0,None,451600000,None,None,3031000000,None,None,57500000,None,None,None,0.222,92700000,2475900000,562900000,147500000,281500000,None,None,None,None,None,None,None,2.272,2.529,3.595,None,None,None,None,None,-16700000,None,0.177,None,6362900000,2025-10-30,quarterly,0.83,USD,pre-market,None,1924500000,0.0306,0.128,0.129,29.85,None,3983300000,952300000,None,108.45,110.17,3.75,10462000000,1377000000,1646800000,7751500000,9085000000,285800000,3815500000,2710500000,19.98,None,117.25,88.91
2025-12-28,WEC,5.28,9547201000.0,19.98,None,0.556,41.71,291800000,None,73200000,73200000,-71500000,-304300000,None,None,152300000,None,None,None,1200000,236800000,None,776700000,776700000,418100000,None,None,704700000,None,None,350000000,86900000,3.513,0.0333,29200000,29200000,None,0.093,0.03,562900000,912900000,0.8,2007-03-31,18.87,704700000,4145600000.0,3038800000,452800000,149200000,441900000,441900000,None,0,None,451600000,None,None,3031000000,None,None,100900000,None,None,None,0.222,362900000,2475900000,562900000,147500000,281500000,None,None,None,None,None,None,None,2.272,2.529,3.595,None,None,None,None,None,-38000000,None,0.177,None,6362900000,2025-10-30,quarterly,0.83,USD,pre-market,None,1924500000,0.0306,0.128,0.129,29.85,None,3983300000,952300000,None,108.45,110.17,3.75,10462000000,1377000000,1646800000,7751500000,9085000000,285800000,3815500000,2710500000,19.98,None,117.25,88.91
2025-12-28,WEC,5.28,9547201000.0,19.98,None,0.556,41.71,244300000,None,73200000,73200000,283300000,-289000000,None,None,10500000,None,None,None,1200000,236800000,None,776700000,776700000,418100000,None,None,704700000,None,None,350000000,None,3.513,0.0333,26900000,26900000,None,0.093,0.03,562900000,912900000,0.8,2006-12-31,18.87,704700000,4145600000.0,3038800000,452800000,149200000,441900000,441900000,None,0,None,451600000,None,None,3031000000,None,None,77000000,None,None,None,0.222,21500000,2475900000,562900000,147500000,281500000,None,None,None,None,None,None,None,2.272,2.529,3.595,None,None,None,None,None,-26200000,None,0.177,None,6362900000,2025-10-30,quarterly,0.83,USD,pre-market,None,1924500000,0.0306,0.128,0.129,29.85,None,3983300000,952300000,None,108.45,110.17,3.75,10462000000,1377000000,1646800000,7751500000,9085000000,285800000,3815500000,2710500000,19.98,None,117.25,88.91
2025-12-28,WEC,5.28,9547201000.0,19.98,None,0.556,41.71,263500000,None,73200000,73200000,124200000,-248800000,None,None,-84800000,None,None,None,1200000,236800000,None,776700000,776700000,418100000,None,None,704700000,None,None,350000000,None,3.513,0.0333,26900000,26900000,None,0.093,0.03,562900000,912900000,0.8,2006-09-30,18.87,704700000,4145600000.0,3038800000,452800000,149200000,441900000,441900000,None,0,None,451600000,None,None,3031000000,None,None,70800000,None,None,None,0.222,127700000,2475900000,562900000,147500000,281500000,None,None,None,None,None,None,None,2.272,2.529,3.595,None,None,None,None,None,-8700000,None,0.177,None,6362900000,2025-10-30,quarterly,0.83,USD,pre-market,None,1924500000,0.0306,0.128,0.129,29.85,None,3983300000,952300000,None,108.45,110.17,3.75,10462000000,1377000000,1646800000,7751500000,9085000000,285800000,3815500000,2710500000,19.98,None,117.25,88.91
2025-12-28,WEC,5.28,9547201000.0,19.98,None,0.556,41.71,206400000,None,73200000,73200000,-72600000,-187300000,None,None,-64500000,None,None,None,1200000,236800000,None,776700000,776700000,418100000,None,None,704700000,None,None,350000000,None,3.513,0.0333,26900000,26900000,None,0.093,0.03,562900000,912900000,0.8,2006-06-30,18.87,704700000,4145600000.0,3038800000,452800000,149200000,441900000,441900000,None,0,None,451600000,None,None,3031000000,None,None,62900000,None,None,None,0.222,240900000,2475900000,562900000,147500000,281500000,None,None,None,None,None,None,None,2.272,2.529,3.595,None,None,None,None,None,-2900000,None,0.177,None,6362900000,2025-10-30,quarterly,0.83,USD,pre-market,None,1924500000,0.0306,0.128,0.129,29.85,None,3983300000,952300000,None,108.45,110.17,3.75,10462000000,1377000000,1646800000,7751500000,9085000000,285800000,3815500000,2710500000,19.98,None,117.25,88.91
2025-12-28,WEC,5.28,9547201000.0,19.98,None,0.556,41.71,214500000,None,73200000,73200000,-161600000,-214200000,None,None,173200000,None,None,None,1200000,236800000,None,776700000,776700000,418100000,None,None,704700000,None,None,350000000,85000000,3.513,0.0333,26900000,26900000,None,0.093,0.03,562900000,912900000,0.8,2006-03-31,18.87,704700000,4145600000.0,3038800000,452800000,149200000,441900000,441900000,None,0,None,451600000,None,None,3031000000,None,None,105700000,None,None,None,0.222,339700000,2475900000,562900000,147500000,281500000,None,None,None,None,None,None,None,2.272,2.529,3.595,None,None,None,None,None,-10200000,None,0.177,None,6362900000,2025-10-30,quarterly,0.83,USD,pre-market,None,1924500000,0.0306,0.128,0.129,29.85,None,3983300000,952300000,None,108.45,110.17,3.75,10462000000,1377000000,1646800000,7751500000,9085000000,285800000,3815500000,2710500000,19.98,None,117.25,88.91
2025-12-28,WEC,5.28,9547201000.0,19.98,None,0.556,41.71,242000000,None,73200000,73200000,256300000,-227000000,None,None,52600000,None,None,None,1200000,236800000,None,776700000,776700000,418100000,None,None,704700000,None,None,350000000,352600000,3.513,0.0333,25700000,25700000,None,0.093,0.03,562900000,912900000,0.8,2005-12-31,18.87,704700000,4145600000.0,3038800000,452800000,149200000,441900000,441900000,None,0,None,451600000,None,None,3031000000,None,None,85500000,None,None,None,0.222,14100000,2475900000,562900000,147500000,281500000,None,None,None,None,None,None,None,2.272,2.529,3.595,None,None,None,None,None,-4800000,None,0.177,None,6362900000,2025-10-30,quarterly,0.83,USD,pre-market,None,1924500000,0.0306,0.128,0.129,29.85,None,3983300000,952300000,None,108.45,110.17,3.75,10462000000,1377000000,1646800000,7751500000,9085000000,285800000,3815500000,2710500000,19.98,None,117.25,88.91
2025-12-28,WEC,5.28,9547201000.0,19.98,None,0.556,41.71,180900000,None,73200000,73200000,66300000,-184500000,None,None,-189300000,None,None,None,1200000,236800000,None,776700000,776700000,418100000,None,None,704700000,None,None,350000000,None,3.513,0.0333,25700000,25700000,None,0.093,0.03,562900000,912900000,0.8,2005-09-30,18.87,704700000,4145600000.0,3038800000,452800000,149200000,441900000,441900000,None,0,None,451600000,None,None,3031000000,None,None,66200000,None,None,None,0.222,127400000,2475900000,562900000,147500000,281500000,None,None,None,None,None,None,None,2.272,2.529,3.595,None,None,None,None,None,-10400000,None,0.177,None,6362900000,2025-10-30,quarterly,0.83,USD,pre-market,None,1924500000,0.0306,0.128,0.129,29.85,None,3983300000,952300000,None,108.45,110.17,3.75,10462000000,1377000000,1646800000,7751500000,9085000000,285800000,3815500000,2710500000,19.98,None,117.25,88.91
2025-12-28,WEC,5.28,9547201000.0,19.98,None,0.556,41.71,2781100000,None,73200000,73200000,467700000,-3802500000,None,None,-38000000,None,None,None,1200000,236800000,None,776700000,776700000,418100000,None,None,704700000,None,None,350000000,1354500000,3.513,0.0333,1056200000,1056200000,None,0.093,0.03,562900000,912900000,0.8,2024-12-31,18.87,704700000,4145600000.0,3038800000,452800000,149200000,441900000,441900000,None,0,None,451600000,None,None,3031000000,None,None,1524300000,None,None,None,0.222,3211800000,2475900000,562900000,147500000,281500000,None,None,None,None,None,None,None,2.272,2.529,3.595,None,None,None,None,None,-3200000,None,0.177,None,6362900000,2025-10-30,annual,0.83,USD,pre-market,None,1924500000,0.0306,0.128,0.129,29.85,None,3983300000,952300000,None,108.45,110.17,3.75,10462000000,1377000000,1646800000,7751500000,9085000000,285800000,3815500000,2710500000,19.98,None,117.25,88.91
2025-12-28,WEC,5.28,9547201000.0,19.98,None,0.556,41.71,2492900000,None,73200000,73200000,522800000,-3558200000,None,None,41900000,None,None,None,1200000,236800000,None,776700000,776700000,418100000,None,None,704700000,None,None,350000000,1264200000,3.513,0.0333,984200000,984200000,None,0.093,0.03,562900000,912900000,0.8,2023-12-31,18.87,704700000,4145600000.0,3038800000,452800000,149200000,441900000,441900000,None,0,None,451600000,None,None,3031000000,None,None,1331700000,None,None,None,0.222,3018400000,2475900000,562900000,147500000,281500000,None,None,None,None,None,None,None,2.272,2.529,3.595,None,None,None,None,None,-16600000,None,0.177,None,6362900000,2025-10-30,annual,0.83,USD,pre-market,None,1924500000,0.0306,0.128,0.129,29.85,None,3983300000,952300000,None,108.45,110.17,3.75,10462000000,1377000000,1646800000,7751500000,9085000000,285800000,3815500000,2710500000,19.98,None,117.25,88.91
2025-12-28,WEC,5.28,9547201000.0,19.98,None,0.556,41.71,2334100000,None,73200000,73200000,676400000,-2642400000,94700000,None,-171300000,None,None,-342100000,1200000,236800000,None,776700000,776700000,418100000,None,None,704700000,None,None,350000000,1122600000,3.513,0.0333,917900000,917900000,None,0.093,0.03,562900000,912900000,0.8,2022-12-31,18.87,704700000,4145600000.0,3038800000,452800000,149200000,441900000,441900000,None,0,None,451600000,None,None,3031000000,None,None,1409700000,None,None,None,0.222,2060700000,2475900000,562900000,147500000,281500000,None,None,None,None,None,None,None,2.272,2.529,3.595,None,None,None,None,None,-69200000,None,0.177,None,6362900000,2025-10-30,annual,0.83,USD,pre-market,None,1924500000,0.0306,0.128,0.129,29.85,None,3983300000,952300000,None,108.45,110.17,3.75,10462000000,1377000000,1646800000,7751500000,9085000000,285800000,3815500000,2710500000,19.98,None,117.25,88.91
2025-12-28,WEC,5.28,9547201000.0,19.98,None,0.556,41.71,2252800000,None,73200000,73200000,294000000,-2311800000,14900000,None,-107200000,None,None,-249200000,1200000,236800000,None,776700000,776700000,418100000,None,None,704700000,None,None,350000000,1074300000,3.513,0.0333,854800000,854800000,None,0.093,0.03,562900000,912900000,0.8,2021-12-31,18.87,704700000,4145600000.0,3038800000,452800000,149200000,441900000,441900000,None,0,None,451600000,None,None,3031000000,None,None,1298500000,None,None,None,0.222,2032700000,2475900000,562900000,147500000,281500000,None,None,None,None,None,None,None,2.272,2.529,3.595,None,None,None,None,None,-33100000,None,0.177,None,6362900000,2025-10-30,annual,0.83,USD,pre-market,None,1924500000,0.0306,0.128,0.129,29.85,None,3983300000,952300000,None,108.45,110.17,3.75,10462000000,1377000000,1646800000,7751500000,9085000000,285800000,3815500000,2710500000,19.98,None,117.25,88.91
2025-12-28,WEC,5.28,9547201000.0,19.98,None,0.556,41.71,2238800000,None,73200000,73200000,601100000,-2806800000,-9700000,None,21200000,None,None,16100000,1200000,236800000,None,776700000,776700000,418100000,None,None,704700000,None,None,350000000,975900000,3.513,0.0333,798000000,798000000,None,0.093,0.03,562900000,912900000,0.8,2020-12-31,18.87,704700000,4145600000.0,3038800000,452800000,149200000,441900000,441900000,None,0,None,451600000,None,None,3031000000,None,None,1201400000,None,None,None,0.222,2196000000,2475900000,562900000,147500000,281500000,None,None,None,None,None,None,None,2.272,2.529,3.595,None,None,None,None,None,-99200000,None,0.177,None,6362900000,2025-10-30,annual,0.83,USD,pre-market,None,1924500000,0.0306,0.128,0.129,29.85,None,3983300000,952300000,None,108.45,110.17,3.75,10462000000,1377000000,1646800000,7751500000,9085000000,285800000,3815500000,2710500000,19.98,None,117.25,88.91
2025-12-28,WEC,5.28,9547201000.0,19.98,None,0.556,41.71,2260800000,None,73200000,73200000,85600000,-2494900000,-63800000,None,-1500000,None,None,98200000,1200000,236800000,None,776700000,776700000,418100000,None,None,704700000,None,None,350000000,926300000,3.513,0.0333,744500000,744500000,None,0.093,0.03,562900000,912900000,0.8,2019-12-31,18.87,704700000,4145600000.0,3038800000,452800000,149200000,441900000,441900000,None,0,None,451600000,None,None,3031000000,None,None,1134700000,None,None,None,0.222,2345500000,2475900000,562900000,147500000,281500000,None,None,None,None,None,None,None,2.272,2.529,3.595,None,None,None,None,None,-140100000,None,0.177,None,6362900000,2025-10-30,annual,0.83,USD,pre-market,None,1924500000,0.0306,0.128,0.129,29.85,None,3983300000,952300000,None,108.45,110.17,3.75,10462000000,1377000000,1646800000,7751500000,9085000000,285800000,3815500000,2710500000,19.98,None,117.25,88.91
2025-12-28,WEC,5.28,9547201000.0,19.98,None,0.556,41.71,2115700000,None,73200000,73200000,26400000,-2384400000,87500000,None,-8800000,None,None,23500000,1200000,236800000,None,776700000,776700000,418100000,None,None,704700000,None,None,350000000,845800000,3.513,0.0333,697300000,697300000,None,0.093,0.03,562900000,912900000,0.8,2018-12-31,18.87,704700000,4145600000.0,3038800000,452800000,149200000,441900000,441900000,None,0,None,451600000,None,None,3031000000,None,None,1060500000,None,None,None,0.222,2445500000,2475900000,562900000,147500000,281500000,None,None,None,None,None,None,None,2.272,2.529,3.595,None,None,None,None,None,-72400000,None,0.177,None,6362900000,2025-10-30,annual,0.83,USD,pre-market,None,1924500000,0.0306,0.128,0.129,29.85,None,3983300000,952300000,None,108.45,110.17,3.75,10462000000,1377000000,1646800000,7751500000,9085000000,285800000,3815500000,2710500000,19.98,None,117.25,88.91
2025-12-28,WEC,5.28,9547201000.0,19.98,None,0.556,41.71,1959500000,None,73200000,73200000,161400000,-2239600000,1400000,None,49300000,None,None,-86400000,1200000,236800000,None,776700000,776700000,418100000,None,None,704700000,None,None,350000000,798600000,3.513,0.0333,656500000,656500000,None,0.093,0.03,562900000,912900000,0.8,2017-12-31,18.87,704700000,4145600000.0,3038800000,452800000,149200000,441900000,441900000,None,0,None,451600000,None,None,3031000000,None,None,1204900000,None,None,None,0.222,2079600000,2475900000,562900000,147500000,281500000,None,None,None,None,None,None,None,2.272,2.529,3.595,None,None,None,None,None,-71300000,None,0.177,None,6362900000,2025-10-30,annual,0.83,USD,pre-market,None,1924500000,0.0306,0.128,0.129,29.85,None,3983300000,952300000,None,108.45,110.17,3.75,10462000000,1377000000,1646800000,7751500000,9085000000,285800000,3815500000,2710500000,19.98,None,117.25,88.91
2025-12-28,WEC,5.28,9547201000.0,19.98,None,0.556,41.71,1423700000,None,73200000,73200000,-845700000,-1270100000,-12300000,None,100000000,None,None,-180700000,1200000,236800000,None,776700000,776700000,418100000,None,None,704700000,None,None,350000000,762600000,3.513,0.0333,624900000,624900000,None,0.093,0.03,562900000,912900000,0.8,2016-12-31,18.87,704700000,4145600000.0,3038800000,452800000,149200000,441900000,441900000,None,0,None,451600000,None,None,3031000000,None,None,940200000,None,None,None,0.222,2103500000,2475900000,562900000,147500000,281500000,None,None,None,None,None,None,None,2.272,2.529,3.595,None,None,None,None,None,-108000000,None,0.177,None,6362900000,2025-10-30,annual,0.83,USD,pre-market,None,1924500000,0.0306,0.128,0.129,29.85,None,3983300000,952300000,None,108.45,110.17,3.75,10462000000,1377000000,1646800000,7751500000,9085000000,285800000,3815500000,2710500000,19.98,None,117.25,88.91
2025-12-28,WEC,5.28,9547201000.0,19.98,None,0.556,41.71,1223900000,None,73200000,73200000,1211800000,-2517500000,-12100000,None,-69400000,None,None,84000000,1200000,236800000,None,776700000,776700000,418100000,None,None,704700000,None,None,350000000,583500000,3.513,0.0333,455400000,455400000,None,0.093,0.03,562900000,912900000,0.8,2015-12-31,18.87,704700000,4145600000.0,3038800000,452800000,149200000,441900000,441900000,None,0,None,451600000,None,None,3031000000,None,None,640300000,None,None,None,0.222,1293600000,2475900000,562900000,147500000,281500000,None,None,None,None,None,None,None,2.272,2.529,3.595,None,None,None,None,None,-127400000,None,0.177,None,6362900000,2025-10-30,annual,0.83,USD,pre-market,None,1924500000,0.0306,0.128,0.129,29.85,None,3983300000,952300000,None,108.45,110.17,3.75,10462000000,1377000000,1646800000,7751500000,9085000000,285800000,3815500000,2710500000,19.98,None,117.25,88.91
2025-12-28,WEC,5.28,9547201000.0,19.98,None,0.556,41.71,736100000,None,73200000,73200000,-405000000,-756800000,35900000,None,-71200000,None,None,80700000,1200000,236800000,None,776700000,776700000,418100000,None,None,704700000,None,None,350000000,419400000,3.513,0.0333,352000000,352000000,None,0.093,0.03,562900000,912900000,0.8,2014-12-31,18.87,704700000,4145600000.0,3038800000,452800000,149200000,441900000,441900000,None,0,None,451600000,None,None,3031000000,None,None,589500000,None,None,None,0.222,1197700000,2475900000,562900000,147500000,281500000,None,None,None,None,None,None,None,2.272,2.529,3.595,None,None,None,None,None,-123200000,None,0.177,None,6362900000,2025-10-30,annual,0.83,USD,pre-market,None,1924500000,0.0306,0.128,0.129,29.85,None,3983300000,952300000,None,108.45,110.17,3.75,10462000000,1377000000,1646800000,7751500000,9085000000,285800000,3815500000,2710500000,19.98,None,117.25,88.91
2025-12-28,WEC,5.28,9547201000.0,19.98,None,0.556,41.71,687400000,None,73200000,73200000,-494800000,-745800000,-9600000,None,31300000,None,None,-162900000,1200000,236800000,None,776700000,776700000,418100000,None,None,704700000,None,None,350000000,400200000,3.513,0.0333,328900000,328900000,None,0.093,0.03,562900000,912900000,0.8,2013-12-31,18.87,704700000,4145600000.0,3038800000,452800000,149200000,441900000,441900000,None,0,None,451600000,None,None,3031000000,None,None,578600000,None,None,None,0.222,1231000000,2475900000,562900000,147500000,281500000,None,None,None,None,None,None,None,2.272,2.529,3.595,None,None,None,None,None,-223400000,None,0.177,None,6362900000,2025-10-30,annual,0.83,USD,pre-market,None,1924500000,0.0306,0.128,0.129,29.85,None,3983300000,952300000,None,108.45,110.17,3.75,10462000000,1377000000,1646800000,7751500000,9085000000,285800000,3815500000,2710500000,19.98,None,117.25,88.91
2025-12-28,WEC,5.28,9547201000.0,19.98,None,0.556,41.71,707000000,None,73200000,73200000,-422800000,-729600000,21500000,None,21300000,None,None,38300000,1200000,236800000,None,776700000,776700000,418100000,None,None,704700000,None,None,350000000,371700000,3.513,0.0333,276300000,276300000,None,0.093,0.03,562900000,912900000,0.8,2012-12-31,18.87,704700000,4145600000.0,3038800000,452800000,149200000,441900000,441900000,None,0,None,451600000,None,None,3031000000,None,None,546300000,None,None,None,0.222,1173900000,2475900000,562900000,147500000,281500000,None,None,None,None,None,None,None,2.272,2.529,3.595,None,None,None,None,None,-153200000,None,0.177,None,6362900000,2025-10-30,annual,0.83,USD,pre-market,None,1924500000,0.0306,0.128,0.129,29.85,None,3983300000,952300000,None,108.45,110.17,3.75,10462000000,1377000000,1646800000,7751500000,9085000000,285800000,3815500000,2710500000,19.98,None,117.25,88.91
2025-12-28,WEC,5.28,9547201000.0,19.98,None,0.556,41.71,830800000,None,73200000,73200000,-111300000,-892500000,-10400000,None,-2900000,None,None,30100000,1200000,236800000,None,776700000,776700000,418100000,None,None,704700000,None,None,350000000,336400000,3.513,0.0333,242000000,242000000,None,0.093,0.03,562900000,912900000,0.8,2011-12-31,18.87,704700000,4145600000.0,3038800000,452800000,149200000,441900000,441900000,None,0,None,451600000,None,None,3031000000,None,None,526200000,None,None,None,0.222,993400000,2475900000,562900000,147500000,281500000,None,None,None,None,None,None,None,2.272,2.529,3.595,None,None,None,None,None,-193900000,None,0.177,None,6362900000,2025-10-30,annual,0.83,USD,pre-market,None,1924500000,0.0306,0.128,0.129,29.85,None,3983300000,952300000,None,108.45,110.17,3.75,10462000000,1377000000,1646800000,7751500000,9085000000,285800000,3815500000,2710500000,19.98,None,117.25,88.91
2025-12-28,WEC,5.28,9547201000.0,19.98,None,0.556,41.71,798200000,None,73200000,73200000,-172600000,-633500000,4300000,None,-1000000,None,None,-50400000,1200000,236800000,None,776700000,776700000,418100000,None,None,704700000,None,None,350000000,317400000,3.513,0.0333,187000000,187000000,None,0.093,0.03,562900000,912900000,0.8,2010-12-31,18.87,704700000,4145600000.0,3038800000,452800000,149200000,441900000,441900000,None,0,None,451600000,None,None,3031000000,None,None,456500000,None,None,None,0.222,810400000,2475900000,562900000,147500000,281500000,None,None,None,None,None,None,None,2.272,2.529,3.595,None,None,None,None,None,-156600000,None,0.177,None,6362900000,2025-10-30,annual,0.83,USD,pre-market,None,1924500000,0.0306,0.128,0.129,29.85,None,3983300000,952300000,None,108.45,110.17,3.75,10462000000,1377000000,1646800000,7751500000,9085000000,285800000,3815500000,2710500000,19.98,None,117.25,88.91
2025-12-28,WEC,5.28,9547201000.0,19.98,None,0.556,41.71,817700000,None,73200000,73200000,95700000,-736100000,-11600000,None,-34600000,None,None,111100000,1200000,236800000,None,776700000,776700000,418100000,None,None,704700000,None,None,350000000,349400000,3.513,0.0333,157800000,157800000,None,0.093,0.03,562900000,912900000,0.8,2009-12-31,18.87,704700000,4145600000.0,3038800000,452800000,149200000,441900000,441900000,None,0,None,451600000,None,None,3031000000,None,None,382400000,None,None,None,0.222,628800000,2475900000,562900000,147500000,281500000,None,None,None,None,None,None,None,2.272,2.529,3.595,None,None,None,None,None,-29600000,None,0.177,None,6362900000,2025-10-30,annual,0.83,USD,pre-market,None,1924500000,0.0306,0.128,0.129,29.85,None,3983300000,952300000,None,108.45,110.17,3.75,10462000000,1377000000,1646800000,7751500000,9085000000,285800000,3815500000,2710500000,19.98,None,117.25,88.91
2025-12-28,WEC,5.28,9547201000.0,19.98,None,0.556,41.71,1137100000,None,73200000,73200000,175000000,-906900000,None,None,16600000,None,None,None,1200000,236800000,None,776700000,776700000,418100000,None,None,704700000,None,None,350000000,None,3.513,0.0333,126300000,126300000,None,0.093,0.03,562900000,912900000,0.8,2008-12-31,18.87,704700000,4145600000.0,3038800000,452800000,149200000,441900000,441900000,None,0,None,451600000,None,None,3031000000,None,None,359100000,None,None,None,0.222,737000000,2475900000,562900000,147500000,281500000,None,None,None,None,None,None,None,2.272,2.529,3.595,None,None,None,None,None,-23000000,None,0.177,None,6362900000,2025-10-30,annual,0.83,USD,pre-market,None,1924500000,0.0306,0.128,0.129,29.85,None,3983300000,952300000,None,108.45,110.17,3.75,10462000000,1377000000,1646800000,7751500000,9085000000,285800000,3815500000,2710500000,19.98,None,117.25,88.91
2025-12-28,WEC,5.28,9547201000.0,19.98,None,0.556,41.71,1211500000,None,73200000,73200000,1100000,-543200000,None,None,31300000,None,None,None,1200000,236800000,None,776700000,776700000,418100000,None,None,704700000,None,None,350000000,None,3.513,0.0333,116900000,116900000,None,0.093,0.03,562900000,912900000,0.8,2007-12-31,18.87,704700000,4145600000.0,3038800000,452800000,149200000,441900000,441900000,None,0,None,451600000,None,None,3031000000,None,None,335600000,None,None,None,0.222,532500000,2475900000,562900000,147500000,281500000,None,None,None,None,None,None,None,2.272,2.529,3.595,None,None,None,None,None,-67800000,None,0.177,None,6362900000,2025-10-30,annual,0.83,USD,pre-market,None,1924500000,0.0306,0.128,0.129,29.85,None,3983300000,952300000,None,108.45,110.17,3.75,10462000000,1377000000,1646800000,7751500000,9085000000,285800000,3815500000,2710500000,19.98,None,117.25,88.91
2025-12-28,WEC,5.28,9547201000.0,19.98,None,0.556,41.71,928700000,None,73200000,73200000,173300000,-939300000,None,None,34400000,None,None,None,1200000,236800000,None,776700000,776700000,418100000,None,None,704700000,None,None,350000000,None,3.513,0.0333,107600000,107600000,None,0.093,0.03,562900000,912900000,0.8,2006-12-31,18.87,704700000,4145600000.0,3038800000,452800000,149200000,441900000,441900000,None,0,None,451600000,None,None,3031000000,None,None,316400000,None,None,None,0.222,729800000,2475900000,562900000,147500000,281500000,None,None,None,None,None,None,None,2.272,2.529,3.595,None,None,None,None,None,-48000000,None,0.177,None,6362900000,2025-10-30,annual,0.83,USD,pre-market,None,1924500000,0.0306,0.128,0.129,29.85,None,3983300000,952300000,None,108.45,110.17,3.75,10462000000,1377000000,1646800000,7751500000,9085000000,285800000,3815500000,2710500000,19.98,None,117.25,88.91
2025-12-28,WEC,5.28,9547201000.0,19.98,None,0.556,41.71,745100000,None,73200000,73200000,157800000,-697100000,None,None,-48500000,None,None,None,1200000,236800000,None,776700000,776700000,418100000,None,None,704700000,None,None,350000000,None,3.513,0.0333,102900000,102900000,None,0.093,0.03,562900000,912900000,0.8,2005-12-31,18.87,704700000,4145600000.0,3038800000,452800000,149200000,441900000,441900000,None,0,None,451600000,None,None,3031000000,None,None,303600000,None,None,None,0.222,576900000,2475900000,562900000,147500000,281500000,None,None,None,None,None,None,None,2.272,2.529,3.595,None,None,None,None,None,-75100000,None,0.177,None,6362900000,2025-10-30,annual,0.83,USD,pre-market,None,1924500000,0.0306,0.128,0.129,29.85,None,3983300000,952300000,None,108.45,110.17,3.75,10462000000,1377000000,1646800000,7751500000,9085000000,285800000,3815500000,2710500000,19.98,None,117.25,88.91
