date,symbol,eps,revenue_ttm,pe_ratio,accumulateddepreciationamortizationppe,beta,book_value,capitalexpenditures,capitalleaseobligations,cashandcashequivalentsatcarryingvalue,cashandshortterminvestments,cashflowfromfinancing,cashflowfrominvestment,changeincashandcashequivalents,changeinexchangerate,changeininventory,changeinoperatingassets,changeinoperatingliabilities,changeinreceivables,commonstock,commonstocksharesoutstanding,comprehensiveincomenetoftax,costofgoodsandservicessold,costofrevenue,currentaccountspayable,currentdebt,currentlongtermdebt,currentnetreceivables,deferredrevenue,depreciation,depreciationandamortization,depreciationdepletionandamortization,dividend_per_share,dividend_yield,dividendpayout,dividendpayoutcommonstock,dividendpayoutpreferredstock,earnings_growth_yoy,earnings_surprise,ebit,ebitda,estimated_eps,fiscaldateending,forward_pe,goodwill,gross_profit_ttm,grossprofit,incomebeforetax,incometaxexpense,intangibleassets,intangibleassetsexcludinggoodwill,interestanddebtexpense,interestexpense,interestincome,inventory,investmentincomenet,investments,longtermdebt,longtermdebtnoncurrent,longterminvestments,netincome,netincomefromcontinuingoperations,netinterestincome,noninterestincome,operating_margin_ttm,operatingcashflow,operatingexpenses,operatingincome,othercurrentassets,othercurrentliabilities,othernoncurrentassets,othernoncurrentliabilities,othernonoperatingincome,paymentsforoperatingactivities,paymentsforrepurchaseofcommonstock,paymentsforrepurchaseofequity,paymentsforrepurchaseofpreferredstock,peg_ratio,price_to_book,price_to_sales_ttm,proceedsfromissuanceofcommonstock,proceedsfromissuanceoflongtermdebtandcapitalsecuritiesnet,proceedsfromissuanceofpreferredstock,proceedsfromoperatingactivities,proceedsfromrepaymentsofshorttermdebt,proceedsfromrepurchaseofequity,proceedsfromsaleoftreasurystock,profit_margin,profitloss,propertyplantequipment,report_date,report_type,reported_eps,reportedcurrency,reporttime,researchanddevelopment,retainedearnings,return_on_assets_ttm,return_on_equity_ttm,revenue_growth_yoy,revenue_per_share_ttm,sellinggeneralandadministrative,shortlongtermdebttotal,shorttermdebt,shortterminvestments,sma_200,sma_50,surprise_pct,totalassets,totalcurrentassets,totalcurrentliabilities,totalliabilities,totalnoncurrentassets,totalnoncurrentliabilities,totalrevenue,totalshareholderequity,trailing_pe,treasurystock,week_52_high,week_52_low
1996-03-31,WM,,,,,,,,,,,,,,,,,,,,,,,,,,,,,,,,,,,,,,0.08,,,0.23,,,,,,,,,,,,,,,,,,,,,,,,,,,,,,,,,,,,,,,,,,,,,,,,,1996-05-14,,0.31,,pre-market,,,,,,,,,,,,,34.7826,,,,,,,,,,,,
1996-06-30,WM,,,,,,,,,,,,,,,,,,,,,,,,,,,,,,,,,,,,,,-0.02,,,0.31,,,,,,,,,,,,,,,,,,,,,,,,,,,,,,,,,,,,,,,,,,,,,,,,,1996-08-13,,0.29,,pre-market,,,,,,,,,,,,,-6.4516,,,,,,,,,,,,
1996-09-30,WM,,,,,,,,,,,,,,,,,,,,,,,,,,,,,,,,,,,,,,-0.01,,,0.33,,,,,,,,,,,,,,,,,,,,,,,,,,,,,,,,,,,,,,,,,,,,,,,,,1996-11-12,,0.32,,pre-market,,,,,,,,,,,,,-3.0303,,,,,,,,,,,,
1996-12-31,WM,,,,,,,,,,,,,,,,,,,,,,,,,,,,,,,,,,,,,,0.0,,,0.32,,,,,,,,,,,,,,,,,,,,,,,,,,,,,,,,,,,,,,,,,,,,,,,,,1997-03-07,,0.32,,pre-market,,,,,,,,,,,,,0.0,,,,,,,,,,,,
1997-03-31,WM,,,,,,,,,,,,,,,,,,,,,,,,,,,,,,,,,,,,,,0.0,,,0.32,,,,,,,,,,,,,,,,,,,,,,,,,,,,,,,,,,,,,,,,,,,,,,,,,1997-05-12,,0.32,,pre-market,,,,,,,,,,,,,0.0,,,,,,,,,,,,
1997-06-30,WM,,,,,,,,,,,,,,,,,,,,,,,,,,,,,,,,,,,,,,0.02,,,0.41,,,,,,,,,,,,,,,,,,,,,,,,,,,,,,,,,,,,,,,,,,,,,,,,,1997-08-07,,0.43,,pre-market,,,,,,,,,,,,,4.878,,,,,,,,,,,,
1997-09-30,WM,,,,,,,,,,,,,,,,,,,,,,,,,,,,,,,,,,,,,,0.01,,,0.46,,,,,,,,,,,,,,,,,,,,,,,,,,,,,,,,,,,,,,,,,,,,,,,,,1997-11-11,,0.47,,pre-market,,,,,,,,,,,,,2.1739,,,,,,,,,,,,
1997-12-31,WM,,,,,,,,,,,,,,,,,,,,,,,,,,,,,,,,,,,,,,0.0,,,0.45,,,,,,,,,,,,,,,,,,,,,,,,,,,,,,,,,,,,,,,,,,,,,,,,,1998-02-25,,0.45,,pre-market,,,,,,,,,,,,,0.0,,,,,,,,,,,,
1998-03-31,WM,,,,,,,,,,,,,,,,,,,,,,,,,,,,,,,,,,,,,,0.07,,,0.45,,,,,,,,,,,,,,,,,,,,,,,,,,,,,,,,,,,,,,,,,,,,,,,,,1998-04-29,,0.52,,pre-market,,,,,,,,,,,,,15.5556,,,,,,,,,,,,
1998-06-30,WM,,,,,,,,,,,,,,,,,,,,,,,,,,,,,,,,,,,,,,-0.01,,,0.54,,,,,,,,,,,,,,,,,,,,,,,,,,,,,,,,,,,,,,,,,,,,,,,,,1998-07-21,,0.53,,pre-market,,,,,,,,,,,,,-1.8519,,,,,,,,,,,,
1998-09-30,WM,,,,,,,,,,,,,,,,,,,,,,,,,,,,,,,,,,,,,,-0.02,,,0.51,,,,,,,,,,,,,,,,,,,,,,,,,,,,,,,,,,,,,,,,,,,,,,,,,1998-11-13,,0.49,,pre-market,,,,,,,,,,,,,-3.9216,,,,,,,,,,,,
1998-12-31,WM,,,,,,,,,,,,,,,,,,,,,,,,,,,,,,,,,,,,,,0.01,,,0.57,,,,,,,,,,,,,,,,,,,,,,,,,,,,,,,,,,,,,,,,,,,,,,,,,1999-02-25,,0.58,,pre-market,,,,,,,,,,,,,1.7544,,,,,,,,,,,,
1999-03-31,WM,,,,,,,,,,,,,,,,,,,,,,,,,,,,,,,,,,,,,,0.02,,,0.62,,,,,,,,,,,,,,,,,,,,,,,,,,,,,,,,,,,,,,,,,,,,,,,,,1999-05-06,,0.64,,pre-market,,,,,,,,,,,,,3.2258,,,,,,,,,,,,
1999-06-30,WM,,,,,,,,,,,,,,,,,,,,,,,,,,,,,,,,,,,,,,-0.03,,,0.61,,,,,,,,,,,,,,,,,,,,,,,,,,,,,,,,,,,,,,,,,,,,,,,,,1999-08-03,,0.58,,pre-market,,,,,,,,,,,,,-4.918,,,,,,,,,,,,
1999-09-30,WM,,,,,,,,,,,,,,,,,,,,,,,,,,,,,,,,,,,,,,-0.02,,,0.46,,,,,,,,,,,,,,,,,,,,,,,,,,,,,,,,,,,,,,,,,,,,,,,,,1999-11-09,,0.44,,pre-market,,,,,,,,,,,,,-4.3478,,,,,,,,,,,,
1999-12-31,WM,,,,,,,,,,,,,,,,,,,,,,,,,,,,,,,,,,,,,,-0.03,,,0.35,,,,,,,,,,,,,,,,,,,,,,,,,,,,,,,,,,,,,,,,,,,,,,,,,2000-03-27,,0.32,,pre-market,,,,,,,,,,,,,-8.5714,,,,,,,,,,,,
2000-03-31,WM,,,,,,,,,,,,,,,,,,,,,,,,,,,,,,,,,,,,,,0.02,,,0.24,,,,,,,,,,,,,,,,,,,,,,,,,,,,,,,,,,,,,,,,,,,,,,,,,2000-05-10,,0.26,,pre-market,,,,,,,,,,,,,8.3333,,,,,,,,,,,,
2000-06-30,WM,,,,,,,,,,,,,,,,,,,,,,,,,,,,,,,,,,,,,,0.01,,,0.31,,,,,,,,,,,,,,,,,,,,,,,,,,,,,,,,,,,,,,,,,,,,,,,,,2000-08-08,,0.32,,pre-market,,,,,,,,,,,,,3.2258,,,,,,,,,,,,
2000-09-30,WM,,,,,,,,,,,,,,,,,,,,,,,,,,,,,,,,,,,,,,0.0,,,0.33,,,,,,,,,,,,,,,,,,,,,,,,,,,,,,,,,,,,,,,,,,,,,,,,,2000-11-06,,0.33,,pre-market,,,,,,,,,,,,,0.0,,,,,,,,,,,,
2000-12-31,WM,,,,,,,,,,,,,,,,,,,,,,,,,,,,,,,,,,,,,,-0.02,,,0.31,,,,,,,,,,,,,,,,,,,,,,,,,,,,,,,,,,,,,,,,,,,,,,,,,2001-03-08,,0.29,,pre-market,,,,,,,,,,,,,-6.4516,,,,,,,,,,,,
2001-03-31,WM,,,,,,,,,,,,,,,,,,,,,,,,,,,,,,,,,,,,,,-0.01,,,0.25,,,,,,,,,,,,,,,,,,,,,,,,,,,,,,,,,,,,,,,,,,,,,,,,,2001-05-09,,0.24,,pre-market,,,,,,,,,,,,,-4.0,,,,,,,,,,,,
2001-06-30,WM,,,,,,,,,,,,,,,,,,,,,,,,,,,,,,,,,,,,,,-0.01,,,0.34,,,,,,,,,,,,,,,,,,,,,,,,,,,,,,,,,,,,,,,,,,,,,,,,,2001-08-08,,0.33,,pre-market,,,,,,,,,,,,,-2.9412,,,,,,,,,,,,
2001-09-30,WM,,,,,,,,,,,,,,,,,,,,,,,,,,,,,,,,,,,,,,-0.01,,,0.37,,,,,,,,,,,,,,,,,,,,,,,,,,,,,,,,,,,,,,,,,,,,,,,,,2001-11-07,,0.36,,pre-market,,,,,,,,,,,,,-2.7027,,,,,,,,,,,,
2001-12-31,WM,,,,,,,,,,,,,,,,,,,,,,,,,,,,,,,,,,,,,,-0.01,,,0.26,,,,,,,,,,,,,,,,,,,,,,,,,,,,,,,,,,,,,,,,,,,,,,,,,2002-02-26,,0.25,,pre-market,,,,,,,,,,,,,-3.8462,,,,,,,,,,,,
2002-03-31,WM,,,,,,,,,,,,,,,,,,,,,,,,,,,,,,,,,,,,,,-0.01,,,0.26,,,,,,,,,,,,,,,,,,,,,,,,,,,,,,,,,,,,,,,,,,,,,,,,,2002-05-07,,0.25,,pre-market,,,,,,,,,,,,,-3.8462,,,,,,,,,,,,
2002-06-30,WM,,,,,,,,,,,,,,,,,,,,,,,,,,,,,,,,,,,,,,0.0,,,0.35,,,,,,,,,,,,,,,,,,,,,,,,,,,,,,,,,,,,,,,,,,,,,,,,,2002-08-01,,0.35,,pre-market,,,,,,,,,,,,,0.0,,,,,,,,,,,,
2002-09-30,WM,,,,,,,,,,,,,,,,,,,,,,,,,,,,,,,,,,,,,,0.0,,,0.38,,,,,,,,,,,,,,,,,,,,,,,,,,,,,,,,,,,,,,,,,,,,,,,,,2002-10-31,,0.38,,pre-market,,,,,,,,,,,,,0.0,,,,,,,,,,,,
2002-12-31,WM,,,,,,,,,,,,,,,,,,,,,,,,,,,,,,,,,,,,,,0.05,,,0.34,,,,,,,,,,,,,,,,,,,,,,,,,,,,,,,,,,,,,,,,,,,,,,,,,2003-02-18,,0.39,,pre-market,,,,,,,,,,,,,14.7059,,,,,,,,,,,,
2003-03-31,WM,,,,,,,,,,,,,,,,,,,,,,,,,,,,,,,,,,,,,,-0.03,,,0.23,,,,,,,,,,,,,,,,,,,,,,,,,,,,,,,,,,,,,,,,,,,,,,,,,2003-04-29,,0.2,,pre-market,,,,,,,,,,,,,-13.0435,,,,,,,,,,,,
2003-06-30,WM,,,,,,,,,,,,,,,,,,,,,,,,,,,,,,,,,,,,,,-0.02,,,0.34,,,,,,,,,,,,,,,,,,,,,,,,,,,,,,,,,,,,,,,,,,,,,,,,,2003-08-05,,0.32,,pre-market,,,,,,,,,,,,,-5.8824,,,,,,,,,,,,
2003-09-30,WM,,,,,,,,,,,,,,,,,,,,,,,,,,,,,,,,,,,,,,-0.02,,,0.37,,,,,,,,,,,,,,,,,,,,,,,,,,,,,,,,,,,,,,,,,,,,,,,,,2003-10-30,,0.35,,pre-market,,,,,,,,,,,,,-5.4054,,,,,,,,,,,,
2003-12-31,WM,,,,,,,,,,,,,,,,,,,,,,,,,,,,,,,,,,,,,,0.06,,,0.33,,,,,,,,,,,,,,,,,,,,,,,,,,,,,,,,,,,,,,,,,,,,,,,,,2004-02-12,,0.39,,pre-market,,,,,,,,,,,,,18.1818,,,,,,,,,,,,
2004-03-31,WM,,,,,,,,,,,,,,,,,,,,,,,,,,,,,,,,,,,,,,-0.01,,,0.26,,,,,,,,,,,,,,,,,,,,,,,,,,,,,,,,,,,,,,,,,,,,,,,,,2004-04-29,,0.25,,pre-market,,,,,,,,,,,,,-3.8462,,,,,,,,,,,,
2004-06-30,WM,,,,,,,,,,,,,,,,,,,,,,,,,,,,,,,,,,,,,,0.0,,,0.37,,,,,,,,,,,,,,,,,,,,,,,,,,,,,,,,,,,,,,,,,,,,,,,,,2004-07-29,,0.37,,pre-market,,,,,,,,,,,,,0.0,,,,,,,,,,,,
2004-09-30,WM,,,,,,,,,,,,,,,,,,,,,,,,,,,,,,,,,,,,,,-0.01,,,0.41,,,,,,,,,,,,,,,,,,,,,,,,,,,,,,,,,,,,,,,,,,,,,,,,,2004-10-28,,0.4,,pre-market,,,,,,,,,,,,,-2.439,,,,,,,,,,,,
2004-12-31,WM,,,,,,,,,,,,,,,,,,,,,,,,,,,,,,,,,,,,,,0.01,,,0.38,,,,,,,,,,,,,,,,,,,,,,,,,,,,,,,,,,,,,,,,,,,,,,,,,2005-02-10,,0.39,,pre-market,,,,,,,,,,,,,2.6316,,,,,,,,,,,,
2005-03-31,WM,,,,,,,,,,,,,,,,,,,,,,,,,,,,,,,,,,,,,,-0.02,,,0.28,,,,,,,,,,,,,,,,,,,,,,,,,,,,,,,,,,,,,,,,,,,,,,,,,2005-04-28,,0.26,,pre-market,,,,,,,,,,,,,-7.1429,,,,,,,,,,,,
2005-06-30,WM,,,,,,,,,,,,,,,,,,,,,,,,,,,,,,,,,,,,,,-0.02,,,0.4,,,,,,,,,,,,,,,,,,,,,,,,,,,,,,,,,,,,,,,,,,,,,,,,,2005-07-28,,0.38,,pre-market,,,,,,,,,,,,,-5.0,,,,,,,,,,,,
2005-09-30,WM,,,,,,,,,,,,,,,,,,,,,,,,,,,,,,,,,,,,,,0.02,,,0.43,,,,,,,,,,,,,,,,,,,,,,,,,,,,,,,,,,,,,,,,,,,,,,,,,2005-10-27,,0.45,,pre-market,,,,,,,,,,,,,4.6512,,,,,,,,,,,,
2005-12-31,WM,,,,,,,,,,,,,,,,,,,,,,,,,,,,,,,,,,,,,,0.06,,,0.4,,,,,,,,,,,,,,,,,,,,,,,,,,,,,,,,,,,,,,,,,,,,,,,,,2006-02-14,,0.46,,pre-market,,,,,,,,,,,,,15.0,,,,,,,,,,,,
2006-03-31,WM,,,,,,,,,,,,,,,,,,,,,,,,,,,,,,,,,,,,,,0.05,,,0.3,,,,,,,,,,,,,,,,,,,,,,,,,,,,,,,,,,,,,,,,,,,,,,,,,2006-04-27,,0.35,,pre-market,,,,,,,,,,,,,16.6667,,,,,,,,,,,,
2006-06-30,WM,,,,,,,,,,,,,,,,,,,,,,,,,,,,,,,,,,,,,,0.02,,,0.43,,,,,,,,,,,,,,,,,,,,,,,,,,,,,,,,,,,,,,,,,,,,,,,,,2006-07-28,,0.45,,pre-market,,,,,,,,,,,,,4.6512,,,,,,,,,,,,
2006-09-30,WM,,,,,,,,,,,,,,,,,,,,,,,,,,,,,,,,,,,,,,0.07,,,0.48,,,,,,,,,,,,,,,,,,,,,,,,,,,,,,,,,,,,,,,,,,,,,,,,,2006-10-25,,0.55,,pre-market,,,,,,,,,,,,,14.5833,,,,,,,,,,,,
2006-12-31,WM,,,,,,,,,,,,,,,,,,,,,,,,,,,,,,,,,,,,,,0.01,,,0.46,,,,,,,,,,,,,,,,,,,,,,,,,,,,,,,,,,,,,,,,,,,,,,,,,2007-02-08,,0.47,,pre-market,,,,,,,,,,,,,2.1739,,,,,,,,,,,,
2007-03-31,WM,,,,,,,,,,,,,,,,,,,,,,,,,,,,,,,,,,,,,,0.07,,,0.36,,,,,,,,,,,,,,,,,,,,,,,,,,,,,,,,,,,,,,,,,,,,,,,,,2007-04-27,,0.43,,pre-market,,,,,,,,,,,,,19.4444,,,,,,,,,,,,
2007-06-30,WM,,,,,,,,,,,,,,,,,,,,,,,,,,,,,,,,,,,,,,0.04,,,0.52,,,,,,,,,,,,,,,,,,,,,,,,,,,,,,,,,,,,,,,,,,,,,,,,,2007-07-31,,0.56,,pre-market,,,,,,,,,,,,,7.6923,,,,,,,,,,,,
2007-09-30,WM,,,,,,,,,,,,,,,,,,,,,,,,,,,,,,,,,,,,,,-0.05,,,0.59,,,,,,,,,,,,,,,,,,,,,,,,,,,,,,,,,,,,,,,,,,,,,,,,,2007-10-26,,0.54,,pre-market,,,,,,,,,,,,,-8.4746,,,,,,,,,,,,
2007-12-31,WM,,,,,,,,,,,,,,,,,,,,,,,,,,,,,,,,,,,,,,0.03,,,0.51,,,,,,,,,,,,,,,,,,,,,,,,,,,,,,,,,,,,,,,,,,,,,,,,,2008-02-13,,0.54,,pre-market,,,,,,,,,,,,,5.8824,,,,,,,,,,,,
2008-03-31,WM,,,,,,,,,,,,,,,,,,,,,,,,,,,,,,,,,,,,,,0.01,,,0.46,,,,,,,,,,,,,,,,,,,,,,,,,,,,,,,,,,,,,,,,,,,,,,,,,2008-04-29,,0.47,,pre-market,,,,,,,,,,,,,2.1739,,,,,,,,,,,,
2008-06-30,WM,,,,,,,,,,,,,,,,,,,,,,,,,,,,,,,,,,,,,,0.04,,,0.59,,,,,,,,,,,,,,,,,,,,,,,,,,,,,,,,,,,,,,,,,,,,,,,,,2008-07-29,,0.63,,pre-market,,,,,,,,,,,,,6.7797,,,,,,,,,,,,
2008-09-30,WM,,,,,,,,,,,,,,,,,,,,,,,,,,,,,,,,,,,,,,0.01,,,0.62,,,,,,,,,,,,,,,,,,,,,,,,,,,,,,,,,,,,,,,,,,,,,,,,,2008-10-30,,0.63,,pre-market,,,,,,,,,,,,,1.6129,,,,,,,,,,,,
2008-12-31,WM,,,,,,,,,,,,,,,,,,,,,,,,,,,,,,,,,,,,,,0.01,,,0.48,,,,,,,,,,,,,,,,,,,,,,,,,,,,,,,,,,,,,,,,,,,,,,,,,2009-02-12,,0.49,,pre-market,,,,,,,,,,,,,2.0833,,,,,,,,,,,,
2009-03-31,WM,,,,,,,,,,,,,,,,,,,,,,,,,,,,,,,,,,,,,,0.01,,,0.41,,,,,,,,,,,,,,,,,,,,,,,,,,,,,,,,,,,,,,,,,,,,,,,,,2009-04-29,,0.42,,pre-market,,,,,,,,,,,,,2.439,,,,,,,,,,,,
2009-06-30,WM,,,,,,,,,,,,,,,,,,,,,,,,,,,,,,,,,,,,,,-0.02,,,0.54,,,,,,,,,,,,,,,,,,,,,,,,,,,,,,,,,,,,,,,,,,,,,,,,,2009-07-30,,0.52,,pre-market,,,,,,,,,,,,,-3.7037,,,,,,,,,,,,
2009-09-30,WM,,,,,,,,,,,,,,,,,,,,,,,,,,,,,,,,,,,,,,0.01,,,0.53,,,,,,,,,,,,,,,,,,,,,,,,,,,,,,,,,,,,,,,,,,,,,,,,,2009-10-29,,0.54,,pre-market,,,,,,,,,,,,,1.8868,,,,,,,,,,,,
2009-12-31,WM,,,,,,,,,,,,,,,,,,,,,,,,,,,,,,,,,,,,,,0.04,,,0.48,,,,,,,,,,,,,,,,,,,,,,,,,,,,,,,,,,,,,,,,,,,,,,,,,2010-02-16,,0.52,,pre-market,,,,,,,,,,,,,8.3333,,,,,,,,,,,,
2010-03-31,WM,,,,,,,,,,,,,,,,,,,,,,,,,,,,,,,,,,,,,,-0.02,,,0.43,,,,,,,,,,,,,,,,,,,,,,,,,,,,,,,,,,,,,,,,,,,,,,,,,2010-04-29,,0.41,,pre-market,,,,,,,,,,,,,-4.6512,,,,,,,,,,,,
2010-06-30,WM,,,,,,,,,,,,,,,,,,,,,,,,,,,,,,,,,,,,,,0.0,,,0.54,,,,,,,,,,,,,,,,,,,,,,,,,,,,,,,,,,,,,,,,,,,,,,,,,2010-07-29,,0.54,,pre-market,,,,,,,,,,,,,0.0,,,,,,,,,,,,
2010-09-30,WM,,,,,,,,,,,,,,,,,,,,,,,,,,,,,,,,,,,,,,-0.03,,,0.58,,,,,,,,,,,,,,,,,,,,,,,,,,,,,,,,,,,,,,,,,,,,,,,,,2010-10-28,,0.55,,pre-market,,,,,,,,,,,,,-5.1724,,,,,,,,,,,,
2010-12-31,WM,,,,,,,,,,,,,,,,,,,,,,,,,,,,,,,,,,,,,,0.06,,,0.54,,,,,,,,,,,,,,,,,,,,,,,,,,,,,,,,,,,,,,,,,,,,,,,,,2011-02-17,,0.6,,pre-market,,,,,,,,,,,,,11.1111,,,,,,,,,,,,
2011-03-31,WM,,,,,,,,,,,,,,,,,,,,,,,,,,,,,,,,,,,,,,-0.02,,,0.41,,,,,,,,,,,,,,,,,,,,,,,,,,,,,,,,,,,,,,,,,,,,,,,,,2011-04-28,,0.39,,pre-market,,,,,,,,,,,,,-4.878,,,,,,,,,,,,
2011-06-30,WM,,,,,,,,,,,,,,,,,,,,,,,,,,,,,,,,,,,,,,-0.05,,,0.55,,,,,,,,,,,,,,,,,,,,,,,,,,,,,,,,,,,,,,,,,,,,,,,,,2011-07-28,,0.5,,pre-market,,,,,,,,,,,,,-9.0909,,,,,,,,,,,,
2011-09-30,WM,,,,,,,,,,,,,,,,,,,,,,,,,,,,,,,,,,,,,,0.02,,,0.61,,,,,,,,,,,,,,,,,,,,,,,,,,,,,,,,,,,,,,,,,,,,,,,,,2011-10-27,,0.63,,pre-market,,,,,,,,,,,,,3.2787,,,,,,,,,,,,
2011-12-31,WM,,,,,,,,,,,,,,,,,,,,,,,,,,,,,,,,,,,,,,0.0,,,0.6,,,,,,,,,,,,,,,,,,,,,,,,,,,,,,,,,,,,,,,,,,,,,,,,,2012-02-16,,0.6,,pre-market,,,,,,,,,,,,,0.0,,,,,,,,,,,,
2012-03-31,WM,,,,,,,,,,,,,,,,,,,,,,,,,,,,,,,,,,,,,,-0.02,,,0.4,,,,,,,,,,,,,,,,,,,,,,,,,,,,,,,,,,,,,,,,,,,,,,,,,2012-04-26,,0.38,,pre-market,,,,,,,,,,,,,-5.0,,,,,,,,,,,,
2012-06-30,WM,,,,,,,,,,,,,,,,,,,,,,,,,,,,,,,,,,,,,,0.0,,,0.52,,,,,,,,,,,,,,,,,,,,,,,,,,,,,,,,,,,,,,,,,,,,,,,,,2012-07-26,,0.52,,pre-market,,,,,,,,,,,,,0.0,,,,,,,,,,,,
2012-09-30,WM,,,,,,,,,,,,,,,,,,,,,,,,,,,,,,,,,,,,,,0.01,,,0.6,,,,,,,,,,,,,,,,,,,,,,,,,,,,,,,,,,,,,,,,,,,,,,,,,2012-10-31,,0.61,,pre-market,,,,,,,,,,,,,1.6667,,,,,,,,,,,,
2012-12-31,WM,,,,,,,,,,,,,,,,,,,,,,,,,,,,,,,,,,,,,,-0.03,,,0.6,,,,,,,,,,,,,,,,,,,,,,,,,,,,,,,,,,,,,,,,,,,,,,,,,2013-02-14,,0.57,,pre-market,,,,,,,,,,,,,-5.0,,,,,,,,,,,,
2013-03-31,WM,,,,,,,,,,,,,,,,,,,,,,,,,,,,,,,,,,,,,,-0.01,,,0.41,,,,,,,,,,,,,,,,,,,,,,,,,,,,,,,,,,,,,,,,,,,,,,,,,2013-04-24,,0.4,,pre-market,,,,,,,,,,,,,-2.439,,,,,,,,,,,,
2013-06-30,WM,,,,,,,,,,,,,,,,,,,,,,,,,,,,,,,,,,,,,,-0.01,,,0.55,,,,,,,,,,,,,,,,,,,,,,,,,,,,,,,,,,,,,,,,,,,,,,,,,2013-07-30,,0.54,,pre-market,,,,,,,,,,,,,-1.8182,,,,,,,,,,,,
2013-09-30,WM,,,,,,,,,,,,,,,,,,,,,,,,,,,,,,,,,,,,,,0.03,,,0.62,,,,,,,,,,,,,,,,,,,,,,,,,,,,,,,,,,,,,,,,,,,,,,,,,2013-10-29,,0.65,,pre-market,,,,,,,,,,,,,4.8387,,,,,,,,,,,,
2013-12-31,WM,,,,,,,,,,,,,,,,,,,,,,,,,,,,,,,,,,,,,,-0.05,,,0.61,,,,,,,,,,,,,,,,,,,,,,,,,,,,,,,,,,,,,,,,,,,,,,,,,2014-02-18,,0.56,,pre-market,,,,,,,,,,,,,-8.1967,,,,,,,,,,,,
2014-03-31,WM,,,,,,,,,,,,,,,,,,,,,,,,,,,,,,,,,,,,,,0.05,,,0.44,,,,,,,,,,,,,,,,,,,,,,,,,,,,,,,,,,,,,,,,,,,,,,,,,2014-04-24,,0.49,,pre-market,,,,,,,,,,,,,11.3636,,,,,,,,,,,,
2014-06-30,WM,,,,,,,,,,,,,,,,,,,,,,,,,,,,,,,,,,,,,,0.01,,,0.59,,,,,,,,,,,,,,,,,,,,,,,,,,,,,,,,,,,,,,,,,,,,,,,,,2014-07-29,,0.6,,pre-market,,,,,,,,,,,,,1.6949,,,,,,,,,,,,
2014-09-30,WM,,,,,,,,,,,,,,,,,,,,,,,,,,,,,,,,,,,,,,0.04,,,0.68,,,,,,,,,,,,,,,,,,,,,,,,,,,,,,,,,,,,,,,,,,,,,,,,,2014-10-29,,0.72,,pre-market,,,,,,,,,,,,,5.8824,,,,,,,,,,,,
2014-12-31,WM,,,,,,,,,,,,,,,,,,,,,,,,,,,,,,,,,,,,,,0.07,,,0.6,,,,,,,,,,,,,,,,,,,,,,,,,,,,,,,,,,,,,,,,,,,,,,,,,2015-02-17,,0.67,,pre-market,,,,,,,,,,,,,11.6667,,,,,,,,,,,,
2015-03-31,WM,,,,,,,,,,,,,,,,,,,,,,,,,,,,,,,,,,,,,,0.01,,,0.48,,,,,,,,,,,,,,,,,,,,,,,,,,,,,,,,,,,,,,,,,,,,,,,,,2015-04-29,,0.49,,pre-market,,,,,,,,,,,,,2.0833,,,,,,,,,,,,
2015-06-30,WM,,,,,,,,,,,,,,,,,,,,,,,,,,,,,,,,,,,,,,0.04,,,0.63,,,,,,,,,,,,,,,,,,,,,,,,,,,,,,,,,,,,,,,,,,,,,,,,,2015-07-23,,0.67,,pre-market,,,,,,,,,,,,,6.3492,,,,,,,,,,,,
2015-09-30,WM,,,,,,,,,,,,,,,,,,,,,,,,,,,,,,,,,,,,,,0.04,,,0.71,,,,,,,,,,,,,,,,,,,,,,,,,,,,,,,,,,,,,,,,,,,,,,,,,2015-10-27,,0.75,,pre-market,,,,,,,,,,,,,5.6338,,,,,,,,,,,,
2015-12-31,WM,,,,,,,,,,,,,,,,,,,,,,,,,,,,,,,,,,,,,,0.03,,,0.68,,,,,,,,,,,,,,,,,,,,,,,,,,,,,,,,,,,,,,,,,,,,,,,,,2016-02-18,,0.71,,pre-market,,,,,,,,,,,,,4.4118,,,,,,,,,,,,
2016-03-31,WM,,,,,,,,,,,,,,,,,,,,,,,,,,,,,,,,,,,,,,0.03,,,0.55,,,,,,,,,,,,,,,,,,,,,,,,,,,,,,,,,,,,,,,,,,,,,,,,,2016-04-28,,0.58,,pre-market,,,,,,,,,,,,,5.4545,,,,,,,,,,,,
2016-06-30,WM,,,,,,,,,,,,,,,,,,,,,,,,,,,,,,,,,,,,,,0.03,,,0.71,,,,,,,,,,,,,,,,,,,,,,,,,,,,,,,,,,,,,,,,,,,,,,,,,2016-07-27,,0.74,,pre-market,,,,,,,,,,,,,4.2254,,,,,,,,,,,,
2016-09-30,WM,,,,,,,,,,,,,,,,,,,,,,,,,,,,,,,,,,,,,,0.04,,,0.8,,,,,,,,,,,,,,,,,,,,,,,,,,,,,,,,,,,,,,,,,,,,,,,,,2016-10-26,,0.84,,pre-market,,,,,,,,,,,,,5.0,,,,,,,,,,,,
2016-12-31,WM,,,,,,,,,,,,,,,,,,,,,,,,,,,,,,,,,,,,,,-0.01,,,0.77,,,,,,,,,,,,,,,,,,,,,,,,,,,,,,,,,,,,,,,,,,,,,,,,,2017-02-16,,0.76,,pre-market,,,,,,,,,,,,,-1.2987,,,,,,,,,,,,
2017-03-31,WM,,,,,,,,,,,,,,,,,,,,,,,,,,,,,,,,,,,,,,0.0,,,0.66,,,,,,,,,,,,,,,,,,,,,,,,,,,,,,,,,,,,,,,,,,,,,,,,,2017-04-26,,0.66,,pre-market,,,,,,,,,,,,,0.0,,,,,,,,,,,,
2017-06-30,WM,,,,,,,,,,,,,,,,,,,,,,,,,,,,,,,,,,,,,,0.01,,,0.81,,,,,,,,,,,,,,,,,,,,,,,,,,,,,,,,,,,,,,,,,,,,,,,,,2017-07-26,,0.82,,pre-market,,,,,,,,,,,,,1.2346,,,,,,,,,,,,
2017-09-30,WM,,,,,,,,,,,,,,,,,,,,,,,,,,,,,,,,,,,,,,0.01,,,0.88,,,,,,,,,,,,,,,,,,,,,,,,,,,,,,,,,,,,,,,,,,,,,,,,,2017-10-26,,0.89,,pre-market,,,,,,,,,,,,,1.1364,,,,,,,,,,,,
2017-12-31,WM,,,,,,,,,,,,,,,,,,,,,,,,,,,,,,,,,,,,,,0.02,,,0.83,,,,,,,,,,,,,,,,,,,,,,,,,,,,,,,,,,,,,,,,,,,,,,,,,2018-02-15,,0.85,,pre-market,,,,,,,,,,,,,2.4096,,,,,,,,,,,,
2018-03-31,WM,,,,,,,,,,,,,,,,,,,,,,,,,,,,,,,,,,,,,,0.08,,,0.83,,,,,,,,,,,,,,,,,,,,,,,,,,,,,,,,,,,,,,,,,,,,,,,,,2018-04-20,,0.91,,pre-market,,,,,,,,,,,,,9.6386,,,,,,,,,,,,
2018-06-30,WM,,,,,,,,,,,,,,,,,,,,,,,,,,,,,,,,,,,,,,0.02,,,0.99,,,,,,,,,,,,,,,,,,,,,,,,,,,,,,,,,,,,,,,,,,,,,,,,,2018-07-25,,1.01,,pre-market,,,,,,,,,,,,,2.0202,,,,,,,,,,,,
2018-09-30,WM,,,,,,,,,,,,,,,,,,,,,,,,,,,,,,,,,,,,,,0.04,,,1.11,,,,,,,,,,,,,,,,,,,,,,,,,,,,,,,,,,,,,,,,,,,,,,,,,2018-10-25,,1.15,,pre-market,,,,,,,,,,,,,3.6036,,,,,,,,,,,,
2018-12-31,WM,,,,,,,,,,,,,,,,,,,,,,,,,,,,,,,,,,,,,,0.07,,,1.06,,,,,,,,,,,,,,,,,,,,,,,,,,,,,,,,,,,,,,,,,,,,,,,,,2019-02-14,,1.13,,pre-market,,,,,,,,,,,,,6.6038,,,,,,,,,,,,
2019-03-31,WM,,,,,,,,,,,,,,,,,,,,,,,,,,,,,,,,,,,,,,0.02,,,0.92,,,,,,,,,,,,,,,,,,,,,,,,,,,,,,,,,,,,,,,,,,,,,,,,,2019-04-25,,0.94,,pre-market,,,,,,,,,,,,,2.1739,,,,,,,,,,,,
2019-06-30,WM,,,,,,,,,,,,,,,,,,,,,,,,,,,,,,,,,,,,,,0.03,,,1.08,,,,,,,,,,,,,,,,,,,,,,,,,,,,,,,,,,,,,,,,,,,,,,,,,2019-07-25,,1.11,,pre-market,,,,,,,,,,,,,2.7778,,,,,,,,,,,,
2019-09-30,WM,,,,,,,,,,,,,,,,,,,,,,,,,,,,,,,,,,,,,,0.05,,,1.14,,,,,,,,,,,,,,,,,,,,,,,,,,,,,,,,,,,,,,,,,,,,,,,,,2019-10-23,,1.19,,pre-market,,,,,,,,,,,,,4.386,,,,,,,,,,,,
2019-12-31,WM,,,,,,,,,,,,,,,,,,,,,,,,,,,,,,,,,,,,,,0.04,,,1.15,,,,,,,,,,,,,,,,,,,,,,,,,,,,,,,,,,,,,,,,,,,,,,,,,2020-02-13,,1.19,,pre-market,,,,,,,,,,,,,3.4783,,,,,,,,,,,,
2020-03-31,WM,,,,,,,,,,,,,,,,,,,,,,,,,,,,,,,,,,,,,,0.01,,,0.92,,,,,,,,,,,,,,,,,,,,,,,,,,,,,,,,,,,,,,,,,,,,,,,,,2020-05-06,,0.93,,pre-market,,,,,,,,,,,,,1.087,,,,,,,,,,,,
2020-06-30,WM,,,,,,,,,,,,,,,,,,,,,,,,,,,,,,,,,,,,,,0.07,,,0.81,,,,,,,,,,,,,,,,,,,,,,,,,,,,,,,,,,,,,,,,,,,,,,,,,2020-07-30,,0.88,,pre-market,,,,,,,,,,,,,8.642,,,,,,,,,,,,
2020-09-30,WM,,,,,,,,,,,,,,,,,,,,,,,,,,,,,,,,,,,,,,0.07,,,1.02,,,,,,,,,,,,,,,,,,,,,,,,,,,,,,,,,,,,,,,,,,,,,,,,,2020-11-02,,1.09,,pre-market,,,,,,,,,,,,,6.8627,,,,,,,,,,,,
2020-12-31,WM,,,,,,,,,,,,,,,,,,,,,,,,,,,,,,,,,,,,,,0.04,,,1.09,,,,,,,,,,,,,,,,,,,,,,,,,,,,,,,,,,,,,,,,,,,,,,,,,2021-02-18,,1.13,,pre-market,,,,,,,,,,,,,3.6697,,,,,,,,,,,,
2021-03-31,WM,,,,,,,,,,,,,,,,,,,,,,,,,,,,,,,,,,,,,,0.05,,,1.01,,,,,,,,,,,,,,,,,,,,,,,,,,,,,,,,,,,,,,,,,,,,,,,,,2021-04-27,,1.06,,pre-market,,,,,,,,,,,,,4.9505,,,,,,,,,,,,
2021-06-30,WM,,,,,,,,,,,,,,,,,,,,,,,,,,,,,,,,,,,,,,0.08,,,1.19,,,,,,,,,,,,,,,,,,,,,,,,,,,,,,,,,,,,,,,,,,,,,,,,,2021-07-27,,1.27,,pre-market,,,,,,,,,,,,,6.7227,,,,,,,,,,,,
2021-09-30,WM,,,,,,,,,,,,,,,,,,,,,,,,,,,,,,,,,,,,,,-0.1,,,1.36,,,,,,,,,,,,,,,,,,,,,,,,,,,,,,,,,,,,,,,,,,,,,,,,,2021-10-26,,1.26,,pre-market,,,,,,,,,,,,,-7.3529,,,,,,,,,,,,
2021-12-31,WM,,,,,,,,,,,,,,,,,,,,,,,,,,,,,,,,,,,,,,0.0,,,1.26,,,,,,,,,,,,,,,,,,,,,,,,,,,,,,,,,,,,,,,,,,,,,,,,,2022-02-02,,1.26,,pre-market,,,,,,,,,,,,,0.0,,,,,,,,,,,,
2022-03-31,WM,,,,,,,,,,,,,,,,,,,,,,,,,,,,,,,,,,,,,,0.15,,,1.14,,,,,,,,,,,,,,,,,,,,,,,,,,,,,,,,,,,,,,,,,,,,,,,,,2022-04-26,,1.29,,pre-market,,,,,,,,,,,,,13.1579,,,,,,,,,,,,
2022-06-30,WM,,,,,,,,,,,,,,,,,,,,,,,,,,,,,,,,,,,,,,0.04,,,1.4,,,,,,,,,,,,,,,,,,,,,,,,,,,,,,,,,,,,,,,,,,,,,,,,,2022-07-27,,1.44,,pre-market,,,,,,,,,,,,,2.8571,,,,,,,,,,,,
2022-09-30,WM,,,,,,,,,,,,,,,,,,,,,,,,,,,,,,,,,,,,,,0.05,,,1.51,,,,,,,,,,,,,,,,,,,,,,,,,,,,,,,,,,,,,,,,,,,,,,,,,2022-10-26,,1.56,,pre-market,,,,,,,,,,,,,3.3113,,,,,,,,,,,,
2022-12-31,WM,,,,,,,,,,,,,,,,,,,,,,,,,,,,,,,,,,,,,,-0.11,,,1.41,,,,,,,,,,,,,,,,,,,,,,,,,,,,,,,,,,,,,,,,,,,,,,,,,2023-01-31,,1.3,,post-market,,,,,,,,,,,,,-7.8014,,,,,,,,,,,,
2023-03-31,WM,,,,,,,,,,,,,,,,,,,,,,,,,,,,,,,,,,,,,,0.02,,,1.29,,,,,,,,,,,,,,,,,,,,,,,,,,,,,,,,,,,,,,,,,,,,,,,,,2023-04-26,,1.31,,post-market,,,,,,,,,,,,,1.5504,,,,,,,,,,,,
2023-06-30,WM,,,,,,,,,,,,,,,,,,,,,,,,,,,,,,,,,,,,,,-0.03,,,1.54,,,,,,,,,,,,,,,,,,,,,,,,,,,,,,,,,,,,,,,,,,,,,,,,,2023-07-25,,1.51,,post-market,,,,,,,,,,,,,-1.9481,,,,,,,,,,,,
2023-09-30,WM,,,,,,,,,,,,,,,,,,,,,,,,,,,,,,,,,,,,,,0.02,,,1.61,,,,,,,,,,,,,,,,,,,,,,,,,,,,,,,,,,,,,,,,,,,,,,,,,2023-10-24,,1.63,,post-market,,,,,,,,,,,,,1.2422,,,,,,,,,,,,
2023-12-31,WM,,,,,,,,,,,,,,,,,,,,,,,,,,,,,,,,,,,,,,0.21,,,1.53,,,,,,,,,,,,,,,,,,,,,,,,,,,,,,,,,,,,,,,,,,,,,,,,,2024-02-12,,1.74,,post-market,,,,,,,,,,,,,13.7255,,,,,,,,,,,,
2024-03-31,WM,,,,,,,,,,,,,,,,,,,,,,,,,,,,,,,,,,,,,,0.24,,,1.51,,,,,,,,,,,,,,,,,,,,,,,,,,,,,,,,,,,,,,,,,,,,,,,,,2024-04-24,,1.75,,post-market,,,,,,,,,,,,,15.894,,,,,,,,,,,,
2024-06-30,WM,,,,,,,,,,,,,,,,,,,,,,,,,,,,,,,,,,,,,,-0.01,,,1.83,,,,,,,,,,,,,,,,,,,,,,,,,,,,,,,,,,,,,,,,,,,,,,,,,2024-07-24,,1.82,,post-market,,,,,,,,,,,,,-0.5464,,,,,,,,,,,,
2024-09-30,WM,,,,,,,,,,,,,,,,,,,,,,,,,,,,,,,,,,,,,,0.08,,,1.88,,,,,,,,,,,,,,,,,,,,,,,,,,,,,,,,,,,,,,,,,,,,,,,,,2024-10-28,,1.96,,post-market,,,,,,,,,,,,,4.2553,,,,,,,,,,,,
2024-12-31,WM,,,,,,,,,,,,,,,,,,,,,,,,,,,,,,,,,,,,,,-0.1,,,1.8,,,,,,,,,,,,,,,,,,,,,,,,,,,,,,,,,,,,,,,,,,,,,,,,,2025-01-29,,1.7,,post-market,,,,,,,,,,,,,-5.5556,,,,,,,,,,,,
2025-03-31,WM,,,,,,,,,,,,,,,,,,,,,,,,,,,,,,,,,,,,,,0.08,,,1.59,,,,,,,,,,,,,,,,,,,,,,,,,,,,,,,,,,,,,,,,,,,,,,,,,2025-04-28,,1.67,,post-market,,,,,,,,,,,,,5.0314,,,,,,,,,,,,
2025-06-30,WM,,,,,,,,,,,,,,,,,,,,,,,,,,,,,,,,,,,,,,0.03,,,1.89,,,,,,,,,,,,,,,,,,,,,,,,,,,,,,,,,,,,,,,,,,,,,,,,,2025-07-28,,1.92,,post-market,,,,,,,,,,,,,1.5873,,,,,,,,,,,,
2025-09-30,WM,,,,,,,,,,,,,,,,,,,,,,,,,,,,,,,,,,,,,,-0.05,,,2.03,,,,,,,,,,,,,,,,,,,,,,,,,,,,,,,,,,,,,,,,,,,,,,,,,2025-10-28,,1.98,,post-market,,,,,,,,,,,,,-2.4631,,,,,,,,,,,,
2025-12-28,WM,6.35,24783999000.0,34.82,,0.586,23.63,,,,,,,,,,,,,,,,,,,,,,,,,,3.225,0.0146,,,,-0.207,-0.05,,,2.03,,26.32,,9912001000.0,,,,,,,,,,,,,,,,,,,0.189,,,,,,,,,,,,,2.619,9.36,3.594,,,,,,,,0.103,,,2025-10-28,,1.98,,post-market,,,0.0705,0.293,0.149,61.6,,,,,223.64,211.44,-2.4631,,,,,,,,,34.82,,239.91,193.36
2025-12-28,WM,6.35,24783999000.0,34.82,,0.586,23.63,,,,,,,,,,,,,,,None,4562000000,4562000000,,,,,,None,729000000,,3.225,0.0146,,,,-0.207,-0.05,1000000000,1729000000,2.03,2025-09-30,26.32,,9912001000.0,1881000000,775000000,172000000,,,None,225000000,221000000,,None,,,,,603000000,603000000,-225000000,None,0.189,,665000000,1216000000,,,,,None,,,,,2.619,9.36,3.594,,,,,,,,0.103,,,2025-10-28,quarterly,1.98,USD,post-market,None,,0.0705,0.293,0.149,61.6,647000000,,,,223.64,211.44,-2.4631,,,,,,,6443000000,,34.82,,239.91,193.36
2025-12-28,WM,6.35,24783999000.0,34.82,,0.586,23.63,,,,,,,,,,,,,,,None,4547000000,4547000000,,,,,,None,744000000,,3.225,0.0146,,,,-0.207,-0.05,1160000000,1904000000,2.03,2025-06-30,26.32,,9912001000.0,1883000000,928000000,201000000,,,None,232000000,230000000,,None,,,,,726000000,727000000,-232000000,None,0.189,,696000000,1187000000,,,,,None,,,,,2.619,9.36,3.594,,,,,,,,0.103,,,2025-10-28,quarterly,1.98,USD,post-market,None,,0.0705,0.293,0.149,61.6,672000000,,,,223.64,211.44,-2.4631,,,,,,,6430000000,,34.82,,239.91,193.36
2025-12-28,WM,6.35,24783999000.0,34.82,,0.586,23.63,,,,,,,,,,,,,,,None,4303000000,4303000000,,,,,,None,691000000,,3.225,0.0146,,,,-0.207,-0.05,1020000000,1711000000,2.03,2025-03-31,26.32,,9912001000.0,1715000000,788000000,151000000,,,None,232000000,227000000,,None,,,,,637000000,637000000,-232000000,None,0.189,,687000000,1028000000,,,,,None,,,,,2.619,9.36,3.594,,,,,,,,0.103,,,2025-10-28,quarterly,1.98,USD,post-market,None,,0.0705,0.293,0.149,61.6,668000000,,,,223.64,211.44,-2.4631,,,,,,,6018000000,,34.82,,239.91,193.36
2025-12-28,WM,6.35,24783999000.0,34.82,,0.586,23.63,,,,,,,,,,,,,,,None,4205000000,4205000000,,,,,,None,686000000,,3.225,0.0146,,,,-0.207,-0.05,901000000,1587000000,2.03,2024-12-31,26.32,,9912001000.0,1688000000,700000000,102000000,,,None,201000000,201000000,,None,,,,,598000000,598000000,-201000000,None,0.189,,747000000,941000000,,,,,None,,,,,2.619,9.36,3.594,,,,,,,,0.103,,,2025-10-28,quarterly,1.98,USD,post-market,None,,0.0705,0.293,0.149,61.6,733000000,,,,223.64,211.44,-2.4631,,,,,,,5893000000,,34.82,,239.91,193.36
2025-12-28,WM,6.35,24783999000.0,34.82,,0.586,23.63,,,,,,,,,,,,,,,None,3957000000,3957000000,,,,,,None,591000000,,3.225,0.0146,,,,-0.207,-0.05,1126000000,1717000000,2.03,2024-09-30,26.32,,9912001000.0,1652000000,995000000,235000000,,,None,131000000,130000000,,None,,,,,760000000,760000000,-131000000,None,0.189,,525000000,1127000000,,,,,None,,,,,2.619,9.36,3.594,,,,,,,,0.103,,,2025-10-28,quarterly,1.98,USD,post-market,None,,0.0705,0.293,0.149,61.6,514000000,,,,223.64,211.44,-2.4631,,,,,,,5609000000,,34.82,,239.91,193.36
2025-12-28,WM,6.35,24783999000.0,34.82,,0.586,23.63,,,,,,,,,,,,,,,None,3834000000,3834000000,,,,,,None,576000000,,3.225,0.0146,,,,-0.207,-0.05,1030000000,1606000000,2.03,2024-06-30,26.32,,9912001000.0,1568000000,894000000,214000000,,,None,136000000,None,,None,,,,,680000000,680000000,-136000000,None,0.189,,501000000,1067000000,,,,,None,,,,,2.619,9.36,3.594,,,,,,,,0.103,,,2025-10-28,quarterly,1.98,USD,post-market,None,,0.0705,0.293,0.149,61.6,485000000,,,,223.64,211.44,-2.4631,,,,,,,5402000000,,34.82,,239.91,193.36
2025-12-28,WM,6.35,24783999000.0,34.82,,0.586,23.63,,,,,,,,,,,,,,,None,3654000000,3654000000,,,,,,None,547000000,,3.225,0.0146,,,,-0.207,-0.05,999000000,1546000000,2.03,2024-03-31,26.32,,9912001000.0,1505000000,869000000,162000000,,,None,130000000,None,,None,,,,,708000000,707000000,-130000000,None,0.189,,491000000,1014000000,,,,,None,,,,,2.619,9.36,3.594,,,,,,,,0.103,,,2025-10-28,quarterly,1.98,USD,post-market,None,,0.0705,0.293,0.149,61.6,481000000,,,,223.64,211.44,-2.4631,,,,,,,5159000000,,34.82,,239.91,193.36
2025-12-28,WM,6.35,24783999000.0,34.82,,0.586,23.63,,,,,,,,,,,,,,,None,3672000000,3672000000,,,,,,None,559000000,,3.225,0.0146,,,,-0.207,-0.05,772000000,1331000000,2.03,2023-12-31,26.32,,9912001000.0,1545000000,644000000,175000000,,,None,128000000,None,,None,,,,,493000000,469000000,-128000000,None,0.189,,513000000,1032000000,,,,,None,,,,,2.619,9.36,3.594,,,,,,,,0.103,,,2025-10-28,quarterly,1.98,USD,post-market,None,,0.0705,0.293,0.149,61.6,493000000,,,,223.64,211.44,-2.4631,,,,,,,5217000000,,34.82,,239.91,193.36
2025-12-28,WM,6.35,24783999000.0,34.82,,0.586,23.63,,,,,,,,,,,,,,,None,3707000000,3707000000,,,,,,None,551000000,,3.225,0.0146,,,,-0.207,-0.05,999000000,1550000000,2.03,2023-09-30,26.32,,9912001000.0,1491000000,872000000,210000000,,,None,127000000,145000000,,None,,,,,663000000,662000000,-127000000,None,0.189,,470000000,1021000000,,,,,None,,,,,2.619,9.36,3.594,,,,,,,,0.103,,,2025-10-28,quarterly,1.98,USD,post-market,None,,0.0705,0.293,0.149,61.6,454000000,,,,223.64,211.44,-2.4631,,,,,,,5198000000,,34.82,,239.91,193.36
2025-12-28,WM,6.35,24783999000.0,34.82,,0.586,23.63,,,,,,,,,,,,,,,None,3707000000,3707000000,,,,,,None,554000000,,3.225,0.0146,,,,-0.207,-0.05,934000000,1488000000,2.03,2023-06-30,26.32,,9912001000.0,1412000000,809000000,196000000,,,None,125000000,137000000,,None,,,,,615000000,613000000,-125000000,None,0.189,,467000000,945000000,,,,,-135000000,,,,,2.619,9.36,3.594,,,,,,,,0.103,,,2025-10-28,quarterly,1.98,USD,post-market,None,,0.0705,0.293,0.149,61.6,456000000,,,,223.64,211.44,-2.4631,,,,,,,5119000000,,34.82,,239.91,193.36
2025-12-28,WM,6.35,24783999000.0,34.82,,0.586,23.63,,,,,,,,,,,,,,,None,3591000000,3591000000,,,,,,None,537000000,,3.225,0.0146,,,,-0.207,-0.05,816000000,1353000000,2.03,2023-03-31,26.32,,9912001000.0,1301000000,696000000,164000000,,,None,120000000,131000000,,None,,,,,533000000,532000000,-120000000,None,0.189,,476000000,825000000,,,,,-129000000,,,,,2.619,9.36,3.594,,,,,,,,0.103,,,2025-10-28,quarterly,1.98,USD,post-market,None,,0.0705,0.293,0.149,61.6,467000000,,,,223.64,211.44,-2.4631,,,,,,,4892000000,,34.82,,239.91,193.36
2025-12-28,WM,6.35,24783999000.0,34.82,,0.586,23.63,,,,,,,,,,,,,,,None,3638000000,3638000000,,,,,,None,573000000,,3.225,0.0146,,,,-0.207,-0.05,752000000,1325000000,2.03,2022-12-31,26.32,,9912001000.0,1297000000,643000000,143000000,,,None,109000000,127000000,,None,,,,,499000000,500000000,-109000000,None,0.189,,487000000,810000000,,,,,-122000000,,,,,2.619,9.36,3.594,,,,,,,,0.103,,,2025-10-28,quarterly,1.98,USD,post-market,None,,0.0705,0.293,0.149,61.6,473000000,,,,223.64,211.44,-2.4631,,,,,,,4935000000,,34.82,,239.91,193.36
2025-12-28,WM,6.35,24783999000.0,34.82,,0.586,23.63,,,,,,,,,,,,,,,None,3659000000,3659000000,,,,,,None,532000000,,3.225,0.0146,,,,-0.207,-0.05,919000000,1451000000,2.03,2022-09-30,26.32,,9912001000.0,1416000000,828000000,189000000,,,None,91000000,108000000,,None,,,,,639000000,639000000,-91000000,None,0.189,,473000000,943000000,,,,,-114000000,,,,,2.619,9.36,3.594,,,,,,,,0.103,,,2025-10-28,quarterly,1.98,USD,post-market,None,,0.0705,0.293,0.149,61.6,461000000,,,,223.64,211.44,-2.4631,,,,,,,5075000000,,34.82,,239.91,193.36
2025-12-28,WM,6.35,24783999000.0,34.82,,0.586,23.63,,,,,,,,,,,,,,,None,3650000000,3650000000,,,,,,None,535000000,,3.225,0.0146,,,,-0.207,-0.05,869000000,1404000000,2.03,2022-06-30,26.32,,9912001000.0,1377000000,776000000,189000000,,,None,93000000,110000000,,None,,,,,587000000,587000000,-93000000,None,0.189,,487000000,890000000,,,,,-114000000,,,,,2.619,9.36,3.594,,,,,,,,0.103,,,2025-10-28,quarterly,1.98,USD,post-market,None,,0.0705,0.293,0.149,61.6,473000000,,,,223.64,211.44,-2.4631,,,,,,,5027000000,,34.82,,239.91,193.36
2025-12-28,WM,6.35,24783999000.0,34.82,,0.586,23.63,,,,,,,,,,,,,,,None,3385000000,3385000000,,,,,,None,510000000,,3.225,0.0146,,,,-0.207,-0.05,756000000,1266000000,2.03,2022-03-31,26.32,,9912001000.0,1276000000,671000000,157000000,,,None,85000000,100000000,,None,,,,,513000000,514000000,-85000000,None,0.189,,491000000,785000000,,,,,-97000000,,,,,2.619,9.36,3.594,,,,,,,,0.103,,,2025-10-28,quarterly,1.98,USD,post-market,None,,0.0705,0.293,0.149,61.6,481000000,,,,223.64,211.44,-2.4631,,,,,,,4661000000,,34.82,,239.91,193.36
2025-12-28,WM,6.35,24783999000.0,34.82,,0.586,23.63,,,,,,,,,,,,,,,None,3465000000,3465000000,,,,,,None,539000000,,3.225,0.0146,,,,-0.207,-0.05,725000000,1264000000,2.03,2021-12-31,26.32,,9912001000.0,1213000000,642000000,136000000,,,None,83000000,85000000,,None,,,,,506000000,506000000,-83000000,None,0.189,,492000000,721000000,,,,,-76000000,,,,,2.619,9.36,3.594,,,,,,,,0.103,,,2025-10-28,quarterly,1.98,USD,post-market,None,,0.0705,0.293,0.149,61.6,483000000,,,,223.64,211.44,-2.4631,,,,,,,4678000000,,34.82,,239.91,193.36
2025-12-28,WM,6.35,24783999000.0,34.82,,0.586,23.63,,,,,,,,,,,,,,,None,3423000000,3423000000,,,,,,None,546000000,,3.225,0.0146,,,,-0.207,-0.05,793000000,1339000000,2.03,2021-09-30,26.32,,9912001000.0,1242000000,706000000,167000000,,,None,87000000,101000000,,None,,,,,538000000,539000000,-87000000,None,0.189,,469000000,773000000,,,,,-100000000,,,,,2.619,9.36,3.594,,,,,,,,0.103,,,2025-10-28,quarterly,1.98,USD,post-market,None,,0.0705,0.293,0.149,61.6,458000000,,,,223.64,211.44,-2.4631,,,,,,,4665000000,,34.82,,239.91,193.36
2025-12-28,WM,6.35,24783999000.0,34.82,,0.586,23.63,,,,,,,,,,,,,,,None,3236000000,3236000000,,,,,,None,527000000,,3.225,0.0146,,,,-0.207,-0.05,554000000,1081000000,2.03,2021-06-30,26.32,,9912001000.0,1240000000,456000000,105000000,,,None,98000000,109000000,,None,,,,,351000000,351000000,-98000000,None,0.189,,445000000,795000000,,,,,-335000000,,,,,2.619,9.36,3.594,,,,,,,,0.103,,,2025-10-28,quarterly,1.98,USD,post-market,None,,0.0705,0.293,0.149,61.6,438000000,,,,223.64,211.44,-2.4631,,,,,,,4476000000,,34.82,,239.91,193.36
2025-12-28,WM,6.35,24783999000.0,34.82,,0.586,23.63,,,,,,,,,,,,,,,None,2986000000,2986000000,,,,,,None,498000000,,3.225,0.0146,,,,-0.207,-0.05,642000000,1140000000,2.03,2021-03-31,26.32,,9912001000.0,1126000000,545000000,124000000,,,None,97000000,106000000,,None,,,,,421000000,421000000,-97000000,None,0.189,,458000000,668000000,,,,,-105000000,,,,,2.619,9.36,3.594,,,,,,,,0.103,,,2025-10-28,quarterly,1.98,USD,post-market,None,,0.0705,0.293,0.149,61.6,448000000,,,,223.64,211.44,-2.4631,,,,,,,4112000000,,34.82,,239.91,193.36
2025-12-28,WM,6.35,24783999000.0,34.82,,0.586,23.63,,,,,,,,,,,,,,,None,2936000000,2936000000,,,,,,None,464000000,,3.225,0.0146,,,,-0.207,-0.05,644000000,1108000000,2.03,2020-12-31,26.32,,9912001000.0,1131000000,547000000,109000000,,,None,97000000,109000000,,None,,,,,438000000,438000000,-97000000,None,0.189,,510000000,621000000,,,,,-107000000,,,,,2.619,9.36,3.594,,,,,,,,0.103,,,2025-10-28,quarterly,1.98,USD,post-market,None,,0.0705,0.293,0.149,61.6,496000000,,,,223.64,211.44,-2.4631,,,,,,,4067000000,,34.82,,239.91,193.36
2025-12-28,WM,6.35,24783999000.0,34.82,,0.586,23.63,,,,,,,,,,,,,,,None,2751000000,2751000000,,,,,,None,445000000,,3.225,0.0146,,,,-0.207,-0.05,613000000,1058000000,2.03,2020-09-30,26.32,,9912001000.0,1110000000,516000000,126000000,,,None,97000000,113000000,,None,,,,,390000000,390000000,-97000000,None,0.189,,416000000,694000000,,,,,-164000000,,,,,2.619,9.36,3.594,,,,,,,,0.103,,,2025-10-28,quarterly,1.98,USD,post-market,None,,0.0705,0.293,0.149,61.6,412000000,,,,223.64,211.44,-2.4631,,,,,,,3861000000,,34.82,,239.91,193.36
2025-12-28,WM,6.35,24783999000.0,34.82,,0.586,23.63,,,,,,,,,,,,,,,None,2594000000,2594000000,,,,,,None,439000000,,3.225,0.0146,,,,-0.207,-0.05,514000000,953000000,2.03,2020-06-30,26.32,,9912001000.0,967000000,395000000,88000000,,,None,119000000,133000000,,None,,,,,307000000,307000000,-119000000,None,0.189,,377000000,590000000,,,,,-132000000,,,,,2.619,9.36,3.594,,,,,,,,0.103,,,2025-10-28,quarterly,1.98,USD,post-market,None,,0.0705,0.293,0.149,61.6,355000000,,,,223.64,211.44,-2.4631,,,,,,,3561000000,,34.82,,239.91,193.36
2025-12-28,WM,6.35,24783999000.0,34.82,,0.586,23.63,,,,,,,,,,,,,,,None,2731000000,2731000000,,,,,,None,426000000,,3.225,0.0146,,,,-0.207,-0.05,547000000,973000000,2.03,2020-03-31,26.32,,9912001000.0,998000000,435000000,74000000,,,None,112000000,131000000,,None,,,,,361000000,361000000,-112000000,None,0.189,,425000000,573000000,,,,,-138000000,,,,,2.619,9.36,3.594,,,,,,,,0.103,,,2025-10-28,quarterly,1.98,USD,post-market,None,,0.0705,0.293,0.149,61.6,411000000,,,,223.64,211.44,-2.4631,,,,,,,3729000000,,34.82,,239.91,193.36
2025-12-28,WM,6.35,24783999000.0,34.82,,0.586,23.63,,,,,,,,,,,,,,,None,2709000000,2709000000,,,,,,None,421000000,,3.225,0.0146,,,,-0.207,-0.05,641000000,1062000000,2.03,2019-12-31,26.32,,9912001000.0,1137000000,531000000,84000000,,,None,110000000,126000000,,None,,,,,447000000,447000000,-110000000,None,0.189,,445000000,692000000,,,,,-124000000,,,,,2.619,9.36,3.594,,,,,,,,0.103,,,2025-10-28,quarterly,1.98,USD,post-market,None,,0.0705,0.293,0.149,61.6,433000000,,,,223.64,211.44,-2.4631,,,,,,,3846000000,,34.82,,239.91,193.36
2025-12-28,WM,6.35,24783999000.0,34.82,,0.586,23.63,,,,,,,,,,,,,,,None,2845000000,2845000000,,,,,,None,429000000,,3.225,0.0146,,,,-0.207,-0.05,720000000,1149000000,2.03,2019-09-30,26.32,,9912001000.0,1122000000,615000000,120000000,,,None,105000000,119000000,,None,,,,,495000000,495000000,-105000000,None,0.189,,386000000,736000000,,,,,-119000000,,,,,2.619,9.36,3.594,,,,,,,,0.103,,,2025-10-28,quarterly,1.98,USD,post-market,None,,0.0705,0.293,0.149,61.6,379000000,,,,223.64,211.44,-2.4631,,,,,,,3967000000,,34.82,,239.91,193.36
2025-12-28,WM,6.35,24783999000.0,34.82,,0.586,23.63,,,,,,,,,,,,,,,None,2852000000,2852000000,,,,,,None,433000000,,3.225,0.0146,,,,-0.207,-0.05,597000000,1030000000,2.03,2019-06-30,26.32,,9912001000.0,1094000000,497000000,115000000,,,None,100000000,116000000,,None,,,,,381000000,382000000,-100000000,None,0.189,,391000000,703000000,,,,,-199000000,,,,,2.619,9.36,3.594,,,,,,,,0.103,,,2025-10-28,quarterly,1.98,USD,post-market,None,,0.0705,0.293,0.149,61.6,381000000,,,,223.64,211.44,-2.4631,,,,,,,3946000000,,34.82,,239.91,193.36
2025-12-28,WM,6.35,24783999000.0,34.82,,0.586,23.63,,,,,,,,,,,,,,,None,2664000000,2664000000,,,,,,None,389000000,,3.225,0.0146,,,,-0.207,-0.05,558000000,947000000,2.03,2019-03-31,26.32,,9912001000.0,1032000000,462000000,115000000,,,None,96000000,105000000,,None,,,,,347000000,347000000,-96000000,None,0.189,,409000000,623000000,,,,,-159000000,,,,,2.619,9.36,3.594,,,,,,,,0.103,,,2025-10-28,quarterly,1.98,USD,post-market,None,,0.0705,0.293,0.149,61.6,400000000,,,,223.64,211.44,-2.4631,,,,,,,3696000000,,34.82,,239.91,193.36
2025-12-28,WM,6.35,24783999000.0,34.82,,0.586,23.63,,,,,,,,,,,,,,,None,2749000000,2749000000,,,,,,None,394000000,,3.225,0.0146,,,,-0.207,-0.05,756000000,1150000000,2.03,2018-12-31,26.32,,9912001000.0,1093000000,659000000,128000000,,,None,97000000,None,,None,,,,,531000000,531000000,None,None,0.189,,370000000,723000000,,,,,-108000000,,,,,2.619,9.36,3.594,,,,,,,,0.103,,,2025-10-28,quarterly,1.98,USD,post-market,0,,0.0705,0.293,0.149,61.6,351000000,,,,223.64,211.44,-2.4631,,,,,,,3842000000,,34.82,,239.91,193.36
2025-12-28,WM,6.35,24783999000.0,34.82,,0.586,23.63,,,,,,,,,,,,,,,None,2749000000,2749000000,,,,,,None,400000000,,3.225,0.0146,,,,-0.207,-0.05,690000000,1090000000,2.03,2018-09-30,26.32,,9912001000.0,1073000000,597000000,99000000,,,None,93000000,None,,None,,,,,499000000,498000000,None,None,0.189,,345000000,728000000,,,,,-102000000,,,,,2.619,9.36,3.594,,,,,,,,0.103,,,2025-10-28,quarterly,1.98,USD,post-market,0,,0.0705,0.293,0.149,61.6,332000000,,,,223.64,211.44,-2.4631,,,,,,,3822000000,,34.82,,239.91,193.36
2025-12-28,WM,6.35,24783999000.0,34.82,,0.586,23.63,,,,,,,,,,,,,,,None,2697000000,2697000000,,,,,,None,408000000,,3.225,0.0146,,,,-0.207,-0.05,702000000,1110000000,2.03,2018-06-30,26.32,,9912001000.0,1042000000,609000000,110000000,,,None,93000000,None,,None,,,,,499000000,499000000,None,None,0.189,,365000000,677000000,,,,,-106000000,,,,,2.619,9.36,3.594,,,,,,,,0.103,,,2025-10-28,quarterly,1.98,USD,post-market,0,,0.0705,0.293,0.149,61.6,355000000,,,,223.64,211.44,-2.4631,,,,,,,3739000000,,34.82,,239.91,193.36
2025-12-28,WM,6.35,24783999000.0,34.82,,0.586,23.63,,,,,,,,,,,,,,,None,2531000000,2531000000,,,,,,None,370000000,,3.225,0.0146,,,,-0.207,-0.05,602000000,972000000,2.03,2018-03-31,26.32,,9912001000.0,980000000,511000000,116000000,,,None,91000000,None,,None,,,,,396000000,395000000,None,None,0.189,,373000000,607000000,,,,,-97000000,,,,,2.619,9.36,3.594,,,,,,,,0.103,,,2025-10-28,quarterly,1.98,USD,post-market,0,,0.0705,0.293,0.149,61.6,362000000,,,,223.64,211.44,-2.4631,,,,,,,3511000000,,34.82,,239.91,193.36
2025-12-28,WM,6.35,24783999000.0,34.82,,0.586,23.63,,,,,,,,,,,,,,,None,2986000000,2986000000,,,,,,None,748000000,,3.225,0.0146,,,,-0.207,-0.05,294000000,1042000000,2.03,2017-12-31,26.32,,9912001000.0,666000000,584000000,-319000000,,,None,91000000,None,,None,,,,,903000000,903000000,None,None,0.189,,369000000,297000000,,,,,-120000000,,,,,2.619,9.36,3.594,,,,,,,,0.103,,,2025-10-28,quarterly,1.98,USD,post-market,0,,0.0705,0.293,0.149,61.6,357000000,,,,223.64,211.44,-2.4631,,,,,,,3652000000,,34.82,,239.91,193.36
2025-12-28,WM,6.35,24783999000.0,34.82,,0.586,23.63,,,,,,,,,,,,,,,None,2652000000,2652000000,,,,,,None,374000000,,3.225,0.0146,,,,-0.207,-0.05,692000000,1066000000,2.03,2017-09-30,26.32,,9912001000.0,1064000000,603000000,215000000,,,None,89000000,None,,None,,,,,386000000,388000000,None,None,0.189,,356000000,708000000,,,,,-98000000,,,,,2.619,9.36,3.594,,,,,,,,0.103,,,2025-10-28,quarterly,1.98,USD,post-market,0,,0.0705,0.293,0.149,61.6,346000000,,,,223.64,211.44,-2.4631,,,,,,,3716000000,,34.82,,239.91,193.36
2025-12-28,WM,6.35,24783999000.0,34.82,,0.586,23.63,,,,,,,,,,,,,,,None,2646000000,2646000000,,,,,,None,380000000,,3.225,0.0146,,,,-0.207,-0.05,660000000,1040000000,2.03,2017-06-30,26.32,,9912001000.0,1031000000,570000000,209000000,,,None,90000000,None,,None,,,,,362000000,361000000,None,None,0.189,,353000000,678000000,,,,,-103000000,,,,,2.619,9.36,3.594,,,,,,,,0.103,,,2025-10-28,quarterly,1.98,USD,post-market,0,,0.0705,0.293,0.149,61.6,343000000,,,,223.64,211.44,-2.4631,,,,,,,3677000000,,34.82,,239.91,193.36
2025-12-28,WM,6.35,24783999000.0,34.82,,0.586,23.63,,,,,,,,,,,,,,,None,2494000000,2494000000,,,,,,None,351000000,,3.225,0.0146,,,,-0.207,-0.05,523000000,874000000,2.03,2017-03-31,26.32,,9912001000.0,946000000,434000000,137000000,,,None,89000000,None,,None,,,,,298000000,297000000,None,None,0.189,,390000000,556000000,,,,,-124000000,,,,,2.619,9.36,3.594,,,,,,,,0.103,,,2025-10-28,quarterly,1.98,USD,post-market,0,,0.0705,0.293,0.149,61.6,380000000,,,,223.64,211.44,-2.4631,,,,,,,3440000000,,34.82,,239.91,193.36
2025-12-28,WM,6.35,24783999000.0,34.82,,0.586,23.63,,,,,,,,,,,,,,,None,2460000000,2460000000,,,,,,None,329000000,,3.225,0.0146,,,,-0.207,-0.05,604000000,933000000,2.03,2016-12-31,26.32,,9912001000.0,1000000000,510000000,176000000,,,None,94000000,None,,None,,,,,335000000,334000000,None,None,0.189,,378000000,622000000,,,,,-107000000,,,,,2.619,9.36,3.594,,,,,,,,0.103,,,2025-10-28,quarterly,1.98,USD,post-market,0,,0.0705,0.293,0.149,61.6,364000000,,,,223.64,211.44,-2.4631,,,,,,,3460000000,,34.82,,239.91,193.36
2025-12-28,WM,6.35,24783999000.0,34.82,,0.586,23.63,,,,,,,,,,,,,,,None,2552000000,2552000000,,,,,,None,359000000,,3.225,0.0146,,,,-0.207,-0.05,548000000,907000000,2.03,2016-09-30,26.32,,9912001000.0,996000000,457000000,153000000,,,None,91000000,None,,None,,,,,302000000,304000000,None,None,0.189,,330000000,666000000,,,,,-103000000,,,,,2.619,9.36,3.594,,,,,,,,0.103,,,2025-10-28,quarterly,1.98,USD,post-market,0,,0.0705,0.293,0.149,61.6,322000000,,,,223.64,211.44,-2.4631,,,,,,,3548000000,,34.82,,239.91,193.36
2025-12-28,WM,6.35,24783999000.0,34.82,,0.586,23.63,,,,,,,,,,,,,,,None,2130000000,2130000000,,,,,,None,340000000,,3.225,0.0146,,,,-0.207,-0.05,615000000,955000000,2.03,2016-06-30,26.32,,9912001000.0,1295000000,459000000,173000000,,,None,93000000,None,,None,,,,,287000000,286000000,None,None,0.189,,680000000,611000000,,,,,-152000000,,,,,2.619,9.36,3.594,,,,,,,,0.103,,,2025-10-28,quarterly,1.98,USD,post-market,0,,0.0705,0.293,0.149,61.6,333000000,,,,223.64,211.44,-2.4631,,,,,,,3425000000,,34.82,,239.91,193.36
2025-12-28,WM,6.35,24783999000.0,34.82,,0.586,23.63,,,,,,,,,,,,,,,None,1993000000,1993000000,,,,,,None,312000000,,3.225,0.0146,,,,-0.207,-0.05,509000000,821000000,2.03,2016-03-31,26.32,,9912001000.0,1183000000,396000000,140000000,,,None,95000000,None,,None,,,,,258000000,256000000,None,None,0.189,,674000000,508000000,,,,,-112000000,,,,,2.619,9.36,3.594,,,,,,,,0.103,,,2025-10-28,quarterly,1.98,USD,post-market,0,,0.0705,0.293,0.149,61.6,351000000,,,,223.64,211.44,-2.4631,,,,,,,3176000000,,34.82,,239.91,193.36
2025-12-28,WM,6.35,24783999000.0,34.82,,0.586,23.63,,,,,,,,,,,,,,,None,2027000000,2027000000,,,,,,None,301000000,,3.225,0.0146,,,,-0.207,-0.05,488000000,789000000,2.03,2015-12-31,26.32,,9912001000.0,1219000000,397000000,124000000,,,None,91000000,None,,None,,,,,273000000,273000000,None,None,0.189,,644000000,502000000,,,,,-105000000,,,,,2.619,9.36,3.594,,,,,,,,0.103,,,2025-10-28,quarterly,1.98,USD,post-market,0,,0.0705,0.293,0.149,61.6,333000000,,,,223.64,211.44,-2.4631,,,,,,,3246000000,,34.82,,239.91,193.36
2025-12-28,WM,6.35,24783999000.0,34.82,,0.586,23.63,,,,,,,,,,,,,,,None,2095000000,2095000000,,,,,,None,330000000,,3.225,0.0146,,,,-0.207,-0.05,605000000,935000000,2.03,2015-09-30,26.32,,9912001000.0,1265000000,496000000,159000000,,,None,95000000,None,,None,,,,,335000000,337000000,None,None,0.189,,660000000,601000000,,,,,-105000000,,,,,2.619,9.36,3.594,,,,,,,,0.103,,,2025-10-28,quarterly,1.98,USD,post-market,0,,0.0705,0.293,0.149,61.6,322000000,,,,223.64,211.44,-2.4631,,,,,,,3360000000,,34.82,,239.91,193.36
2025-12-28,WM,6.35,24783999000.0,34.82,,0.586,23.63,,,,,,,,,,,,,,,None,2163000000,2163000000,,,,,,None,322000000,,3.225,0.0146,,,,-0.207,-0.05,508000000,830000000,2.03,2015-06-30,26.32,,9912001000.0,1152000000,389000000,116000000,,,None,95000000,None,,None,,,,,274000000,273000000,None,None,0.189,,644000000,502000000,,,,,-113000000,,,,,2.619,9.36,3.594,,,,,,,,0.103,,,2025-10-28,quarterly,1.98,USD,post-market,0,,0.0705,0.293,0.149,61.6,316000000,,,,223.64,211.44,-2.4631,,,,,,,3315000000,,34.82,,239.91,193.36
2025-12-28,WM,6.35,24783999000.0,34.82,,0.586,23.63,,,,,,,,,,,,,,,None,1946000000,1946000000,,,,,,None,292000000,,3.225,0.0146,,,,-0.207,-0.05,-324000000,-32000000,2.03,2015-03-31,26.32,,9912001000.0,1094000000,-222000000,-91000000,,,None,104000000,None,,None,,,,,-129000000,-131000000,None,None,0.189,,640000000,440000000,,,,,-662000000,,,,,2.619,9.36,3.594,,,,,,,,0.103,,,2025-10-28,quarterly,1.98,USD,post-market,0,,0.0705,0.293,0.149,61.6,336000000,,,,223.64,211.44,-2.4631,,,,,,,3040000000,,34.82,,239.91,193.36
2025-12-28,WM,6.35,24783999000.0,34.82,,0.586,23.63,,,,,,,,,,,,,,,None,2170000000,2170000000,,,,,,None,307000000,,3.225,0.0146,,,,-0.207,-0.05,713000000,1020000000,2.03,2014-12-31,26.32,,9912001000.0,1267000000,599000000,1000000,,,None,115000000,None,,None,,,,,590000000,598000000,None,None,0.189,,683000000,752000000,,,,,-153000000,,,,,2.619,9.36,3.594,,,,,,,,0.103,,,2025-10-28,quarterly,1.98,USD,post-market,0,,0.0705,0.293,0.149,61.6,366000000,,,,223.64,211.44,-2.4631,,,,,,,3437000000,,34.82,,239.91,193.36
2025-12-28,WM,6.35,24783999000.0,34.82,,0.586,23.63,,,,,,,,,,,,,,,None,2299000000,2299000000,,,,,,None,329000000,,3.225,0.0146,,,,-0.207,-0.05,597000000,926000000,2.03,2014-09-30,26.32,,9912001000.0,1303000000,414000000,133000000,,,None,116000000,None,,None,,,,,270000000,281000000,None,None,0.189,,706000000,546000000,,,,,-132000000,,,,,2.619,9.36,3.594,,,,,,,,0.103,,,2025-10-28,quarterly,1.98,USD,post-market,0,,0.0705,0.293,0.149,61.6,365000000,,,,223.64,211.44,-2.4631,,,,,,,3602000000,,34.82,,239.91,193.36
2025-12-28,WM,6.35,24783999000.0,34.82,,0.586,23.63,,,,,,,,,,,,,,,None,2301000000,2301000000,,,,,,None,339000000,,3.225,0.0146,,,,-0.207,-0.05,568000000,907000000,2.03,2014-06-30,26.32,,9912001000.0,1260000000,402000000,180000000,,,None,115000000,None,,None,,,,,210000000,222000000,None,None,0.189,,692000000,532000000,,,,,-130000000,,,,,2.619,9.36,3.594,,,,,,,,0.103,,,2025-10-28,quarterly,1.98,USD,post-market,0,,0.0705,0.293,0.149,61.6,347000000,,,,223.64,211.44,-2.4631,,,,,,,3561000000,,34.82,,239.91,193.36
2025-12-28,WM,6.35,24783999000.0,34.82,,0.586,23.63,,,,,,,,,,,,,,,None,2232000000,2232000000,,,,,,None,317000000,,3.225,0.0146,,,,-0.207,-0.05,472000000,789000000,2.03,2014-03-31,26.32,,9912001000.0,1164000000,336000000,99000000,,,None,122000000,None,,None,,,,,228000000,237000000,None,None,0.189,,692000000,469000000,,,,,-133000000,,,,,2.619,9.36,3.594,,,,,,,,0.103,,,2025-10-28,quarterly,1.98,USD,post-market,0,,0.0705,0.293,0.149,61.6,362000000,,,,223.64,211.44,-2.4631,,,,,,,3396000000,,34.82,,239.91,193.36
2025-12-28,WM,6.35,24783999000.0,34.82,,0.586,23.63,,,,,,,,,,,,,,,None,2267000000,2267000000,,,,,,None,327000000,,3.225,0.0146,,,,-0.207,-0.05,-485000000,-158000000,2.03,2013-12-31,26.32,,9912001000.0,1233000000,-603000000,-4000000,,,None,118000000,None,,None,,,,,-605000000,-599000000,None,None,0.189,,703000000,-410000000,,,,,-193000000,,,,,2.619,9.36,3.594,,,,,,,,0.103,,,2025-10-28,quarterly,1.98,USD,post-market,0,,0.0705,0.293,0.149,61.6,363000000,,,,223.64,211.44,-2.4631,,,,,,,3500000000,,34.82,,239.91,193.36
2025-12-28,WM,6.35,24783999000.0,34.82,,0.586,23.63,,,,,,,,,,,,,,,None,2325000000,2325000000,,,,,,None,344000000,,3.225,0.0146,,,,-0.207,-0.05,603000000,947000000,2.03,2013-09-30,26.32,,9912001000.0,1296000000,452000000,155000000,,,None,119000000,None,,None,,,,,291000000,297000000,None,None,0.189,,693000000,577000000,,,,,-125000000,,,,,2.619,9.36,3.594,,,,,,,,0.103,,,2025-10-28,quarterly,1.98,USD,post-market,0,,0.0705,0.293,0.149,61.6,347000000,,,,223.64,211.44,-2.4631,,,,,,,3621000000,,34.82,,239.91,193.36
2025-12-28,WM,6.35,24783999000.0,34.82,,0.586,23.63,,,,,,,,,,,,,,,None,2311000000,2311000000,,,,,,None,339000000,,3.225,0.0146,,,,-0.207,-0.05,518000000,857000000,2.03,2013-06-30,26.32,,9912001000.0,1215000000,383000000,127000000,,,None,122000000,None,,None,,,,,244000000,256000000,None,None,0.189,,692000000,510000000,,,,,-127000000,,,,,2.619,9.36,3.594,,,,,,,,0.103,,,2025-10-28,quarterly,1.98,USD,post-market,0,,0.0705,0.293,0.149,61.6,347000000,,,,223.64,211.44,-2.4631,,,,,,,3526000000,,34.82,,239.91,193.36
2025-12-28,WM,6.35,24783999000.0,34.82,,0.586,23.63,,,,,,,,,,,,,,,None,2209000000,2209000000,,,,,,None,323000000,,3.225,0.0146,,,,-0.207,-0.05,383000000,706000000,2.03,2013-03-31,26.32,,9912001000.0,1127000000,262000000,86000000,,,None,122000000,None,,None,,,,,168000000,176000000,None,None,0.189,,713000000,402000000,,,,,-140000000,,,,,2.619,9.36,3.594,,,,,,,,0.103,,,2025-10-28,quarterly,1.98,USD,post-market,0,,0.0705,0.293,0.149,61.6,370000000,,,,223.64,211.44,-2.4631,,,,,,,3336000000,,34.82,,239.91,193.36
2025-12-28,WM,6.35,24783999000.0,34.82,,0.586,23.63,,,,,,,,,,,,,,,None,2224000000,2224000000,,,,,,None,326000000,,3.225,0.0146,,,,-0.207,-0.05,499000000,825000000,2.03,2012-12-31,26.32,,9912001000.0,1210000000,349000000,114000000,,,None,122000000,None,,None,,,,,224000000,235000000,None,None,0.189,,682000000,484000000,,,,,-135000000,,,,,2.619,9.36,3.594,,,,,,,,0.103,,,2025-10-28,quarterly,1.98,USD,post-market,0,,0.0705,0.293,0.149,61.6,356000000,,,,223.64,211.44,-2.4631,,,,,,,3434000000,,34.82,,239.91,193.36
2025-12-28,WM,6.35,24783999000.0,34.82,,0.586,23.63,,,,,,,,,,,,,,,None,2229000000,2229000000,,,,,,None,331000000,,3.225,0.0146,,,,-0.207,-0.05,551000000,882000000,2.03,2012-09-30,26.32,,9912001000.0,1232000000,348000000,125000000,,,None,123000000,None,,None,,,,,214000000,223000000,None,None,0.189,,666000000,500000000,,,,,-152000000,,,,,2.619,9.36,3.594,,,,,,,,0.103,,,2025-10-28,quarterly,1.98,USD,post-market,0,,0.0705,0.293,0.149,61.6,322000000,,,,223.64,211.44,-2.4631,,,,,,,3461000000,,34.82,,239.91,193.36
2025-12-28,WM,6.35,24783999000.0,34.82,,0.586,23.63,,,,,,,,,,,,,,,None,2260000000,2260000000,,,,,,None,323000000,,3.225,0.0146,,,,-0.207,-0.05,455000000,778000000,2.03,2012-06-30,26.32,,9912001000.0,1199000000,334000000,115000000,,,None,121000000,None,,None,,,,,208000000,219000000,None,None,0.189,,730000000,466000000,,,,,-132000000,,,,,2.619,9.36,3.594,,,,,,,,0.103,,,2025-10-28,quarterly,1.98,USD,post-market,0,,0.0705,0.293,0.149,61.6,360000000,,,,223.64,211.44,-2.4631,,,,,,,3459000000,,34.82,,239.91,193.36
2025-12-28,WM,6.35,24783999000.0,34.82,,0.586,23.63,,,,,,,,,,,,,,,None,2166000000,2166000000,,,,,,None,317000000,,3.225,0.0146,,,,-0.207,-0.05,394000000,711000000,2.03,2012-03-31,26.32,,9912001000.0,1129000000,272000000,89000000,,,None,122000000,None,,None,,,,,171000000,183000000,None,None,0.189,,724000000,401000000,,,,,-129000000,,,,,2.619,9.36,3.594,,,,,,,,0.103,,,2025-10-28,quarterly,1.98,USD,post-market,0,,0.0705,0.293,0.149,61.6,392000000,,,,223.64,211.44,-2.4631,,,,,,,3295000000,,34.82,,239.91,193.36
2025-12-28,WM,6.35,24783999000.0,34.82,,0.586,23.63,,,,,,,,,,,,,,,None,2145000000,2145000000,,,,,,None,294000000,,3.225,0.0146,,,,-0.207,-0.05,535000000,829000000,2.03,2011-12-31,26.32,,9912001000.0,1261000000,412000000,134000000,,,None,123000000,None,,None,,,,,266000000,278000000,None,None,0.189,,701000000,552000000,,,,,-261000000,,,,,2.619,9.36,3.594,,,,,,,,0.103,,,2025-10-28,quarterly,1.98,USD,post-market,0,,0.0705,0.293,0.149,61.6,407000000,,,,223.64,211.44,-2.4631,,,,,,,3406000000,,34.82,,239.91,193.36
2025-12-28,WM,6.35,24783999000.0,34.82,,0.586,23.63,,,,,,,,,,,,,,,None,2261000000,2261000000,,,,,,None,317000000,,3.225,0.0146,,,,-0.207,-0.05,539000000,856000000,2.03,2011-09-30,26.32,,9912001000.0,1261000000,421000000,136000000,,,None,118000000,None,,None,,,,,272000000,285000000,None,None,0.189,,697000000,543000000,,,,,-122000000,,,,,2.619,9.36,3.594,,,,,,,,0.103,,,2025-10-28,quarterly,1.98,USD,post-market,0,,0.0705,0.293,0.149,61.6,380000000,,,,223.64,211.44,-2.4631,,,,,,,3522000000,,34.82,,239.91,193.36
2025-12-28,WM,6.35,24783999000.0,34.82,,0.586,23.63,,,,,,,,,,,,,,,None,2140000000,2140000000,,,,,,None,319000000,,3.225,0.0146,,,,-0.207,-0.05,500000000,819000000,2.03,2011-06-30,26.32,,9912001000.0,1207000000,381000000,131000000,,,None,119000000,None,,None,,,,,237000000,250000000,None,None,0.189,,701000000,506000000,,,,,-125000000,,,,,2.619,9.36,3.594,,,,,,,,0.103,,,2025-10-28,quarterly,1.98,USD,post-market,0,,0.0705,0.293,0.149,61.6,382000000,,,,223.64,211.44,-2.4631,,,,,,,3347000000,,34.82,,239.91,193.36
2025-12-28,WM,6.35,24783999000.0,34.82,,0.586,23.63,,,,,,,,,,,,,,,None,1995000000,1995000000,,,,,,None,299000000,,3.225,0.0146,,,,-0.207,-0.05,427000000,726000000,2.03,2011-03-31,26.32,,9912001000.0,1108000000,306000000,110000000,,,None,121000000,None,,None,,,,,186000000,196000000,None,None,0.189,,681000000,427000000,,,,,None,,,,,2.619,9.36,3.594,,,,,,,,0.103,,,2025-10-28,quarterly,1.98,USD,post-market,0,,0.0705,0.293,0.149,61.6,382000000,,,,223.64,211.44,-2.4631,,,,,,,3103000000,,34.82,,239.91,193.36
2025-12-28,WM,6.35,24783999000.0,34.82,,0.586,23.63,,,,,,,,,,,,,,,None,1941000000,1941000000,,,,,,None,277000000,,3.225,0.0146,,,,-0.207,-0.05,573000000,850000000,2.03,2010-12-31,26.32,,9912001000.0,1246000000,454000000,160000000,,,None,119000000,None,,None,,,,,281000000,294000000,None,None,0.189,,673000000,574000000,,,,,-1000000,,,,,2.619,9.36,3.594,,,,,,,,0.103,,,2025-10-28,quarterly,1.98,USD,post-market,0,,0.0705,0.293,0.149,61.6,396000000,,,,223.64,211.44,-2.4631,,,,,,,3187000000,,34.82,,239.91,193.36
2025-12-28,WM,6.35,24783999000.0,34.82,,0.586,23.63,,,,,,,,,,,,,,,None,2006000000,2006000000,,,,,,None,317000000,,3.225,0.0146,,,,-0.207,-0.05,537000000,854000000,2.03,2010-09-30,26.32,,9912001000.0,1229000000,411000000,153000000,,,None,126000000,None,,None,,,,,244000000,258000000,None,None,0.189,,686000000,544000000,,,,,-7000000,,,,,2.619,9.36,3.594,,,,,,,,0.103,,,2025-10-28,quarterly,1.98,USD,post-market,0,,0.0705,0.293,0.149,61.6,369000000,,,,223.64,211.44,-2.4631,,,,,,,3235000000,,34.82,,239.91,193.36
2025-12-28,WM,6.35,24783999000.0,34.82,,0.586,23.63,,,,,,,,,,,,,,,None,1996000000,1996000000,,,,,,None,309000000,,3.225,0.0146,,,,-0.207,-0.05,580000000,889000000,2.03,2010-06-30,26.32,,9912001000.0,1162000000,464000000,206000000,,,None,116000000,None,,None,,,,,246000000,258000000,None,None,0.189,,654000000,586000000,,,,,-6000000,,,,,2.619,9.36,3.594,,,,,,,,0.103,,,2025-10-28,quarterly,1.98,USD,post-market,0,,0.0705,0.293,0.149,61.6,345000000,,,,223.64,211.44,-2.4631,,,,,,,3158000000,,34.82,,239.91,193.36
2025-12-28,WM,6.35,24783999000.0,34.82,,0.586,23.63,,,,,,,,,,,,,,,None,1881000000,1881000000,,,,,,None,291000000,,3.225,0.0146,,,,-0.207,-0.05,414000000,705000000,2.03,2010-03-31,26.32,,9912001000.0,1054000000,302000000,110000000,,,None,112000000,None,,None,,,,,182000000,192000000,None,None,0.189,,642000000,412000000,,,,,2000000,,,,,2.619,9.36,3.594,,,,,,,,0.103,,,2025-10-28,quarterly,1.98,USD,post-market,0,,0.0705,0.293,0.149,61.6,351000000,,,,223.64,211.44,-2.4631,,,,,,,2935000000,,34.82,,239.91,193.36
2025-12-28,WM,6.35,24783999000.0,34.82,,0.586,23.63,,,,,,,,,,,,,,,None,1874000000,1874000000,,,,,,None,274000000,,3.225,0.0146,,,,-0.207,-0.05,457000000,731000000,2.03,2009-12-31,26.32,,9912001000.0,1132000000,347000000,16000000,,,None,110000000,None,,None,,,,,315000000,0,None,None,0.189,,639000000,456000000,,,,,None,,,,,2.619,9.36,3.594,,,,,,,,0.103,,,2025-10-28,quarterly,1.98,USD,post-market,0,,0.0705,0.293,0.149,61.6,365000000,,,,223.64,211.44,-2.4631,,,,,,,3006000000,,34.82,,239.91,193.36
2025-12-28,WM,6.35,24783999000.0,34.82,,0.586,23.63,,,,,,,,,,,,,,,None,1856000000,1856000000,,,,,,None,301000000,,3.225,0.0146,,,,-0.207,-0.05,529000000,830000000,2.03,2009-09-30,26.32,,9912001000.0,1167000000,425000000,133000000,,,None,104000000,None,,None,,,,,277000000,292000000,None,None,0.189,,640000000,525000000,,,,,4000000,,,,,2.619,9.36,3.594,,,,,,,,0.103,,,2025-10-28,quarterly,1.98,USD,post-market,0,,0.0705,0.293,0.149,61.6,339000000,,,,223.64,211.44,-2.4631,,,,,,,3023000000,,34.82,,239.91,193.36
2025-12-28,WM,6.35,24783999000.0,34.82,,0.586,23.63,,,,,,,,,,,,,,,None,1786000000,1786000000,,,,,,None,302000000,,3.225,0.0146,,,,-0.207,-0.05,537000000,839000000,2.03,2009-06-30,26.32,,9912001000.0,1166000000,430000000,163000000,,,None,107000000,None,,None,,,,,247000000,267000000,None,None,0.189,,625000000,534000000,,,,,3000000,,,,,2.619,9.36,3.594,,,,,,,,0.103,,,2025-10-28,quarterly,1.98,USD,post-market,0,,0.0705,0.293,0.149,61.6,323000000,,,,223.64,211.44,-2.4631,,,,,,,2952000000,,34.82,,239.91,193.36
2025-12-28,WM,6.35,24783999000.0,34.82,,0.586,23.63,,,,,,,,,,,,,,,None,1725000000,1725000000,,,,,,None,289000000,,3.225,0.0146,,,,-0.207,-0.05,376000000,665000000,2.03,2009-03-31,26.32,,9912001000.0,1085000000,271000000,101000000,,,None,105000000,None,,None,,,,,155000000,0,None,None,0.189,,626000000,372000000,,,,,None,,,,,2.619,9.36,3.594,,,,,,,,0.103,,,2025-10-28,quarterly,1.98,USD,post-market,0,,0.0705,0.293,0.149,61.6,337000000,,,,223.64,211.44,-2.4631,,,,,,,2810000000,,34.82,,239.91,193.36
2025-12-28,WM,6.35,24783999000.0,34.82,,0.586,23.63,,,,,,,,,,,,,,,None,1972000000,1972000000,,,,,,None,297000000,,3.225,0.0146,,,,-0.207,-0.05,436000000,733000000,2.03,2008-12-31,26.32,,9912001000.0,1136000000,343000000,125000000,,,None,118000000,None,,None,,,,,218000000,0,None,None,0.189,,704000000,459000000,,,,,None,,,,,2.619,9.36,3.594,,,,,,,,0.103,,,2025-10-28,quarterly,1.98,USD,post-market,0,,0.0705,0.293,0.149,61.6,382000000,,,,223.64,211.44,-2.4631,,,,,,,3108000000,,34.82,,239.91,193.36
2025-12-28,WM,6.35,24783999000.0,34.82,,0.586,23.63,,,,,,,,,,,,,,,None,2221000000,2221000000,,,,,,None,326000000,,3.225,0.0146,,,,-0.207,-0.05,632000000,958000000,2.03,2008-09-30,26.32,,9912001000.0,1304000000,511000000,201000000,,,None,114000000,None,,None,,,,,310000000,0,None,None,0.189,,672000000,632000000,,,,,None,,,,,2.619,9.36,3.594,,,,,,,,0.103,,,2025-10-28,quarterly,1.98,USD,post-market,0,,0.0705,0.293,0.149,61.6,369000000,,,,223.64,211.44,-2.4631,,,,,,,3525000000,,34.82,,239.91,193.36
2025-12-28,WM,6.35,24783999000.0,34.82,,0.586,23.63,,,,,,,,,,,,,,,None,2181000000,2181000000,,,,,,None,318000000,,3.225,0.0146,,,,-0.207,-0.05,631000000,949000000,2.03,2008-06-30,26.32,,9912001000.0,1308000000,517000000,199000000,,,None,105000000,None,,None,,,,,318000000,0,None,None,0.189,,676000000,632000000,,,,,None,,,,,2.619,9.36,3.594,,,,,,,,0.103,,,2025-10-28,quarterly,1.98,USD,post-market,0,,0.0705,0.293,0.149,61.6,358000000,,,,223.64,211.44,-2.4631,,,,,,,3489000000,,34.82,,239.91,193.36
2025-12-28,WM,6.35,24783999000.0,34.82,,0.586,23.63,,,,,,,,,,,,,,,None,2092000000,2092000000,,,,,,None,297000000,,3.225,0.0146,,,,-0.207,-0.05,511000000,808000000,2.03,2008-03-31,26.32,,9912001000.0,1174000000,385000000,144000000,,,None,122000000,None,,None,,,,,241000000,0,None,None,0.189,,663000000,511000000,,,,,None,,,,,2.619,9.36,3.594,,,,,,,,0.103,,,2025-10-28,quarterly,1.98,USD,post-market,0,,0.0705,0.293,0.149,61.6,368000000,,,,223.64,211.44,-2.4631,,,,,,,3266000000,,34.82,,239.91,193.36
2025-12-28,WM,6.35,24783999000.0,34.82,,0.586,23.63,,,,,,,,,,,,,,,None,2133000000,2133000000,,,,,,None,296000000,,3.225,0.0146,,,,-0.207,-0.05,516000000,812000000,2.03,2007-12-31,26.32,,9912001000.0,1228000000,456000000,147000000,,,None,132000000,None,,None,,,,,309000000,0,None,None,0.189,,712000000,575000000,,,,,None,,,,,2.619,9.36,3.594,,,,,,,,0.103,,,2025-10-28,quarterly,1.98,USD,post-market,0,,0.0705,0.293,0.149,61.6,371000000,,,,223.64,211.44,-2.4631,,,,,,,3361000000,,34.82,,239.91,193.36
2025-12-28,WM,6.35,24783999000.0,34.82,,0.586,23.63,,,,,,,,,,,,,,,None,2143000000,2143000000,,,,,,None,331000000,,3.225,0.0146,,,,-0.207,-0.05,565000000,896000000,2.03,2007-09-30,26.32,,9912001000.0,1260000000,436000000,158000000,,,None,128000000,None,,None,,,,,278000000,0,None,None,0.189,,695000000,565000000,,,,,None,,,,,2.619,9.36,3.594,,,,,,,,0.103,,,2025-10-28,quarterly,1.98,USD,post-market,0,,0.0705,0.293,0.149,61.6,365000000,,,,223.64,211.44,-2.4631,,,,,,,3403000000,,34.82,,239.91,193.36
2025-12-28,WM,6.35,24783999000.0,34.82,,0.586,23.63,,,,,,,,,,,,,,,None,2092000000,2092000000,,,,,,None,322000000,,3.225,0.0146,,,,-0.207,-0.05,634000000,956000000,2.03,2007-06-30,26.32,,9912001000.0,1266000000,480000000,142000000,,,None,132000000,None,,None,,,,,338000000,0,None,None,0.189,,632000000,633000000,,,,,None,,,,,2.619,9.36,3.594,,,,,,,,0.103,,,2025-10-28,quarterly,1.98,USD,post-market,0,,0.0705,0.293,0.149,61.6,343000000,,,,223.64,211.44,-2.4631,,,,,,,3358000000,,34.82,,239.91,193.36
2025-12-28,WM,6.35,24783999000.0,34.82,,0.586,23.63,,,,,,,,,,,,,,,None,2034000000,2034000000,,,,,,None,310000000,,3.225,0.0146,,,,-0.207,-0.05,490000000,800000000,2.03,2007-03-31,26.32,,9912001000.0,1154000000,331000000,109000000,,,None,135000000,None,,None,,,,,222000000,0,None,None,0.189,,664000000,481000000,,,,,None,,,,,2.619,9.36,3.594,,,,,,,,0.103,,,2025-10-28,quarterly,1.98,USD,post-market,0,,0.0705,0.293,0.149,61.6,353000000,,,,223.64,211.44,-2.4631,,,,,,,3188000000,,34.82,,239.91,193.36
2025-12-28,WM,6.35,24783999000.0,34.82,,0.586,23.63,,,,,,,,,,,,,,,None,2107000000,2107000000,,,,,,None,321000000,,3.225,0.0146,,,,-0.207,-0.05,536000000,857000000,2.03,2006-12-31,26.32,,9912001000.0,1176000000,325000000,79000000,,,None,545000000,None,,None,,,,,246000000,0,None,None,0.189,,640000000,472000000,,,,,None,,,,,2.619,9.36,3.594,,,,,,,,0.103,,,2025-10-28,quarterly,1.98,USD,post-market,0,,0.0705,0.293,0.149,61.6,348000000,,,,223.64,211.44,-2.4631,,,,,,,3283000000,,34.82,,239.91,193.36
2025-12-28,WM,6.35,24783999000.0,34.82,,0.586,23.63,,,,,,,,,,,,,,,None,2181000000,2181000000,,,,,,None,340000000,,3.225,0.0146,,,,-0.207,-0.05,557000000,897000000,2.03,2006-09-30,26.32,,9912001000.0,1260000000,413000000,113000000,,,None,138000000,None,,None,,,,,300000000,0,None,None,0.189,,700000000,557000000,,,,,None,,,,,2.619,9.36,3.594,,,,,,,,0.103,,,2025-10-28,quarterly,1.98,USD,post-market,0,,0.0705,0.293,0.149,61.6,344000000,,,,223.64,211.44,-2.4631,,,,,,,3441000000,,34.82,,239.91,193.36
2025-12-28,WM,6.35,24783999000.0,34.82,,0.586,23.63,,,,,,,,,,,,,,,None,2199000000,2199000000,,,,,,None,345000000,,3.225,0.0146,,,,-0.207,-0.05,565000000,910000000,2.03,2006-06-30,26.32,,9912001000.0,1211000000,447000000,30000000,,,None,138000000,None,,None,,,,,417000000,0,None,None,0.189,,646000000,565000000,,,,,None,,,,,2.619,9.36,3.594,,,,,,,,0.103,,,2025-10-28,quarterly,1.98,USD,post-market,0,,0.0705,0.293,0.149,61.6,328000000,,,,223.64,211.44,-2.4631,,,,,,,3410000000,,34.82,,239.91,193.36
2025-12-28,WM,6.35,24783999000.0,34.82,,0.586,23.63,,,,,,,,,,,,,,,None,2100000000,2100000000,,,,,,None,328000000,,3.225,0.0146,,,,-0.207,-0.05,435000000,763000000,2.03,2006-03-31,26.32,,9912001000.0,1129000000,289000000,103000000,,,None,136000000,None,,None,,,,,186000000,0,None,None,0.189,,694000000,435000000,,,,,None,,,,,2.619,9.36,3.594,,,,,,,,0.103,,,2025-10-28,quarterly,1.98,USD,post-market,0,,0.0705,0.293,0.149,61.6,368000000,,,,223.64,211.44,-2.4631,,,,,,,3229000000,,34.82,,239.91,193.36
2025-12-28,WM,6.35,24783999000.0,34.82,,0.586,23.63,,,,,,,,,,,,,,,None,2212000000,2212000000,,,,,,None,325000000,,3.225,0.0146,,,,-0.207,-0.05,500000000,825000000,2.03,2005-12-31,26.32,,9912001000.0,1160000000,341000000,51000000,,,None,496000000,None,,None,,,,,290000000,0,None,None,0.189,,660000000,499000000,,,,,None,,,,,2.619,9.36,3.594,,,,,,,,0.103,,,2025-10-28,quarterly,1.98,USD,post-market,0,,0.0705,0.293,0.149,61.6,324000000,,,,223.64,211.44,-2.4631,,,,,,,3372000000,,34.82,,239.91,193.36
2025-12-28,WM,6.35,24783999000.0,34.82,,0.586,23.63,,,,,,,,,,,,,,,None,2202000000,2202000000,,,,,,None,369000000,,3.225,0.0146,,,,-0.207,-0.05,409000000,778000000,2.03,2005-09-30,26.32,,9912001000.0,1173000000,226000000,11000000,,,None,125000000,None,,None,,,,,215000000,0,None,None,0.189,,764000000,382000000,,,,,None,,,,,2.619,9.36,3.594,,,,,,,,0.103,,,2025-10-28,quarterly,1.98,USD,post-market,0,,0.0705,0.293,0.149,61.6,309000000,,,,223.64,211.44,-2.4631,,,,,,,3375000000,,34.82,,239.91,193.36
2025-12-28,WM,6.35,24783999000.0,34.82,,0.586,23.63,,,,,,,,,,,,,,,None,15650000000,15650000000,,,,,,None,2400000000,,3.225,0.0146,,,,-0.207,-0.05,4056000000,6456000000,2.03,2024-12-31,26.32,,9912001000.0,6413000000,3458000000,713000000,,,None,598000000,594000000,,None,,,,,2746000000,2745000000,-598000000,None,0.189,,2264000000,4149000000,,,,,None,,,,,2.619,9.36,3.594,,,,,,,,0.103,,,2025-10-28,annual,1.98,USD,post-market,None,,0.0705,0.293,0.149,61.6,2213000000,,,,223.64,211.44,-2.4631,,,,,,,22063000000,,34.82,,239.91,193.36
2025-12-28,WM,6.35,24783999000.0,34.82,,0.586,23.63,,,,,,,,,,,,,,,None,14677000000,14677000000,,,,,,None,2201000000,,3.225,0.0146,,,,-0.207,-0.05,3521000000,5722000000,2.03,2023-12-31,26.32,,9912001000.0,5749000000,3021000000,745000000,,,None,500000000,560000000,,None,,,,,2304000000,2307000000,-481000000,None,0.189,,1926000000,3823000000,,,,,None,,,,,2.619,9.36,3.594,,,,,,,,0.103,,,2025-10-28,annual,1.98,USD,post-market,None,,0.0705,0.293,0.149,61.6,1870000000,,,,223.64,211.44,-2.4631,,,,,,,20426000000,,34.82,,239.91,193.36
2025-12-28,WM,6.35,24783999000.0,34.82,,0.586,23.63,,,,,,,,,,,,,,,None,14332000000,14332000000,,,,,,None,2150000000,,3.225,0.0146,,,,-0.207,-0.05,3296000000,5446000000,2.03,2022-12-31,26.32,,9912001000.0,5366000000,2918000000,678000000,,,None,378000000,445000000,,None,,,,,2238000000,2240000000,-378000000,None,0.189,,1928000000,3438000000,,,,,-447000000,,,,,2.619,9.36,3.594,,,,,,,,0.103,,,2025-10-28,annual,1.98,USD,post-market,None,,0.0705,0.293,0.149,61.6,1888000000,,,,223.64,211.44,-2.4631,,,,,,,19698000000,,34.82,,239.91,193.36
2025-12-28,WM,6.35,24783999000.0,34.82,,0.586,23.63,,,,,,,,,,,,,,,None,13110000000,13110000000,,,,,,None,2110000000,,3.225,0.0146,,,,-0.207,-0.05,2714000000,4824000000,2.03,2021-12-31,26.32,,9912001000.0,4821000000,2349000000,532000000,,,None,365000000,401000000,,None,,,,,1816000000,1817000000,-365000000,None,0.189,,1813000000,3008000000,,,,,-616000000,,,,,2.619,9.36,3.594,,,,,,,,0.103,,,2025-10-28,annual,1.98,USD,post-market,None,,0.0705,0.293,0.149,61.6,1827000000,,,,223.64,211.44,-2.4631,,,,,,,17931000000,,34.82,,239.91,193.36
2025-12-28,WM,6.35,24783999000.0,34.82,,0.586,23.63,,,,,,,,,,,,,,,None,11012000000,11012000000,,,,,,None,1774000000,,3.225,0.0146,,,,-0.207,-0.05,2318000000,4092000000,2.03,2020-12-31,26.32,,9912001000.0,4206000000,1893000000,397000000,,,None,425000000,486000000,,None,,,,,1496000000,1496000000,-425000000,None,0.189,,1728000000,2478000000,,,,,-541000000,,,,,2.619,9.36,3.594,,,,,,,,0.103,,,2025-10-28,annual,1.98,USD,post-market,None,,0.0705,0.293,0.149,61.6,1674000000,,,,223.64,211.44,-2.4631,,,,,,,15218000000,,34.82,,239.91,193.36
2025-12-28,WM,6.35,24783999000.0,34.82,,0.586,23.63,,,,,,,,,,,,,,,None,11070000000,11070000000,,,,,,None,1672000000,,3.225,0.0146,,,,-0.207,-0.05,2516000000,4188000000,2.03,2019-12-31,26.32,,9912001000.0,4385000000,2105000000,434000000,,,None,411000000,466000000,,None,,,,,1670000000,1671000000,-411000000,None,0.189,,1631000000,2754000000,,,,,-601000000,,,,,2.619,9.36,3.594,,,,,,,,0.103,,,2025-10-28,annual,1.98,USD,post-market,None,,0.0705,0.293,0.149,61.6,1593000000,,,,223.64,211.44,-2.4631,,,,,,,15455000000,,34.82,,239.91,193.36
2025-12-28,WM,6.35,24783999000.0,34.82,,0.586,23.63,,,,,,,,,,,,,,,None,10726000000,10726000000,,,,,,None,1572000000,,3.225,0.0146,,,,-0.207,-0.05,2739000000,4311000000,2.03,2018-12-31,26.32,,9912001000.0,4188000000,2376000000,453000000,,,None,363000000,415000000,,None,,,,,1925000000,1923000000,-374000000,None,0.189,,1453000000,2735000000,,,,,-413000000,,,,,2.619,9.36,3.594,,,,,,,,0.103,,,2025-10-28,annual,1.98,USD,post-market,0,,0.0705,0.293,0.149,61.6,1400000000,,,,223.64,211.44,-2.4631,,,,,,,14914000000,,34.82,,239.91,193.36
2025-12-28,WM,6.35,24783999000.0,34.82,,0.586,23.63,,,,,,,,,,,,,,,None,10397000000,10397000000,,,,,,None,1468000000,,3.225,0.0146,,,,-0.207,-0.05,2542000000,4010000000,2.03,2017-12-31,26.32,,9912001000.0,4088000000,2191000000,242000000,,,None,351000000,431000000,,None,,,,,1949000000,1949000000,-363000000,None,0.189,,1468000000,2620000000,,,,,-445000000,,,,,2.619,9.36,3.594,,,,,,,,0.103,,,2025-10-28,annual,1.98,USD,post-market,0,,0.0705,0.293,0.149,61.6,1426000000,,,,223.64,211.44,-2.4631,,,,,,,14485000000,,34.82,,239.91,193.36
2025-12-28,WM,6.35,24783999000.0,34.82,,0.586,23.63,,,,,,,,,,,,,,,None,9787000000,9787000000,,,,,,None,1392000000,,3.225,0.0146,,,,-0.207,-0.05,2187000000,3579000000,2.03,2016-12-31,26.32,,9912001000.0,3822000000,1822000000,642000000,,,None,365000000,440000000,,None,,,,,1182000000,1180000000,-376000000,None,0.189,,1410000000,2412000000,,,,,-474000000,,,,,2.619,9.36,3.594,,,,,,,,0.103,,,2025-10-28,annual,1.98,USD,post-market,0,,0.0705,0.293,0.149,61.6,1370000000,,,,223.64,211.44,-2.4631,,,,,,,13609000000,,34.82,,239.91,193.36
2025-12-28,WM,6.35,24783999000.0,34.82,,0.586,23.63,,,,,,,,,,,,,,,None,9476000000,9476000000,,,,,,None,1335000000,,3.225,0.0146,,,,-0.207,-0.05,1429000000,2764000000,2.03,2015-12-31,26.32,,9912001000.0,3485000000,1060000000,308000000,,,None,369000000,423000000,,None,,,,,753000000,752000000,None,None,0.189,,1343000000,2142000000,,,,,-985000000,,,,,2.619,9.36,3.594,,,,,,,,0.103,,,2025-10-28,annual,1.98,USD,post-market,0,,0.0705,0.293,0.149,61.6,1307000000,,,,223.64,211.44,-2.4631,,,,,,,12961000000,,34.82,,239.91,193.36
2025-12-28,WM,6.35,24783999000.0,34.82,,0.586,23.63,,,,,,,,,,,,,,,None,10294000000,10294000000,,,,,,None,1394000000,,3.225,0.0146,,,,-0.207,-0.05,2206000000,3600000000,2.03,2014-12-31,26.32,,9912001000.0,3710000000,1751000000,413000000,,,None,455000000,None,,None,,,,,1298000000,1338000000,None,None,0.189,,1450000000,2260000000,,,,,-548000000,,,,,2.619,9.36,3.594,,,,,,,,0.103,,,2025-10-28,annual,1.98,USD,post-market,0,,0.0705,0.293,0.149,61.6,1440000000,,,,223.64,211.44,-2.4631,,,,,,,13996000000,,34.82,,239.91,193.36
2025-12-28,WM,6.35,24783999000.0,34.82,,0.586,23.63,,,,,,,,,,,,,,,None,10445000000,10445000000,,,,,,None,1410000000,,3.225,0.0146,,,,-0.207,-0.05,966000000,2376000000,2.03,2013-12-31,26.32,,9912001000.0,3547000000,494000000,364000000,,,None,472000000,None,,None,,,,,98000000,130000000,None,None,0.189,,1468000000,2079000000,,,,,-585000000,,,,,2.619,9.36,3.594,,,,,,,,0.103,,,2025-10-28,annual,1.98,USD,post-market,0,,0.0705,0.293,0.149,61.6,1427000000,,,,223.64,211.44,-2.4631,,,,,,,13983000000,,34.82,,239.91,193.36
2025-12-28,WM,6.35,24783999000.0,34.82,,0.586,23.63,,,,,,,,,,,,,,,None,10176000000,10176000000,,,,,,None,1387000000,,3.225,0.0146,,,,-0.207,-0.05,1789000000,3176000000,2.03,2012-12-31,26.32,,9912001000.0,3463000000,1303000000,443000000,,,None,486000000,None,,None,,,,,817000000,860000000,None,None,0.189,,1472000000,1991000000,,,,,-548000000,,,,,2.619,9.36,3.594,,,,,,,,0.103,,,2025-10-28,annual,1.98,USD,post-market,0,,0.0705,0.293,0.149,61.6,1472000000,,,,223.64,211.44,-2.4631,,,,,,,13649000000,,34.82,,239.91,193.36
2025-12-28,WM,6.35,24783999000.0,34.82,,0.586,23.63,,,,,,,,,,,,,,,None,9770000000,9770000000,,,,,,None,1336000000,,3.225,0.0146,,,,-0.207,-0.05,2024000000,3360000000,2.03,2011-12-31,26.32,,9912001000.0,3608000000,1520000000,511000000,,,None,504000000,None,,None,,,,,961000000,1009000000,None,None,0.189,,1550000000,2058000000,,,,,-508000000,,,,,2.619,9.36,3.594,,,,,,,,0.103,,,2025-10-28,annual,1.98,USD,post-market,0,,0.0705,0.293,0.149,61.6,1551000000,,,,223.64,211.44,-2.4631,,,,,,,13378000000,,34.82,,239.91,193.36
2025-12-28,WM,6.35,24783999000.0,34.82,,0.586,23.63,,,,,,,,,,,,,,,None,9018000000,9018000000,,,,,,None,1284000000,,3.225,0.0146,,,,-0.207,-0.05,2133000000,3417000000,2.03,2010-12-31,26.32,,9912001000.0,3497000000,1631000000,629000000,,,None,502000000,None,,None,,,,,953000000,1002000000,None,None,0.189,,1461000000,2036000000,,,,,-12000000,,,,,2.619,9.36,3.594,,,,,,,,0.103,,,2025-10-28,annual,1.98,USD,post-market,0,,0.0705,0.293,0.149,61.6,1461000000,,,,223.64,211.44,-2.4631,,,,,,,12515000000,,34.82,,239.91,193.36
2025-12-28,WM,6.35,24783999000.0,34.82,,0.586,23.63,,,,,,,,,,,,,,,None,8407000000,8407000000,,,,,,None,1216000000,,3.225,0.0146,,,,-0.207,-0.05,1945000000,3161000000,2.03,2009-12-31,26.32,,9912001000.0,3384000000,1473000000,413000000,,,None,472000000,None,,None,,,,,994000000,1060000000,None,None,0.189,,1364000000,2020000000,,,,,12000000,,,,,2.619,9.36,3.594,,,,,,,,0.103,,,2025-10-28,annual,1.98,USD,post-market,0,,0.0705,0.293,0.149,61.6,1364000000,,,,223.64,211.44,-2.4631,,,,,,,11791000000,,34.82,,239.91,193.36
2025-12-28,WM,6.35,24783999000.0,34.82,,0.586,23.63,,,,,,,,,,,,,,,None,9704000000,9704000000,,,,,,None,1356000000,,3.225,0.0146,,,,-0.207,-0.05,2160000000,3516000000,2.03,2008-12-31,26.32,,9912001000.0,3684000000,1756000000,669000000,,,None,363000000,None,,None,,,,,1087000000,None,None,None,0.189,,1477000000,2207000000,,,,,None,,,,,2.619,9.36,3.594,,,,,,,,0.103,,,2025-10-28,annual,1.98,USD,post-market,None,,0.0705,0.293,0.149,61.6,1477000000,,,,223.64,211.44,-2.4631,,,,,,,13388000000,,34.82,,239.91,193.36
2025-12-28,WM,6.35,24783999000.0,34.82,,0.586,23.63,,,,,,,,,,,,,,,None,9640000000,9640000000,,,,,,None,1342000000,,3.225,0.0146,,,,-0.207,-0.05,2342000000,3684000000,2.03,2007-12-31,26.32,,9912001000.0,3670000000,1703000000,540000000,,,None,593000000,None,,None,,,,,1163000000,None,None,None,0.189,,1432000000,2238000000,,,,,None,,,,,2.619,9.36,3.594,,,,,,,,0.103,,,2025-10-28,annual,1.98,USD,post-market,None,,0.0705,0.293,0.149,61.6,1432000000,,,,223.64,211.44,-2.4631,,,,,,,13310000000,,34.82,,239.91,193.36
2025-12-28,WM,6.35,24783999000.0,34.82,,0.586,23.63,,,,,,,,,,,,,,,None,9921000000,9921000000,,,,,,None,1413000000,,3.225,0.0146,,,,-0.207,-0.05,2181000000,3594000000,2.03,2006-12-31,26.32,,9912001000.0,3442000000,1474000000,325000000,,,None,663000000,None,,None,,,,,1149000000,None,None,None,0.189,,1388000000,2054000000,,,,,None,,,,,2.619,9.36,3.594,,,,,,,,0.103,,,2025-10-28,annual,1.98,USD,post-market,None,,0.0705,0.293,0.149,61.6,1388000000,,,,223.64,211.44,-2.4631,,,,,,,13363000000,,34.82,,239.91,193.36
2025-12-28,WM,6.35,24783999000.0,34.82,,0.586,23.63,,,,,,,,,,,,,,,None,9992000000,9992000000,,,,,,None,1437000000,,3.225,0.0146,,,,-0.207,-0.05,1767000000,3204000000,2.03,2005-12-31,26.32,,9912001000.0,3082000000,1092000000,-90000000,,,None,627000000,None,,None,,,,,1182000000,None,None,None,0.189,,1276000000,1806000000,,,,,None,,,,,2.619,9.36,3.594,,,,,,,,0.103,,,2025-10-28,annual,1.98,USD,post-market,None,,0.0705,0.293,0.149,61.6,1276000000,,,,223.64,211.44,-2.4631,,,,,,,13074000000,,34.82,,239.91,193.36
2025-12-28,WM,6.35,24783999000.0,34.82,None,0.586,23.63,,None,175000000,175000000,,,,,,,,,6000000,404300000,None,9992000000,9992000000,2082000000,None,880000000,4017000000,None,None,1437000000,,3.225,0.0146,,,,-0.207,-0.05,1767000000,3204000000,2.03,2025-09-30,26.32,13894000000,9912001000.0,3082000000,1092000000,-90000000,3873000000,3873000000,None,627000000,None,223000000,None,None,22482000000,None,791000000,1182000000,None,None,None,0.189,,1276000000,1806000000,424000000,2077000000,None,1712000000,None,,,,,2.619,9.36,3.594,,,,,,,,0.103,,20069000000,2025-10-28,quarterly,1.98,USD,post-market,None,16823000000,0.0705,0.293,0.149,61.6,1276000000,23362000000,880000000,None,223.64,211.44,-2.4631,45608000000,4839000000,5737000000,36088000000,40769000000,30351000000,13074000000,9519000000,34.82,None,239.91,193.36
2025-12-28,WM,6.35,24783999000.0,34.82,None,0.586,23.63,,None,440000000,440000000,,,,,,,,,6000000,404300000,None,9992000000,9992000000,2025000000,None,964000000,3931000000,None,None,1437000000,,3.225,0.0146,,,,-0.207,-0.05,1767000000,3204000000,2.03,2025-06-30,26.32,13886000000,9912001000.0,3082000000,1092000000,-90000000,3964000000,3964000000,None,627000000,None,224000000,None,None,23056000000,None,810000000,1182000000,None,None,None,0.189,,1276000000,1806000000,389000000,2138000000,None,1697000000,None,,,,,2.619,9.36,3.594,,,,,,,,0.103,,19963000000,2025-10-28,quarterly,1.98,USD,post-market,None,16553000000,0.0705,0.293,0.149,61.6,1276000000,24020000000,964000000,None,223.64,211.44,-2.4631,45722000000,4984000000,5816000000,36520000000,40738000000,30704000000,13074000000,9201000000,34.82,None,239.91,193.36
2025-12-28,WM,6.35,24783999000.0,34.82,None,0.586,23.63,,None,216000000,216000000,,,,,,,,,6000000,403900000,None,9992000000,9992000000,1901000000,None,954000000,3588000000,None,None,1437000000,,3.225,0.0146,,,,-0.207,-0.05,1767000000,3204000000,2.03,2025-03-31,26.32,13529000000,9912001000.0,3082000000,1092000000,-90000000,4015000000,4015000000,None,627000000,None,218000000,None,None,22883000000,None,824000000,1182000000,None,None,None,0.189,,1276000000,1806000000,433000000,1807000000,None,1683000000,None,,,,,2.619,9.36,3.594,,,,,,,,0.103,,19553000000,2025-10-28,quarterly,1.98,USD,post-market,None,16160000000,0.0705,0.293,0.149,61.6,1276000000,23837000000,954000000,None,223.64,211.44,-2.4631,44486000000,4455000000,5347000000,35835000000,40031000000,30488000000,13074000000,8650000000,34.82,None,239.91,193.36
2025-12-28,WM,6.35,24783999000.0,34.82,None,0.586,23.63,,None,414000000,414000000,,,,,,,,,6000000,403600000,None,9992000000,9992000000,2046000000,None,1359000000,3687000000,None,None,1437000000,,3.225,0.0146,,,,-0.207,-0.05,1767000000,3204000000,2.03,2024-12-31,26.32,13438000000,9912001000.0,3082000000,1092000000,-90000000,4188000000,4188000000,None,627000000,None,206000000,None,None,22541000000,None,846000000,1182000000,None,None,None,0.189,,1276000000,1806000000,467000000,2180000000,None,1651000000,None,,,,,2.619,9.36,3.594,,,,,,,,0.103,,19340000000,2025-10-28,quarterly,1.98,USD,post-market,None,15858000000,0.0705,0.293,0.149,61.6,1276000000,23900000000,1359000000,None,223.64,211.44,-2.4631,44567000000,4774000000,6258000000,36313000000,39793000000,30055000000,13074000000,8252000000,34.82,None,239.91,193.36
2025-12-28,WM,6.35,24783999000.0,34.82,None,0.586,23.63,,None,614000000,614000000,,,,,,,,,6000000,403200000,None,9992000000,9992000000,1853000000,None,676000000,3125000000,None,None,1437000000,,3.225,0.0146,,,,-0.207,-0.05,1767000000,3204000000,2.03,2024-09-30,26.32,9822000000,9912001000.0,3082000000,1092000000,-90000000,742000000,742000000,None,627000000,None,184000000,None,None,15977000000,None,524000000,1182000000,None,None,None,0.189,,1276000000,1806000000,336000000,1651000000,None,1154000000,None,,,,,2.619,9.36,3.594,,,,,,,,0.103,,17931000000,2025-10-28,quarterly,1.98,USD,post-market,None,15563000000,0.0705,0.293,0.149,61.6,1276000000,16653000000,676000000,None,223.64,211.44,-2.4631,34730000000,4259000000,4779000000,26758000000,30471000000,21979000000,13074000000,7979000000,34.82,None,239.91,193.36
2025-12-28,WM,6.35,24783999000.0,34.82,None,0.586,23.63,,None,172000000,172000000,,,,,,,,,6000000,403200000,None,9992000000,9992000000,1785000000,None,242000000,2980000000,None,None,1437000000,,3.225,0.0146,,,,-0.207,-0.05,1767000000,3204000000,2.03,2024-06-30,26.32,9363000000,9912001000.0,3082000000,1092000000,-90000000,753000000,753000000,None,627000000,None,183000000,None,None,16501000000,None,552000000,1182000000,None,None,None,0.189,,1276000000,1806000000,326000000,1525000000,None,1149000000,None,,,,,2.619,9.36,3.594,,,,,,,,0.103,,None,2025-10-28,quarterly,1.98,USD,post-market,None,15104000000,0.0705,0.293,0.149,61.6,1276000000,16743000000,242000000,778000000,223.64,211.44,-2.4631,33999000000,4439000000,4136000000,26548000000,29560000000,22412000000,13074000000,7457000000,34.82,None,239.91,193.36
2025-12-28,WM,6.35,24783999000.0,34.82,None,0.586,23.63,,None,322000000,322000000,,,,,,,,,6000000,403500000,None,9992000000,9992000000,1617000000,None,336000000,2685000000,None,None,1437000000,,3.225,0.0146,,,,-0.207,-0.05,1767000000,3204000000,2.03,2024-03-31,26.32,9246000000,9912001000.0,3082000000,1092000000,-90000000,728000000,728000000,None,627000000,None,189000000,None,None,15762000000,None,589000000,1182000000,None,None,None,0.189,,1276000000,1806000000,333000000,1410000000,None,1085000000,None,,,,,2.619,9.36,3.594,,,,,,,,0.103,,None,2025-10-28,quarterly,1.98,USD,post-market,None,14738000000,0.0705,0.293,0.149,61.6,1276000000,16098000000,336000000,None,223.64,211.44,-2.4631,32666000000,3529000000,3949000000,25588000000,29137000000,21639000000,13074000000,7082000000,34.82,None,239.91,193.36
2025-12-28,WM,6.35,24783999000.0,34.82,None,0.586,23.63,,None,458000000,458000000,,,,,,,,,6000000,404200000,None,9992000000,9992000000,1709000000,None,334000000,2870000000,None,None,1437000000,,3.225,0.0146,,,,-0.207,-0.05,1767000000,3204000000,2.03,2023-12-31,26.32,9254000000,9912001000.0,3082000000,1092000000,-90000000,759000000,759000000,None,627000000,None,173000000,None,None,15895000000,None,606000000,1182000000,None,None,None,0.189,,1276000000,1806000000,303000000,1605000000,None,1092000000,None,,,,,2.619,9.36,3.594,,,,,,,,0.103,,None,2025-10-28,quarterly,1.98,USD,post-market,None,14334000000,0.0705,0.293,0.149,61.6,1276000000,16229000000,334000000,None,223.64,211.44,-2.4631,32823000000,3804000000,4226000000,25927000000,29019000000,21701000000,13074000000,6903000000,34.82,None,239.91,193.36
2025-12-28,WM,6.35,24783999000.0,34.82,None,0.586,23.63,,None,150000000,150000000,,,,,,,,,6000000,405900000,None,9992000000,9992000000,1738000000,None,297000000,2917000000,None,None,1437000000,,3.225,0.0146,,,,-0.207,-0.05,1767000000,3204000000,2.03,2023-09-30,26.32,9398000000,9912001000.0,3082000000,1092000000,-90000000,779000000,779000000,None,627000000,None,175000000,None,None,15133000000,None,542000000,1182000000,None,None,None,0.189,,1276000000,1806000000,320000000,1596000000,None,5618000000,None,,,,,2.619,9.36,3.594,,,,,,,,0.103,,16229000000,2025-10-28,quarterly,1.98,USD,post-market,None,14124000000,0.0705,0.293,0.149,61.6,1276000000,15430000000,297000000,None,223.64,211.44,-2.4631,31935000000,3562000000,4218000000,24969000000,28373000000,20751000000,13074000000,6950000000,34.82,None,239.91,193.36
2025-12-28,WM,6.35,24783999000.0,34.82,None,0.586,23.63,,None,144000000,144000000,,,,,,,,,6000000,407700000,None,9992000000,9992000000,1626000000,None,513000000,2846000000,None,None,1437000000,,3.225,0.0146,,,,-0.207,-0.05,1767000000,3204000000,2.03,2023-06-30,26.32,9399000000,9912001000.0,3082000000,1092000000,-90000000,809000000,809000000,None,627000000,None,170000000,None,None,14855000000,None,564000000,1182000000,None,None,None,0.189,,1276000000,1806000000,320000000,1544000000,None,3802000000,None,,,,,2.619,9.36,3.594,,,,,,,,0.103,,15917000000,2025-10-28,quarterly,1.98,USD,post-market,None,13744000000,0.0705,0.293,0.149,61.6,1276000000,15368000000,513000000,None,223.64,211.44,-2.4631,31614000000,3480000000,4251000000,24686000000,28134000000,20435000000,13074000000,6909000000,34.82,None,239.91,193.36
2025-12-28,WM,6.35,24783999000.0,34.82,None,0.586,23.63,,None,257000000,257000000,,,,,,,,,6000000,409000000,None,9992000000,9992000000,1510000000,None,336000000,2608000000,None,None,1437000000,,3.225,0.0146,,,,-0.207,-0.05,1767000000,3204000000,2.03,2023-03-31,26.32,9344000000,9912001000.0,3082000000,1092000000,-90000000,823000000,823000000,None,627000000,None,170000000,None,None,15034000000,None,569000000,1182000000,None,None,None,0.189,,1276000000,1806000000,336000000,1426000000,None,3808000000,None,,,,,2.619,9.36,3.594,,,,,,,,0.103,,15705000000,2025-10-28,quarterly,1.98,USD,post-market,None,13414000000,0.0705,0.293,0.149,61.6,1276000000,15370000000,336000000,None,223.64,211.44,-2.4631,31290000000,3371000000,3856000000,24482000000,27919000000,20626000000,13074000000,6794000000,34.82,None,239.91,193.36
2025-12-28,WM,6.35,24783999000.0,34.82,None,0.586,23.63,,None,351000000,351000000,,,,,,,,,6000000,411500000,None,9992000000,9992000000,1766000000,None,414000000,2752000000,None,None,1437000000,,3.225,0.0146,,,,-0.207,-0.05,1767000000,3204000000,2.03,2022-12-31,26.32,9323000000,9912001000.0,3082000000,1092000000,-90000000,827000000,827000000,None,627000000,None,164000000,None,None,14570000000,None,578000000,1182000000,None,None,None,0.189,,1276000000,1806000000,284000000,1625000000,None,5539000000,None,,,,,2.619,9.36,3.594,,,,,,,,0.103,,15719000000,2025-10-28,quarterly,1.98,USD,post-market,None,13167000000,0.0705,0.293,0.149,61.6,1276000000,14984000000,414000000,None,223.64,211.44,-2.4631,31367000000,3551000000,4394000000,24503000000,27816000000,20109000000,13074000000,6849000000,34.82,None,239.91,193.36
2025-12-28,WM,6.35,24783999000.0,34.82,None,0.586,23.63,,None,137000000,137000000,,,,,,,,,6000000,414300000,None,9992000000,9992000000,1489000000,None,258000000,2676000000,None,None,1437000000,,3.225,0.0146,,,,-0.207,-0.05,1767000000,3204000000,2.03,2022-09-30,26.32,9092000000,9912001000.0,3082000000,1092000000,-90000000,847000000,847000000,None,627000000,None,159000000,None,None,13805000000,None,593000000,1182000000,None,None,None,0.189,,1276000000,1806000000,292000000,1496000000,None,3561000000,None,,,,,2.619,9.36,3.594,,,,,,,,0.103,,14742000000,2025-10-28,quarterly,1.98,USD,post-market,None,12933000000,0.0705,0.293,0.149,61.6,1276000000,14063000000,258000000,None,223.64,211.44,-2.4631,29841000000,3264000000,3834000000,22829000000,26577000000,18995000000,13074000000,7010000000,34.82,None,239.91,193.36
2025-12-28,WM,6.35,24783999000.0,34.82,None,0.586,23.63,,None,894000000,894000000,,,,,,,,,6000000,416400000,None,9992000000,9992000000,1382000000,None,231000000,2665000000,None,None,1437000000,,3.225,0.0146,,,,-0.207,-0.05,1767000000,3204000000,2.03,2022-06-30,26.32,9022000000,9912001000.0,3082000000,1092000000,-90000000,834000000,834000000,None,627000000,None,159000000,None,None,14046000000,None,607000000,1182000000,None,None,None,0.189,,1276000000,1806000000,269000000,1493000000,None,3536000000,None,,,,,2.619,9.36,3.594,,,,,,,,0.103,,14382000000,2025-10-28,quarterly,1.98,USD,post-market,None,12563000000,0.0705,0.293,0.149,61.6,1276000000,14277000000,231000000,None,223.64,211.44,-2.4631,30128000000,3987000000,3722000000,22936000000,26141000000,19214000000,13074000000,7190000000,34.82,None,239.91,193.36
2025-12-28,WM,6.35,24783999000.0,34.82,None,0.586,23.63,,None,155000000,155000000,,,,,,,,,6000000,417800000,None,9992000000,9992000000,1384000000,None,435000000,2479000000,None,None,1437000000,,3.225,0.0146,,,,-0.207,-0.05,1767000000,3204000000,2.03,2022-03-31,26.32,9034000000,9912001000.0,3082000000,1092000000,-90000000,868000000,868000000,None,627000000,None,149000000,None,None,13052000000,None,625000000,1182000000,None,None,None,0.189,,1276000000,1806000000,276000000,1387000000,None,3535000000,None,,,,,2.619,9.36,3.594,,,,,,,,0.103,,14298000000,2025-10-28,quarterly,1.98,USD,post-market,None,12247000000,0.0705,0.293,0.149,61.6,1276000000,13487000000,435000000,None,223.64,211.44,-2.4631,29219000000,3059000000,3806000000,22073000000,26160000000,18267000000,13074000000,7144000000,34.82,None,239.91,193.36
2025-12-28,WM,6.35,24783999000.0,34.82,None,0.586,23.63,,None,118000000,118000000,,,,,,,,,6000000,420600000,None,9992000000,9992000000,1375000000,None,708000000,2546000000,None,None,1437000000,,3.225,0.0146,,,,-0.207,-0.05,1767000000,3204000000,2.03,2021-12-31,26.32,9028000000,9912001000.0,3082000000,1092000000,-90000000,898000000,898000000,None,627000000,None,135000000,None,None,12697000000,None,432000000,1182000000,None,None,None,0.189,,1276000000,1806000000,270000000,1428000000,None,5192000000,None,,,,,2.619,9.36,3.594,,,,,,,,0.103,,14419000000,2025-10-28,quarterly,1.98,USD,post-market,None,12004000000,0.0705,0.293,0.149,61.6,1276000000,13405000000,708000000,None,223.64,211.44,-2.4631,29097000000,3069000000,4082000000,21971000000,26028000000,17889000000,13074000000,7124000000,34.82,-10072000000,239.91,193.36
2025-12-28,WM,6.35,24783999000.0,34.82,None,0.586,23.63,,None,116000000,116000000,,,,,,,,,6000000,422000000,None,9992000000,9992000000,1466000000,None,601000000,2669000000,None,None,1437000000,,3.225,0.0146,,,,-0.207,-0.05,1767000000,3204000000,2.03,2021-09-30,26.32,9006000000,9912001000.0,3082000000,1092000000,-90000000,919000000,919000000,None,627000000,None,132000000,None,None,12446000000,None,402000000,1182000000,None,None,None,0.189,,1276000000,1806000000,267000000,1473000000,None,1066000000,None,,,,,2.619,9.36,3.594,,,,,,,,0.103,,14083000000,2025-10-28,quarterly,1.98,USD,post-market,None,11740000000,0.0705,0.293,0.149,61.6,1276000000,13047000000,601000000,402000000,223.64,211.44,-2.4631,28841000000,3184000000,4102000000,21667000000,25657000000,17565000000,13074000000,7172000000,34.82,-9697000000,239.91,193.36
2025-12-28,WM,6.35,24783999000.0,34.82,None,0.586,23.63,,None,148000000,148000000,,,,,,,,,6000000,423600000,None,9992000000,9992000000,1393000000,None,361000000,2645000000,None,None,1437000000,,3.225,0.0146,,,,-0.207,-0.05,1767000000,3204000000,2.03,2021-06-30,26.32,8992000000,9912001000.0,3082000000,1092000000,-90000000,956000000,956000000,None,627000000,None,126000000,None,None,12883000000,None,417000000,1182000000,None,None,None,0.189,,1276000000,1806000000,307000000,1372000000,None,1074000000,None,,,,,2.619,9.36,3.594,,,,,,,,0.103,,14110000000,2025-10-28,quarterly,1.98,USD,post-market,None,11444000000,0.0705,0.293,0.149,61.6,1276000000,13244000000,361000000,417000000,223.64,211.44,-2.4631,29037000000,3226000000,3683000000,21683000000,25811000000,18000000000,13074000000,7352000000,34.82,-9272000000,239.91,193.36
2025-12-28,WM,6.35,24783999000.0,34.82,None,0.586,23.63,,None,476000000,476000000,,,,,,,,,6000000,424300000,None,9992000000,9992000000,1212000000,None,244000000,2427000000,None,None,1437000000,,3.225,0.0146,,,,-0.207,-0.05,1767000000,3204000000,2.03,2021-03-31,26.32,8980000000,9912001000.0,3082000000,1092000000,-90000000,990000000,990000000,None,627000000,None,124000000,None,None,13244000000,None,426000000,1182000000,None,None,None,0.189,,1276000000,1806000000,300000000,1281000000,None,3307000000,None,,,,,2.619,9.36,3.594,,,,,,,,0.103,,14038000000,2025-10-28,quarterly,1.98,USD,post-market,None,11337000000,0.0705,0.293,0.149,61.6,1276000000,13488000000,244000000,426000000,223.64,211.44,-2.4631,29070000000,3327000000,3285000000,21641000000,25743000000,18356000000,13074000000,7427000000,34.82,-9035000000,239.91,193.36
2025-12-28,WM,6.35,24783999000.0,34.82,None,0.586,23.63,,None,553000000,553000000,,,,,,,,,6000000,425100000,None,9992000000,9992000000,1121000000,None,551000000,2624000000,None,None,1437000000,,3.225,0.0146,,,,-0.207,-0.05,1767000000,3204000000,2.03,2020-12-31,26.32,8994000000,9912001000.0,3082000000,1092000000,-90000000,1024000000,1024000000,None,627000000,None,124000000,None,None,13259000000,None,426000000,1182000000,None,None,None,0.189,,1276000000,1806000000,239000000,1342000000,None,3273000000,None,,,,,2.619,9.36,3.594,,,,,,,,0.103,,14148000000,2025-10-28,quarterly,1.98,USD,post-market,None,11159000000,0.0705,0.293,0.149,61.6,1276000000,13810000000,551000000,426000000,223.64,211.44,-2.4631,29345000000,3540000000,3553000000,21891000000,25805000000,18338000000,13074000000,7452000000,34.82,-8881000000,239.91,193.36
2025-12-28,WM,6.35,24783999000.0,34.82,None,0.586,23.63,,None,703000000,703000000,,,,,,,,,6000000,424600000,None,9992000000,9992000000,884000000,None,167000000,2217000000,None,None,1437000000,,3.225,0.0146,,,,-0.207,-0.05,1767000000,3204000000,2.03,2020-09-30,26.32,6504000000,9912001000.0,3082000000,1092000000,-90000000,450000000,450000000,None,627000000,None,117000000,None,None,10255000000,None,425000000,1182000000,None,None,None,0.189,,1276000000,1806000000,320000000,1259000000,None,3086000000,None,,,,,2.619,9.36,3.594,,,,,,,,0.103,,12846000000,2025-10-28,quarterly,1.98,USD,post-market,None,10952000000,0.0705,0.293,0.149,61.6,1276000000,10422000000,167000000,425000000,223.64,211.44,-2.4631,24772000000,3357000000,2806000000,17615000000,21415000000,14809000000,13074000000,7155000000,34.82,-8891000000,239.91,193.36
2025-12-28,WM,6.35,24783999000.0,34.82,None,0.586,23.63,,None,2663000000,2663000000,,,,,,,,,6000000,423900000,None,9992000000,9992000000,904000000,None,3190000000,2107000000,None,None,1437000000,,3.225,0.0146,,,,-0.207,-0.05,1767000000,3204000000,2.03,2020-06-30,26.32,6512000000,9912001000.0,3082000000,1092000000,-90000000,472000000,472000000,None,627000000,None,118000000,None,None,9598000000,None,439000000,1182000000,None,None,None,0.189,,1276000000,1806000000,218000000,1184000000,None,2989000000,None,,,,,2.619,9.36,3.594,,,,,,,,0.103,,12917000000,2025-10-28,quarterly,1.98,USD,post-market,None,10795000000,0.0705,0.293,0.149,61.6,1276000000,12788000000,3190000000,None,223.64,211.44,-2.4631,26619000000,5106000000,5772000000,19726000000,21513000000,13954000000,13074000000,6891000000,34.82,-8909000000,239.91,193.36
2025-12-28,WM,6.35,24783999000.0,34.82,None,0.586,23.63,,None,3125000000,3125000000,,,,,,,,,6000000,426400000,None,9992000000,9992000000,1031000000,None,387000000,2168000000,None,None,1437000000,,3.225,0.0146,,,,-0.207,-0.05,1767000000,3204000000,2.03,2020-03-31,26.32,6498000000,9912001000.0,3082000000,1092000000,-90000000,494000000,494000000,None,627000000,None,116000000,None,None,13065000000,None,451000000,1182000000,None,None,None,0.189,,1276000000,1806000000,226000000,1155000000,None,2911000000,None,,,,,2.619,9.36,3.594,,,,,,,,0.103,,12900000000,2025-10-28,quarterly,1.98,USD,post-market,None,10718000000,0.0705,0.293,0.149,61.6,1276000000,13452000000,387000000,None,223.64,211.44,-2.4631,27178000000,5635000000,3070000000,20433000000,21543000000,17363000000,13074000000,6743000000,34.82,-8916000000,239.91,193.36
2025-12-28,WM,6.35,24783999000.0,34.82,None,0.586,23.63,,None,3561000000,3561000000,,,,,,,,,6000000,427400000,None,9992000000,9992000000,1065000000,None,218000000,2319000000,None,None,1437000000,,3.225,0.0146,,,,-0.207,-0.05,1767000000,3204000000,2.03,2019-12-31,26.32,6532000000,9912001000.0,3082000000,1092000000,-90000000,521000000,521000000,None,627000000,None,106000000,None,None,13280000000,None,483000000,1182000000,None,None,None,0.189,,1276000000,1806000000,223000000,1327000000,None,2842000000,None,,,,,2.619,9.36,3.594,,,,,,,,0.103,,12893000000,2025-10-28,quarterly,1.98,USD,post-market,None,10592000000,0.0705,0.293,0.149,61.6,1276000000,13498000000,218000000,None,223.64,211.44,-2.4631,27743000000,6209000000,3144000000,20673000000,21534000000,17529000000,13074000000,7068000000,34.82,-8571000000,239.91,193.36
2025-12-28,WM,6.35,24783999000.0,34.82,None,0.586,23.63,,None,2915000000,2915000000,,,,,,,,,6000000,427400000,None,9992000000,9992000000,903000000,None,211000000,2280000000,None,None,1437000000,,3.225,0.0146,,,,-0.207,-0.05,1767000000,3204000000,2.03,2019-09-30,26.32,6550000000,9912001000.0,3082000000,1092000000,-90000000,543000000,543000000,None,627000000,None,109000000,None,None,13147000000,None,494000000,1182000000,None,None,None,0.189,,1276000000,1806000000,256000000,1358000000,None,2855000000,None,,,,,2.619,9.36,3.594,,,,,,,,0.103,,12805000000,2025-10-28,quarterly,1.98,USD,post-market,None,10364000000,0.0705,0.293,0.149,61.6,1276000000,13358000000,211000000,None,223.64,211.44,-2.4631,27109000000,5560000000,2989000000,20322000000,21549000000,17333000000,13074000000,6785000000,34.82,-8578000000,239.91,193.36
2025-12-28,WM,6.35,24783999000.0,34.82,None,0.586,23.63,,None,2250000000,2250000000,,,,,,,,,6000000,427500000,None,9992000000,9992000000,908000000,None,116000000,2260000000,None,None,1437000000,,3.225,0.0146,,,,-0.207,-0.05,1767000000,3204000000,2.03,2019-06-30,26.32,6512000000,9912001000.0,3082000000,1092000000,-90000000,547000000,547000000,None,627000000,None,104000000,None,None,12623000000,None,333000000,1182000000,None,None,None,0.189,,1276000000,1806000000,222000000,1296000000,None,2761000000,None,,,,,2.619,9.36,3.594,,,,,,,,0.103,,12665000000,2025-10-28,quarterly,1.98,USD,post-market,None,10088000000,0.0705,0.293,0.149,61.6,1276000000,12739000000,116000000,None,223.64,211.44,-2.4631,25986000000,4836000000,2846000000,19519000000,21150000000,16673000000,13074000000,6466000000,34.82,-8568000000,239.91,193.36
2025-12-28,WM,6.35,24783999000.0,34.82,None,0.586,23.63,,None,57000000,57000000,,,,,,,,,6000000,426900000,None,9992000000,9992000000,899000000,None,1043000000,2081000000,None,None,1437000000,,3.225,0.0146,,,,-0.207,-0.05,1767000000,3204000000,2.03,2019-03-31,26.32,6479000000,9912001000.0,3082000000,1092000000,-90000000,570000000,570000000,None,627000000,None,105000000,None,None,9138000000,None,334000000,1182000000,None,None,None,0.189,,1276000000,1806000000,245000000,1158000000,None,2724000000,None,,,,,2.619,9.36,3.594,,,,,,,,0.103,,12390000000,2025-10-28,quarterly,1.98,USD,post-market,None,9924000000,0.0705,0.293,0.149,61.6,1276000000,10366000000,1043000000,None,223.64,211.44,-2.4631,23373000000,2488000000,3612000000,16956000000,20885000000,13344000000,13074000000,6415000000,34.82,-8440000000,239.91,193.36
2025-12-28,WM,6.35,24783999000.0,34.82,None,0.586,23.63,,None,61000000,61000000,,,,,,,,,6000000,428500000,None,9992000000,9992000000,1037000000,None,432000000,2275000000,None,None,1437000000,,3.225,0.0146,,,,-0.207,-0.05,1767000000,3204000000,2.03,2018-12-31,26.32,6430000000,9912001000.0,3082000000,1092000000,-90000000,572000000,572000000,None,627000000,None,102000000,None,None,9594000000,None,406000000,1182000000,None,None,None,0.189,,1276000000,1806000000,207000000,1117000000,None,2381000000,None,,,,,2.619,9.36,3.594,,,,,,,,0.103,,11942000000,2025-10-28,quarterly,1.98,USD,post-market,None,9797000000,0.0705,0.293,0.149,61.6,1276000000,10026000000,432000000,None,223.64,211.44,-2.4631,22650000000,2645000000,3108000000,16374000000,20005000000,13266000000,13074000000,6275000000,34.82,-8434000000,239.91,193.36
2025-12-28,WM,6.35,24783999000.0,34.82,None,0.586,23.63,,None,83000000,83000000,,,,,,,,,6000000,430800000,None,9992000000,9992000000,940000000,None,447000000,2342000000,None,None,1437000000,,3.225,0.0146,,,,-0.207,-0.05,1767000000,3204000000,2.03,2018-09-30,26.32,6390000000,9912001000.0,3082000000,1092000000,-90000000,554000000,554000000,None,627000000,None,103000000,None,None,9569000000,None,419000000,1182000000,None,None,None,0.189,,1276000000,1806000000,147000000,1171000000,None,2466000000,None,,,,,2.619,9.36,3.594,,,,,,,,0.103,,11815000000,2025-10-28,quarterly,1.98,USD,post-market,None,9464000000,0.0705,0.293,0.149,61.6,1276000000,10016000000,447000000,0,223.64,211.44,-2.4631,22591000000,2675000000,3070000000,16350000000,19916000000,13280000000,13074000000,6239000000,34.82,-8142000000,239.91,193.36
2025-12-28,WM,6.35,24783999000.0,34.82,None,0.586,23.63,,None,47000000,47000000,,,,,,,,,6000000,432300000,None,9992000000,9992000000,829000000,None,828000000,2189000000,None,None,1437000000,,3.225,0.0146,,,,-0.207,-0.05,1767000000,3204000000,2.03,2018-06-30,26.32,6346000000,9912001000.0,3082000000,1092000000,-90000000,553000000,553000000,None,627000000,None,100000000,None,None,8968000000,None,254000000,1182000000,None,None,None,0.189,,1276000000,1806000000,135000000,1131000000,None,2435000000,None,,,,,2.619,9.36,3.594,,,,,,,,0.103,,11625000000,2025-10-28,quarterly,1.98,USD,post-market,None,9166000000,0.0705,0.293,0.149,61.6,1276000000,9796000000,828000000,0,223.64,211.44,-2.4631,22014000000,2471000000,3305000000,15958000000,19543000000,12653000000,13074000000,6054000000,34.82,-8004000000,239.91,193.36
2025-12-28,WM,6.35,24783999000.0,34.82,None,0.586,23.63,,None,52000000,52000000,,,,,,,,,6000000,435800000,None,9992000000,9992000000,791000000,None,1056000000,2204000000,None,None,1437000000,,3.225,0.0146,,,,-0.207,-0.05,1767000000,3204000000,2.03,2018-03-31,26.32,6327000000,9912001000.0,3082000000,1092000000,-90000000,597000000,597000000,None,627000000,None,98000000,None,None,8901000000,None,266000000,1182000000,None,None,None,0.189,,1276000000,1806000000,137000000,1031000000,None,2509000000,None,,,,,2.619,9.36,3.594,,,,,,,,0.103,,11637000000,2025-10-28,quarterly,1.98,USD,post-market,None,8867000000,0.0705,0.293,0.149,61.6,1276000000,9957000000,1056000000,0,223.64,211.44,-2.4631,22106000000,2491000000,3373000000,16041000000,19615000000,12668000000,13074000000,6044000000,34.82,-7717000000,239.91,193.36
2025-12-28,WM,6.35,24783999000.0,34.82,None,0.586,23.63,,None,22000000,22000000,,,,,,,,,6000000,437700000,None,9992000000,9992000000,1040000000,None,739000000,2374000000,None,None,1437000000,,3.225,0.0146,,,,-0.207,-0.05,1767000000,3204000000,2.03,2017-12-31,26.32,6247000000,9912001000.0,3082000000,1092000000,-90000000,547000000,547000000,None,627000000,None,96000000,None,None,8752000000,None,269000000,1182000000,None,None,None,0.189,,1276000000,1806000000,132000000,980000000,None,2525000000,None,,,,,2.619,9.36,3.594,,,,,,,,0.103,,11559000000,2025-10-28,quarterly,1.98,USD,post-market,None,8588000000,0.0705,0.293,0.149,61.6,1276000000,9491000000,739000000,0,223.64,211.44,-2.4631,21829000000,2624000000,3262000000,15787000000,19205000000,12525000000,13074000000,6019000000,34.82,-7516000000,239.91,193.36
2025-12-28,WM,6.35,24783999000.0,34.82,None,0.586,23.63,,None,35000000,35000000,,,,,,,,,6000000,440800000,None,9992000000,9992000000,789000000,None,850000000,2002000000,None,None,1437000000,,3.225,0.0146,,,,-0.207,-0.05,1767000000,3204000000,2.03,2017-09-30,26.32,6267000000,9912001000.0,3082000000,1092000000,-90000000,561000000,561000000,None,627000000,None,99000000,None,None,8495000000,None,287000000,1182000000,None,None,None,0.189,,1276000000,1806000000,164000000,1136000000,None,2443000000,None,,,,,2.619,9.36,3.594,,,,,,,,0.103,,11136000000,2025-10-28,quarterly,1.98,USD,post-market,None,7871000000,0.0705,0.293,0.149,61.6,1276000000,9345000000,850000000,0,223.64,211.44,-2.4631,20949000000,2300000000,3259000000,15649000000,18649000000,12390000000,13074000000,5278000000,34.82,-7419000000,239.91,193.36
2025-12-28,WM,6.35,24783999000.0,34.82,None,0.586,23.63,,None,32000000,32000000,,,,,,,,,6000000,444400000,None,9992000000,9992000000,808000000,None,9057000000,2077000000,None,None,1437000000,,3.225,0.0146,,,,-0.207,-0.05,1767000000,3204000000,2.03,2017-06-30,26.32,6248000000,9912001000.0,3082000000,1092000000,-90000000,573000000,573000000,None,627000000,None,96000000,None,None,8667000000,None,289000000,1182000000,None,None,None,0.189,,1276000000,1806000000,121000000,1075000000,None,2408000000,None,,,,,2.619,9.36,3.594,,,,,,,,0.103,,11002000000,2025-10-28,quarterly,1.98,USD,post-market,None,7671000000,0.0705,0.293,0.149,61.6,1276000000,9057000000,390000000,0,223.64,211.44,-2.4631,20839000000,2326000000,2770000000,15332000000,18513000000,12562000000,13074000000,5486000000,34.82,-6986000000,239.91,193.36
2025-12-28,WM,6.35,24783999000.0,34.82,None,0.586,23.63,,None,30000000,30000000,,,,,,,,,6000000,444100000,None,9992000000,9992000000,720000000,None,9042000000,1972000000,None,None,1437000000,,3.225,0.0146,,,,-0.207,-0.05,1767000000,3204000000,2.03,2017-03-31,26.32,6223000000,9912001000.0,3082000000,1092000000,-90000000,572000000,572000000,None,627000000,None,95000000,None,None,8646000000,None,295000000,1182000000,None,None,None,0.189,,1276000000,1806000000,126000000,963000000,None,2387000000,None,,,,,2.619,9.36,3.594,,,,,,,,0.103,,10929000000,2025-10-28,quarterly,1.98,USD,post-market,None,7497000000,0.0705,0.293,0.149,61.6,1276000000,9042000000,396000000,0,223.64,211.44,-2.4631,20650000000,2223000000,2558000000,15112000000,18427000000,12554000000,13074000000,5517000000,34.82,-6805000000,239.91,193.36
2025-12-28,WM,6.35,24783999000.0,34.82,None,0.586,23.63,,None,32000000,32000000,,,,,,,,,6000000,444200000,None,9992000000,9992000000,799000000,None,417000000,2132000000,None,None,1437000000,,3.225,0.0146,,,,-0.207,-0.05,1767000000,3204000000,2.03,2016-12-31,26.32,6215000000,9912001000.0,3082000000,1092000000,-90000000,591000000,591000000,None,627000000,None,90000000,None,None,8893000000,None,320000000,1182000000,None,None,None,0.189,,1276000000,1806000000,122000000,1085000000,None,2370000000,None,,,,,2.619,9.36,3.594,,,,,,,,0.103,,10950000000,2025-10-28,quarterly,1.98,USD,post-market,None,7388000000,0.0705,0.293,0.149,61.6,1276000000,9310000000,417000000,0,223.64,211.44,-2.4631,20859000000,2376000000,2794000000,15539000000,18483000000,12745000000,13074000000,5297000000,34.82,-6867000000,239.91,193.36
2025-12-28,WM,6.35,24783999000.0,34.82,None,0.586,23.63,,None,30000000,30000000,,,,,,,,,6000000,445700000,None,9992000000,9992000000,689000000,None,432000000,2040000000,None,None,1437000000,,3.225,0.0146,,,,-0.207,-0.05,1767000000,3204000000,2.03,2016-09-30,26.32,6227000000,9912001000.0,3082000000,1092000000,-90000000,617000000,617000000,None,627000000,None,93000000,None,None,8829000000,None,326000000,1182000000,None,None,None,0.189,,1276000000,1806000000,130000000,1068000000,None,2452000000,None,,,,,2.619,9.36,3.594,,,,,,,,0.103,,10842000000,2025-10-28,quarterly,1.98,USD,post-market,None,7235000000,0.0705,0.293,0.149,61.6,1276000000,9261000000,432000000,0,223.64,211.44,-2.4631,20756000000,2293000000,2664000000,15373000000,18463000000,12709000000,13074000000,5359000000,34.82,-6693000000,239.91,193.36
2025-12-28,WM,6.35,24783999000.0,34.82,None,0.586,23.63,,None,39000000,39000000,,,,,,,,,6000000,446700000,None,9992000000,9992000000,620000000,None,614000000,2023000000,None,None,1437000000,,3.225,0.0146,,,,-0.207,-0.05,1767000000,3204000000,2.03,2016-06-30,26.32,6230000000,9912001000.0,3082000000,1092000000,-90000000,632000000,632000000,None,627000000,None,93000000,None,None,8916000000,None,321000000,1182000000,None,None,None,0.189,,1276000000,1806000000,121000000,1089000000,None,2407000000,None,,,,,2.619,9.36,3.594,,,,,,,,0.103,,10841000000,2025-10-28,quarterly,1.98,USD,post-market,None,7116000000,0.0705,0.293,0.149,61.6,1276000000,9530000000,614000000,0,223.64,211.44,-2.4631,20752000000,2276000000,2806000000,15524000000,18476000000,12718000000,13074000000,5208000000,34.82,-6667000000,239.91,193.36
2025-12-28,WM,6.35,24783999000.0,34.82,None,0.586,23.63,,None,104000000,104000000,,,,,,,,,6000000,448600000,None,9992000000,9992000000,591000000,None,None,1988000000,None,None,1437000000,,3.225,0.0146,,,,-0.207,-0.05,1767000000,3204000000,2.03,2016-03-31,26.32,6215000000,9912001000.0,3082000000,1092000000,-90000000,645000000,645000000,None,627000000,None,92000000,None,None,9072000000,None,371000000,1182000000,None,None,None,0.189,,1276000000,1806000000,118000000,980000000,None,2401000000,None,,,,,2.619,9.36,3.594,,,,,,,,0.103,,10796000000,2025-10-28,quarterly,1.98,USD,post-market,None,7012000000,0.0705,0.293,0.149,61.6,1276000000,9596000000,524000000,0,223.64,211.44,-2.4631,20781000000,2302000000,2560000000,15471000000,18479000000,12911000000,13074000000,5290000000,34.82,-6465000000,239.91,193.36
2025-12-28,WM,6.35,24783999000.0,34.82,None,0.586,23.63,,None,39000000,39000000,,,,,,,,,6000000,450600000,None,9992000000,9992000000,721000000,None,253000000,2094000000,None,None,1437000000,,3.225,0.0146,,,,-0.207,-0.05,1767000000,3204000000,2.03,2015-12-31,26.32,5984000000,9912001000.0,3082000000,1092000000,-90000000,477000000,477000000,None,627000000,None,92000000,None,None,8728000000,None,360000000,1182000000,None,None,None,0.189,,1276000000,1806000000,665000000,1064000000,None,2423000000,None,,,,,2.619,9.36,3.594,,,,,,,,0.103,,10665000000,2025-10-28,quarterly,1.98,USD,post-market,None,6939000000,0.0705,0.293,0.149,61.6,1276000000,8981000000,253000000,0,223.64,211.44,-2.4631,20419000000,2345000000,2510000000,15052000000,18074000000,12542000000,13074000000,5345000000,34.82,-6300000000,239.91,193.36
2025-12-28,WM,6.35,24783999000.0,34.82,None,0.586,23.63,,None,113000000,113000000,,,,,,,,,6000000,452700000,None,9992000000,9992000000,671000000,None,None,2002000000,None,None,1437000000,,3.225,0.0146,,,,-0.207,-0.05,1767000000,3204000000,2.03,2015-09-30,26.32,5886000000,9912001000.0,3082000000,1092000000,-90000000,495000000,495000000,None,627000000,None,92000000,None,None,8835000000,None,374000000,1182000000,None,None,None,0.189,,1276000000,1806000000,192000000,1095000000,None,2378000000,None,,,,,2.619,9.36,3.594,,,,,,,,0.103,,10659000000,2025-10-28,quarterly,1.98,USD,post-market,None,6840000000,0.0705,0.293,0.149,61.6,1276000000,9050000000,215000000,0,223.64,211.44,-2.4631,20402000000,2399000000,2442000000,15145000000,18003000000,12703000000,13074000000,5235000000,34.82,-6325000000,239.91,193.36
2025-12-28,WM,6.35,24783999000.0,34.82,None,0.586,23.63,,None,273000000,273000000,,,,,,,,,6000000,458000000,None,9992000000,9992000000,707000000,None,None,1953000000,None,None,1437000000,,3.225,0.0146,,,,-0.207,-0.05,1767000000,3204000000,2.03,2015-06-30,26.32,5880000000,9912001000.0,3082000000,1092000000,-90000000,512000000,512000000,None,627000000,None,102000000,None,None,8910000000,None,390000000,1182000000,None,None,None,0.189,,1276000000,1806000000,225000000,1095000000,None,2375000000,None,,,,,2.619,9.36,3.594,,,,,,,,0.103,,10665000000,2025-10-28,quarterly,1.98,USD,post-market,None,6680000000,0.0705,0.293,0.149,61.6,1276000000,9106000000,196000000,0,223.64,211.44,-2.4631,20578000000,2553000000,2477000000,15171000000,18025000000,12694000000,13074000000,5386000000,34.82,-6044000000,239.91,193.36
2025-12-28,WM,6.35,24783999000.0,34.82,None,0.586,23.63,,None,277000000,277000000,,,,,,,,,6000000,458500000,None,9992000000,9992000000,634000000,None,None,2008000000,None,None,1437000000,,3.225,0.0146,,,,-0.207,-0.05,1767000000,3204000000,2.03,2015-03-31,26.32,5855000000,9912001000.0,3082000000,1092000000,-90000000,564000000,564000000,None,627000000,None,109000000,None,None,9039000000,None,397000000,1182000000,None,None,None,0.189,,1276000000,1806000000,223000000,1008000000,None,2313000000,None,,,,,2.619,9.36,3.594,,,,,,,,0.103,,10679000000,2025-10-28,quarterly,1.98,USD,post-market,None,6582000000,0.0705,0.293,0.149,61.6,1276000000,9207000000,168000000,0,223.64,211.44,-2.4631,20691000000,2617000000,2273000000,15116000000,18074000000,12843000000,13074000000,5554000000,34.82,-5750000000,239.91,193.36
2025-12-28,WM,6.35,24783999000.0,34.82,None,0.586,23.63,,None,1307000000,1307000000,,,,,,,,,6000000,461900000,None,9992000000,9992000000,740000000,None,1090000000,1937000000,None,None,1437000000,,3.225,0.0146,,,,-0.207,-0.05,1767000000,3204000000,2.03,2014-12-31,26.32,5740000000,9912001000.0,3082000000,1092000000,-90000000,440000000,440000000,None,627000000,None,106000000,None,None,8345000000,None,408000000,1182000000,None,None,None,0.189,,1276000000,1806000000,291000000,1180000000,None,2240000000,None,,,,,2.619,9.36,3.594,,,,,,,,0.103,,10657000000,2025-10-28,quarterly,1.98,USD,post-market,None,6888000000,0.0705,0.293,0.149,61.6,1276000000,9435000000,1090000000,0,223.64,211.44,-2.4631,21412000000,3641000000,3485000000,15523000000,17771000000,12038000000,13074000000,5866000000,34.82,-5636000000,239.91,193.36
2025-12-28,WM,6.35,24783999000.0,34.82,None,0.586,23.63,,None,183000000,183000000,,,,,,,,,6000000,463600000,None,9992000000,9992000000,712000000,None,None,1713000000,None,None,1437000000,,3.225,0.0146,,,,-0.207,-0.05,1767000000,3204000000,2.03,2014-09-30,26.32,5766000000,9912001000.0,3082000000,1092000000,-90000000,464000000,464000000,None,627000000,None,106000000,None,None,9023000000,None,443000000,1182000000,None,None,None,0.189,,1276000000,1806000000,2114000000,1469000000,None,2214000000,None,,,,,2.619,9.36,3.594,,,,,,,,0.103,,10849000000,2025-10-28,quarterly,1.98,USD,post-market,None,6473000000,0.0705,0.293,0.149,61.6,1276000000,10164000000,1141000000,0,223.64,211.44,-2.4631,22211000000,4116000000,3789000000,16548000000,18095000000,12759000000,13074000000,5364000000,34.82,-5658000000,239.91,193.36
2025-12-28,WM,6.35,24783999000.0,34.82,None,0.586,23.63,,None,137000000,137000000,,,,,,,,,6000000,468000000,None,9992000000,9992000000,692000000,None,None,1797000000,None,None,1437000000,,3.225,0.0146,,,,-0.207,-0.05,1767000000,3204000000,2.03,2014-06-30,26.32,6094000000,9912001000.0,3082000000,1092000000,-90000000,493000000,493000000,None,627000000,None,166000000,None,None,9011000000,None,419000000,1182000000,None,None,None,0.189,,1276000000,1806000000,255000000,1031000000,None,2245000000,None,,,,,2.619,9.36,3.594,,,,,,,,0.103,,12031000000,2025-10-28,quarterly,1.98,USD,post-market,None,6376000000,0.0705,0.293,0.149,61.6,1276000000,9797000000,786000000,0,223.64,211.44,-2.4631,22179000000,2355000000,2980000000,16032000000,19824000000,13052000000,13074000000,5853000000,34.82,-5288000000,239.91,193.36
2025-12-28,WM,6.35,24783999000.0,34.82,None,0.586,23.63,,None,339000000,339000000,,,,,,,,,6000000,466900000,None,9992000000,9992000000,663000000,None,None,1751000000,None,None,1437000000,,3.225,0.0146,,,,-0.207,-0.05,1767000000,3204000000,2.03,2014-03-31,26.32,6068000000,9912001000.0,3082000000,1092000000,-90000000,503000000,503000000,None,627000000,None,174000000,None,None,8978000000,None,402000000,1182000000,None,None,None,0.189,,1276000000,1806000000,271000000,1016000000,None,2253000000,None,,,,,2.619,9.36,3.594,,,,,,,,0.103,,12170000000,2025-10-28,quarterly,1.98,USD,post-market,None,6342000000,0.0705,0.293,0.149,61.6,1276000000,10194000000,1216000000,0,223.64,211.44,-2.4631,22442000000,2535000000,3357000000,16403000000,19907000000,13046000000,13074000000,5737000000,34.82,-5307000000,239.91,193.36
2025-12-28,WM,6.35,24783999000.0,34.82,None,0.586,23.63,,None,58000000,58000000,,,,,,,,,6000000,466900000,None,9992000000,9992000000,744000000,None,None,1810000000,None,None,1437000000,,3.225,0.0146,,,,-0.207,-0.05,1767000000,3204000000,2.03,2013-12-31,26.32,6070000000,9912001000.0,3082000000,1092000000,-90000000,529000000,529000000,None,627000000,None,178000000,None,None,9500000000,None,414000000,1182000000,None,None,None,0.189,,1276000000,1806000000,276000000,1069000000,None,2245000000,None,,,,,2.619,9.36,3.594,,,,,,,,0.103,,12344000000,2025-10-28,quarterly,1.98,USD,post-market,None,6289000000,0.0705,0.293,0.149,61.6,1276000000,10226000000,726000000,177000000,223.64,211.44,-2.4631,22603000000,2499000000,3014000000,16601000000,20104000000,13587000000,13074000000,5707000000,34.82,-5338000000,239.91,193.36
2025-12-28,WM,6.35,24783999000.0,34.82,None,0.586,23.63,,None,157000000,157000000,,,,,,,,,6000000,471200000,None,9992000000,9992000000,763000000,None,None,1860000000,None,None,1437000000,,3.225,0.0146,,,,-0.207,-0.05,1767000000,3204000000,2.03,2013-09-30,26.32,6593000000,9912001000.0,3082000000,1092000000,-90000000,569000000,569000000,None,627000000,None,178000000,None,None,9491000000,None,656000000,1182000000,None,None,None,0.189,,1276000000,1806000000,222000000,1059000000,None,2251000000,None,,,,,2.619,9.36,3.594,,,,,,,,0.103,,12621000000,2025-10-28,quarterly,1.98,USD,post-market,None,7066000000,0.0705,0.293,0.149,61.6,1276000000,10059000000,568000000,0,223.64,211.44,-2.4631,23613000000,2417000000,2862000000,16598000000,21196000000,13736000000,13074000000,6708000000,34.82,-5115000000,239.91,193.36
2025-12-28,WM,6.35,24783999000.0,34.82,None,0.586,23.63,,None,154000000,154000000,,,,,,,,,6000000,469400000,None,9992000000,9992000000,696000000,None,None,1853000000,None,None,1437000000,,3.225,0.0146,,,,-0.207,-0.05,1767000000,3204000000,2.03,2013-06-30,26.32,6391000000,9912001000.0,3082000000,1092000000,-90000000,411000000,411000000,None,627000000,None,171000000,None,None,8994000000,None,653000000,1182000000,None,None,None,0.189,,1276000000,1806000000,226000000,1069000000,None,2255000000,None,,,,,2.619,9.36,3.594,,,,,,,,0.103,,12469000000,2025-10-28,quarterly,1.98,USD,post-market,None,6948000000,0.0705,0.293,0.149,61.6,1276000000,9770000000,776000000,0,223.64,211.44,-2.4631,23012000000,2404000000,3022000000,16194000000,20608000000,13172000000,13074000000,6509000000,34.82,-5148000000,239.91,193.36
2025-12-28,WM,6.35,24783999000.0,34.82,None,0.586,23.63,,None,307000000,307000000,,,,,,,,,6000000,466500000,None,9992000000,9992000000,674000000,None,None,1779000000,None,None,1437000000,,3.225,0.0146,,,,-0.207,-0.05,1767000000,3204000000,2.03,2013-03-31,26.32,6399000000,9912001000.0,3082000000,1092000000,-90000000,424000000,424000000,None,627000000,None,177000000,None,None,9045000000,None,658000000,1182000000,None,None,None,0.189,,1276000000,1806000000,234000000,1084000000,None,2278000000,None,,,,,2.619,9.36,3.594,,,,,,,,0.103,,12512000000,2025-10-28,quarterly,1.98,USD,post-market,None,6875000000,0.0705,0.293,0.149,61.6,1276000000,10009000000,964000000,0,223.64,211.44,-2.4631,23155000000,2497000000,3188000000,16439000000,20658000000,13251000000,13074000000,6395000000,34.82,-5199000000,239.91,193.36
2025-12-28,WM,6.35,24783999000.0,34.82,None,0.586,23.63,,None,194000000,194000000,,,,,,,,,6000000,466500000,None,9992000000,9992000000,842000000,None,None,1839000000,None,None,1437000000,,3.225,0.0146,,,,-0.207,-0.05,1767000000,3204000000,2.03,2012-12-31,26.32,6291000000,9912001000.0,3082000000,1092000000,-90000000,397000000,397000000,None,627000000,None,174000000,None,None,9173000000,None,667000000,1182000000,None,None,None,0.189,,1276000000,1806000000,216000000,986000000,None,2266000000,None,,,,,2.619,9.36,3.594,,,,,,,,0.103,,12651000000,2025-10-28,quarterly,1.98,USD,post-market,None,6879000000,0.0705,0.293,0.149,61.6,1276000000,9916000000,743000000,0,223.64,211.44,-2.4631,23097000000,2423000000,3036000000,16422000000,20674000000,13386000000,13074000000,6354000000,34.82,-5273000000,239.91,193.36
2025-12-28,WM,6.35,24783999000.0,34.82,None,0.586,23.63,,None,398000000,398000000,,,,,,,,,6000000,464900000,None,9992000000,9992000000,787000000,None,None,1868000000,None,None,1437000000,,3.225,0.0146,,,,-0.207,-0.05,1767000000,3204000000,2.03,2012-09-30,26.32,6259000000,9912001000.0,3082000000,1092000000,-90000000,405000000,405000000,None,627000000,None,155000000,None,None,9166000000,None,652000000,1182000000,None,None,None,0.189,,1276000000,1806000000,393000000,1115000000,None,2212000000,None,,,,,2.619,9.36,3.594,,,,,,,,0.103,,12518000000,2025-10-28,quarterly,1.98,USD,post-market,None,6820000000,0.0705,0.293,0.149,61.6,1276000000,9992000000,826000000,0,223.64,211.44,-2.4631,23073000000,2659000000,3187000000,16461000000,20414000000,13274000000,13074000000,6288000000,34.82,-5284000000,239.91,193.36
2025-12-28,WM,6.35,24783999000.0,34.82,None,0.586,23.63,,None,237000000,237000000,,,,,,,,,6000000,464000000,None,9992000000,9992000000,720000000,None,None,1831000000,None,None,1437000000,,3.225,0.0146,,,,-0.207,-0.05,1767000000,3204000000,2.03,2012-06-30,26.32,6237000000,9912001000.0,3082000000,1092000000,-90000000,416000000,416000000,None,627000000,None,147000000,None,None,8973000000,None,None,1182000000,None,None,None,0.189,,1276000000,1806000000,386000000,1145000000,None,2165000000,None,,,,,2.619,9.36,3.594,,,,,,,,0.103,,12360000000,2025-10-28,quarterly,1.98,USD,post-market,None,6771000000,0.0705,0.293,0.149,61.6,1276000000,9826000000,853000000,0,223.64,211.44,-2.4631,22691000000,2454000000,3187000000,16204000000,20237000000,13017000000,13074000000,6168000000,34.82,-5312000000,239.91,193.36
2025-12-28,WM,6.35,24783999000.0,34.82,None,0.586,23.63,,None,189000000,189000000,,,,,,,,,6000000,463400000,None,9992000000,9992000000,662000000,None,None,1720000000,None,None,1437000000,,3.225,0.0146,,,,-0.207,-0.05,1767000000,3204000000,2.03,2012-03-31,26.32,6234000000,9912001000.0,3082000000,1092000000,-90000000,450000000,450000000,None,627000000,None,153000000,None,None,8989000000,None,None,1182000000,None,None,None,0.189,,1276000000,1806000000,376000000,1060000000,None,2129000000,None,,,,,2.619,9.36,3.594,,,,,,,,0.103,,12299000000,2025-10-28,quarterly,1.98,USD,post-market,None,6727000000,0.0705,0.293,0.149,61.6,1276000000,9849000000,860000000,0,223.64,211.44,-2.4631,22535000000,2285000000,3047000000,16054000000,20250000000,13007000000,13074000000,6159000000,34.82,-5320000000,239.91,193.36
2025-12-28,WM,6.35,24783999000.0,34.82,None,0.586,23.63,,None,258000000,258000000,,,,,,,,,6000000,463400000,None,9992000000,9992000000,838000000,None,None,1775000000,None,None,1437000000,,3.225,0.0146,,,,-0.207,-0.05,1767000000,3204000000,2.03,2011-12-31,26.32,6215000000,9912001000.0,3082000000,1092000000,-90000000,457000000,457000000,None,627000000,None,153000000,None,None,9125000000,None,None,1182000000,None,None,None,0.189,,1276000000,1806000000,193000000,1129000000,None,2102000000,None,,,,,2.619,9.36,3.594,,,,,,,,0.103,,12242000000,2025-10-28,quarterly,1.98,USD,post-market,None,6721000000,0.0705,0.293,0.149,61.6,1276000000,9756000000,631000000,0,223.64,211.44,-2.4631,22569000000,2379000000,3068000000,16179000000,20190000000,13111000000,13074000000,6070000000,34.82,-5390000000,239.91,193.36
2025-12-28,WM,6.35,24783999000.0,34.82,None,0.586,23.63,,None,282000000,282000000,,,,,,,,,6000000,469700000,None,9992000000,9992000000,676000000,None,None,1799000000,None,None,1437000000,,3.225,0.0146,,,,-0.207,-0.05,1767000000,3204000000,2.03,2011-09-30,26.32,6104000000,9912001000.0,3082000000,1092000000,-90000000,397000000,397000000,None,627000000,None,142000000,None,None,9388000000,None,None,1182000000,None,None,None,0.189,,1276000000,1806000000,338000000,1153000000,None,2157000000,None,,,,,2.619,9.36,3.594,,,,,,,,0.103,,11911000000,2025-10-28,quarterly,1.98,USD,post-market,None,6613000000,0.0705,0.293,0.149,61.6,1276000000,9613000000,225000000,0,223.64,211.44,-2.4631,22052000000,2419000000,2527000000,15767000000,19633000000,13240000000,13074000000,5948000000,34.82,-5368000000,239.91,193.36
2025-12-28,WM,6.35,24783999000.0,34.82,None,0.586,23.63,,None,371000000,371000000,,,,,,,,,6000000,476000000,None,9992000000,9992000000,576000000,None,None,1713000000,None,None,1437000000,,3.225,0.0146,,,,-0.207,-0.05,1767000000,3204000000,2.03,2011-06-30,26.32,5793000000,9912001000.0,3082000000,1092000000,-90000000,310000000,310000000,None,627000000,None,137000000,None,None,8839000000,None,None,1182000000,None,None,None,0.189,,1276000000,1806000000,290000000,1056000000,None,2122000000,None,,,,,2.619,9.36,3.594,,,,,,,,0.103,,11919000000,2025-10-28,quarterly,1.98,USD,post-market,None,6499000000,0.0705,0.293,0.149,61.6,1276000000,9037000000,198000000,0,223.64,211.44,-2.4631,21583000000,2374000000,2295000000,14960000000,19209000000,12665000000,13074000000,6291000000,34.82,-5018000000,239.91,193.36
2025-12-28,WM,6.35,24783999000.0,34.82,None,0.586,23.63,,None,676000000,676000000,,,,,,,,,6000000,477600000,None,9992000000,9992000000,546000000,None,None,1561000000,None,None,1437000000,,3.225,0.0146,,,,-0.207,-0.05,1767000000,3204000000,2.03,2011-03-31,26.32,5771000000,9912001000.0,3082000000,1092000000,-90000000,318000000,318000000,None,627000000,None,130000000,None,None,8882000000,None,None,1182000000,None,None,None,0.189,,1276000000,1806000000,311000000,1074000000,None,2101000000,None,,,,,2.619,9.36,3.594,,,,,,,,0.103,,11855000000,2025-10-28,quarterly,1.98,USD,post-market,None,6424000000,0.0705,0.293,0.149,61.6,1276000000,9167000000,285000000,0,223.64,211.44,-2.4631,21648000000,2548000000,2363000000,15016000000,19100000000,12653000000,13074000000,6298000000,34.82,-4925000000,239.91,193.36
2025-12-28,WM,6.35,24783999000.0,34.82,None,0.586,23.63,,None,539000000,539000000,,,,,,,,,6000000,477600000,None,9992000000,9992000000,692000000,None,None,1656000000,None,None,1437000000,,3.225,0.0146,,,,-0.207,-0.05,1767000000,3204000000,2.03,2010-12-31,26.32,5726000000,9912001000.0,3082000000,1092000000,-90000000,295000000,295000000,None,627000000,None,130000000,None,None,8674000000,None,None,1182000000,None,None,None,0.189,,1276000000,1806000000,157000000,1100000000,None,2064000000,None,,,,,2.619,9.36,3.594,,,,,,,,0.103,,11868000000,2025-10-28,quarterly,1.98,USD,post-market,None,6400000000,0.0705,0.293,0.149,61.6,1276000000,8907000000,233000000,0,223.64,211.44,-2.4631,21476000000,2482000000,2485000000,14885000000,18994000000,12400000000,13074000000,6260000000,34.82,-4904000000,239.91,193.36
2025-12-28,WM,6.35,24783999000.0,34.82,None,0.586,23.63,,None,550000000,550000000,,,,,,,,,6000000,481000000,None,9992000000,9992000000,561000000,None,None,1691000000,None,None,1437000000,,3.225,0.0146,,,,-0.207,-0.05,1767000000,3204000000,2.03,2010-09-30,26.32,5703000000,9912001000.0,3082000000,1092000000,-90000000,299000000,299000000,None,627000000,None,124000000,None,None,8798000000,None,None,1182000000,None,None,None,0.189,,1276000000,1806000000,328000000,1143000000,None,2189000000,None,,,,,2.619,9.36,3.594,,,,,,,,0.103,,11636000000,2025-10-28,quarterly,1.98,USD,post-market,None,6270000000,0.0705,0.293,0.149,61.6,1276000000,8959000000,161000000,0,223.64,211.44,-2.4631,21339000000,2569000000,2311000000,14900000000,18770000000,12589000000,13074000000,6108000000,34.82,-4876000000,239.91,193.36
2025-12-28,WM,6.35,24783999000.0,34.82,None,0.586,23.63,,None,1169000000,1169000000,,,,,,,,,6000000,485800000,None,9992000000,9992000000,543000000,None,None,1641000000,None,None,1437000000,,3.225,0.0146,,,,-0.207,-0.05,1767000000,3204000000,2.03,2010-06-30,26.32,5667000000,9912001000.0,3082000000,1092000000,-90000000,256000000,256000000,None,627000000,None,110000000,None,None,8827000000,None,None,1182000000,None,None,None,0.189,,1276000000,1806000000,346000000,1098000000,None,2148000000,None,,,,,2.619,9.36,3.594,,,,,,,,0.103,,11575000000,2025-10-28,quarterly,1.98,USD,post-market,None,6176000000,0.0705,0.293,0.149,61.6,1276000000,9585000000,758000000,0,223.64,211.44,-2.4631,21759000000,3156000000,2858000000,15351000000,18603000000,12493000000,13074000000,6099000000,34.82,-4769000000,239.91,193.36
2025-12-28,WM,6.35,24783999000.0,34.82,None,0.586,23.63,,None,871000000,871000000,,,,,,,,,6000000,488100000,None,9992000000,9992000000,500000000,None,None,1493000000,None,None,1437000000,,3.225,0.0146,,,,-0.207,-0.05,1767000000,3204000000,2.03,2010-03-31,26.32,5675000000,9912001000.0,3082000000,1092000000,-90000000,245000000,245000000,None,627000000,None,107000000,None,None,8191000000,None,None,1182000000,None,None,None,0.189,,1276000000,1806000000,355000000,1088000000,None,2079000000,None,,,,,2.619,9.36,3.594,,,,,,,,0.103,,11515000000,2025-10-28,quarterly,1.98,USD,post-market,None,6082000000,0.0705,0.293,0.149,61.6,1276000000,8823000000,632000000,0,223.64,211.44,-2.4631,20995000000,2719000000,2670000000,14454000000,18276000000,11784000000,13074000000,6233000000,34.82,-4603000000,239.91,193.36
2025-12-28,WM,6.35,24783999000.0,34.82,None,0.586,23.63,,None,1140000000,1140000000,,,,,,,,,6000000,488100000,None,9992000000,9992000000,567000000,None,None,1527000000,None,None,1437000000,,3.225,0.0146,,,,-0.207,-0.05,1767000000,3204000000,2.03,2009-12-31,26.32,5632000000,9912001000.0,3082000000,1092000000,-90000000,238000000,238000000,None,627000000,None,110000000,None,None,8124000000,None,None,1182000000,None,None,None,0.189,,1276000000,1806000000,233000000,1128000000,None,2029000000,None,,,,,2.619,9.36,3.594,,,,,,,,0.103,,11541000000,2025-10-28,quarterly,1.98,USD,post-market,None,6053000000,0.0705,0.293,0.149,61.6,1276000000,8873000000,749000000,0,223.64,211.44,-2.4631,21154000000,3010000000,2901000000,14563000000,18144000000,11662000000,13074000000,6285000000,34.82,-4525000000,239.91,193.36
2025-12-28,WM,6.35,24783999000.0,34.82,None,0.586,23.63,,None,612000000,612000000,,,,,,,,,6000000,494600000,None,9992000000,9992000000,554000000,None,None,1613000000,None,None,1437000000,,3.225,0.0146,,,,-0.207,-0.05,1767000000,3204000000,2.03,2009-09-30,26.32,5575000000,9912001000.0,3082000000,1092000000,-90000000,206000000,206000000,None,627000000,None,106000000,None,None,7504000000,None,None,1182000000,None,None,None,0.189,,1276000000,1806000000,285000000,1062000000,None,2044000000,None,,,,,2.619,9.36,3.594,,,,,,,,0.103,,11356000000,2025-10-28,quarterly,1.98,USD,post-market,None,5880000000,0.0705,0.293,0.149,61.6,1276000000,8246000000,742000000,0,223.64,211.44,-2.4631,20392000000,2510000000,2805000000,13871000000,17882000000,11066000000,13074000000,6216000000,34.82,-4382000000,239.91,193.36
2025-12-28,WM,6.35,24783999000.0,34.82,None,0.586,23.63,,None,528000000,528000000,,,,,,,,,6000000,493700000,None,9992000000,9992000000,519000000,None,None,1565000000,None,None,1437000000,,3.225,0.0146,,,,-0.207,-0.05,1767000000,3204000000,2.03,2009-06-30,26.32,5524000000,9912001000.0,3082000000,1092000000,-90000000,178000000,178000000,None,627000000,None,102000000,None,None,7999000000,None,None,1182000000,None,None,None,0.189,,1276000000,1806000000,324000000,1017000000,None,None,None,,,,,2.619,9.36,3.594,,,,,,,,0.103,,11262000000,2025-10-28,quarterly,1.98,USD,post-market,None,5747000000,0.0705,0.293,0.149,61.6,1276000000,8243000000,244000000,0,223.64,211.44,-2.4631,20148000000,2417000000,2235000000,13781000000,17731000000,11546000000,13074000000,6068000000,34.82,-4336000000,239.91,193.36
2025-12-28,WM,6.35,24783999000.0,34.82,None,0.586,23.63,,None,947000000,947000000,,,,,,,,,6000000,493000000,None,9992000000,9992000000,451000000,None,None,1468000000,None,None,1437000000,,3.225,0.0146,,,,-0.207,-0.05,1767000000,3204000000,2.03,2009-03-31,26.32,5471000000,9912001000.0,3082000000,1092000000,-90000000,162000000,162000000,None,627000000,None,103000000,None,None,8096000000,None,None,1182000000,None,None,None,0.189,,1276000000,1806000000,289000000,1011000000,None,None,None,,,,,2.619,9.36,3.594,,,,,,,,0.103,,11206000000,2025-10-28,quarterly,1.98,USD,post-market,None,5642000000,0.0705,0.293,0.149,61.6,1276000000,8789000000,693000000,None,223.64,211.44,-2.4631,20400000000,2704000000,2586000000,14207000000,17696000000,11621000000,13074000000,6193000000,34.82,-4344000000,239.91,193.36
2025-12-28,WM,6.35,24783999000.0,34.82,None,0.586,23.63,,None,480000000,480000000,,,,,,,,,6000000,493000000,None,9992000000,9992000000,716000000,None,None,1610000000,None,None,1437000000,,3.225,0.0146,,,,-0.207,-0.05,1767000000,3204000000,2.03,2008-12-31,26.32,5462000000,9912001000.0,3082000000,1092000000,-90000000,158000000,158000000,None,627000000,None,110000000,None,None,7491000000,None,None,1182000000,None,None,None,0.189,,1276000000,1806000000,135000000,1034000000,None,None,None,,,,,2.619,9.36,3.594,,,,,,,,0.103,,11402000000,2025-10-28,quarterly,1.98,USD,post-market,None,5631000000,0.0705,0.293,0.149,61.6,1276000000,8326000000,835000000,None,223.64,211.44,-2.4631,20227000000,2335000000,3036000000,14042000000,17892000000,11006000000,13074000000,5902000000,34.82,-4381000000,239.91,193.36
2025-12-28,WM,6.35,24783999000.0,34.82,None,0.586,23.63,,None,504000000,504000000,,,,,,,,,6000000,494100000,None,9992000000,9992000000,666000000,None,None,1816000000,None,None,1437000000,,3.225,0.0146,,,,-0.207,-0.05,1767000000,3204000000,2.03,2008-09-30,26.32,5493000000,9912001000.0,3082000000,1092000000,-90000000,147000000,147000000,None,627000000,None,113000000,None,None,7613000000,None,None,1182000000,None,None,None,0.189,,1276000000,1806000000,273000000,1070000000,None,None,None,,,,,2.619,9.36,3.594,,,,,,,,0.103,,11291000000,2025-10-28,quarterly,1.98,USD,post-market,None,5547000000,0.0705,0.293,0.149,61.6,1276000000,8429000000,816000000,None,223.64,211.44,-2.4631,20343000000,2593000000,3006000000,14143000000,17750000000,11137000000,13074000000,5896000000,34.82,-4387000000,239.91,193.36
2025-12-28,WM,6.35,24783999000.0,34.82,None,0.586,23.63,,None,210000000,210000000,,,,,,,,,6000000,494600000,None,9992000000,9992000000,600000000,None,None,1904000000,None,None,1437000000,,3.225,0.0146,,,,-0.207,-0.05,1767000000,3204000000,2.03,2008-06-30,26.32,5444000000,9912001000.0,3082000000,1092000000,-90000000,128000000,128000000,None,627000000,None,111000000,None,None,7958000000,None,None,1182000000,None,None,None,0.189,,1276000000,1806000000,296000000,1076000000,None,None,None,,,,,2.619,9.36,3.594,,,,,,,,0.103,,11300000000,2025-10-28,quarterly,1.98,USD,post-market,None,5371000000,0.0705,0.293,0.149,61.6,1276000000,8393000000,435000000,None,223.64,211.44,-2.4631,20050000000,2410000000,2580000000,14026000000,17640000000,11446000000,13074000000,5722000000,34.82,-4398000000,239.91,193.36
2025-12-28,WM,6.35,24783999000.0,34.82,None,0.586,23.63,,None,466000000,466000000,,,,,,,,,6000000,498300000,None,9992000000,9992000000,525000000,None,None,1816000000,None,None,1437000000,,3.225,0.0146,,,,-0.207,-0.05,1767000000,3204000000,2.03,2008-03-31,26.32,5411000000,9912001000.0,3082000000,1092000000,-90000000,125000000,125000000,None,627000000,None,107000000,None,None,8229000000,None,None,1182000000,None,None,None,0.189,,1276000000,1806000000,283000000,1126000000,None,None,None,,,,,2.619,9.36,3.594,,,,,,,,0.103,,11297000000,2025-10-28,quarterly,1.98,USD,post-market,None,5187000000,0.0705,0.293,0.149,61.6,1276000000,8719000000,490000000,None,223.64,211.44,-2.4631,20184000000,2565000000,2594000000,14266000000,17619000000,11672000000,13074000000,5611000000,34.82,-4316000000,239.91,193.36
2025-12-28,WM,6.35,24783999000.0,34.82,None,0.586,23.63,,None,348000000,348000000,,,,,,,,,6000000,498300000,None,9992000000,9992000000,656000000,None,None,1892000000,None,None,1437000000,,3.225,0.0146,,,,-0.207,-0.05,1767000000,3204000000,2.03,2007-12-31,26.32,5406000000,9912001000.0,3082000000,1092000000,-90000000,124000000,124000000,None,627000000,None,103000000,None,None,8008000000,None,None,1182000000,None,None,None,0.189,,1276000000,1806000000,137000000,1151000000,None,None,None,,,,,2.619,9.36,3.594,,,,,,,,0.103,,11351000000,2025-10-28,quarterly,1.98,USD,post-market,None,5080000000,0.0705,0.293,0.149,61.6,1276000000,8337000000,329000000,None,223.64,211.44,-2.4631,20175000000,2480000000,2598000000,14073000000,17695000000,11475000000,13074000000,5792000000,34.82,-4065000000,239.91,193.36
2025-12-28,WM,6.35,24783999000.0,34.82,None,0.586,23.63,,None,537000000,537000000,,,,,,,,,6000000,520100000,None,9992000000,9992000000,574000000,None,None,1895000000,None,None,1437000000,,3.225,0.0146,,,,-0.207,-0.05,1767000000,3204000000,2.03,2007-09-30,26.32,5400000000,9912001000.0,3082000000,1092000000,-90000000,128000000,128000000,None,627000000,None,104000000,None,None,7797000000,None,None,1182000000,None,None,None,0.189,,1276000000,1806000000,429000000,1235000000,None,None,None,,,,,2.619,9.36,3.594,,,,,,,,0.103,,11162000000,2025-10-28,quarterly,1.98,USD,post-market,None,4894000000,0.0705,0.293,0.149,61.6,1276000000,8278000000,481000000,None,223.64,211.44,-2.4631,20275000000,2861000000,2740000000,14042000000,17414000000,11302000000,13074000000,5932000000,34.82,-3725000000,239.91,193.36
2025-12-28,WM,6.35,24783999000.0,34.82,None,0.586,23.63,,None,570000000,570000000,,,,,,,,,6000000,528125000,None,9992000000,9992000000,563000000,None,None,1823000000,None,None,1437000000,,3.225,0.0146,,,,-0.207,-0.05,1767000000,3204000000,2.03,2007-06-30,26.32,5359000000,9912001000.0,3082000000,1092000000,-90000000,118000000,118000000,None,627000000,None,102000000,None,None,7723000000,None,None,1182000000,None,None,None,0.189,,1276000000,1806000000,468000000,1151000000,None,None,None,,,,,2.619,9.36,3.594,,,,,,,,0.103,,11096000000,2025-10-28,quarterly,1.98,USD,post-market,None,4739000000,0.0705,0.293,0.149,61.6,1276000000,8249000000,526000000,None,223.64,211.44,-2.4631,20184000000,2861000000,2691000000,13830000000,17323000000,11139000000,13074000000,6070000000,34.82,-3379000000,239.91,193.36
2025-12-28,WM,6.35,24783999000.0,34.82,None,0.586,23.63,,None,471000000,471000000,,,,,,,,,6000000,528571429,None,9992000000,9992000000,551000000,None,None,1772000000,None,None,1437000000,,3.225,0.0146,,,,-0.207,-0.05,1767000000,3204000000,2.03,2007-03-31,26.32,5296000000,9912001000.0,3082000000,1092000000,-90000000,117000000,117000000,None,627000000,None,101000000,None,None,7464000000,None,None,1182000000,None,None,None,0.189,,1276000000,1806000000,529000000,1225000000,None,None,None,,,,,2.619,9.36,3.594,,,,,,,,0.103,,11063000000,2025-10-28,quarterly,1.98,USD,post-market,None,4421000000,0.0705,0.293,0.149,61.6,1276000000,8223000000,759000000,None,223.64,211.44,-2.4631,20043000000,2772000000,2977000000,13981000000,17271000000,11004000000,13074000000,5780000000,34.82,-3291000000,239.91,193.36
2025-12-28,WM,6.35,24783999000.0,34.82,None,0.586,23.63,,None,614000000,614000000,,,,,,,,,6000000,528571429,None,9992000000,9992000000,693000000,None,None,1858000000,None,None,1437000000,,3.225,0.0146,,,,-0.207,-0.05,1767000000,3204000000,2.03,2006-12-31,26.32,5292000000,9912001000.0,3082000000,1092000000,-90000000,121000000,121000000,None,627000000,None,101000000,None,None,7495000000,None,None,1182000000,None,None,None,0.189,,1276000000,1806000000,609000000,1298000000,None,None,None,,,,,2.619,9.36,3.594,,,,,,,,0.103,,11179000000,2025-10-28,quarterly,1.98,USD,post-market,None,4410000000,0.0705,0.293,0.149,61.6,1276000000,8317000000,822000000,None,223.64,211.44,-2.4631,20600000000,3182000000,3268000000,14103000000,17418000000,10835000000,13074000000,6222000000,34.82,-2836000000,239.91,193.36
2025-12-28,WM,6.35,24783999000.0,34.82,None,0.586,23.63,,None,746000000,746000000,,,,,,,,,6000000,545454545,None,9992000000,9992000000,605000000,None,None,1963000000,None,None,1437000000,,3.225,0.0146,,,,-0.207,-0.05,1767000000,3204000000,2.03,2006-09-30,26.32,5312000000,9912001000.0,3082000000,1092000000,-90000000,127000000,127000000,None,627000000,None,98000000,None,None,7780000000,None,None,1182000000,None,None,None,0.189,,1276000000,1806000000,891000000,1448000000,None,None,None,,,,,2.619,9.36,3.594,,,,,,,,0.103,,10985000000,2025-10-28,quarterly,1.98,USD,post-market,None,4282000000,0.0705,0.293,0.149,61.6,1276000000,8642000000,862000000,None,223.64,211.44,-2.4631,20919000000,3600000000,3358000000,14471000000,17319000000,11113000000,13074000000,6160000000,34.82,-2783000000,239.91,193.36
2025-12-28,WM,6.35,24783999000.0,34.82,None,0.586,23.63,,None,569000000,569000000,,,,,,,,,6000000,548684211,None,9992000000,9992000000,616000000,None,None,1947000000,None,None,1437000000,,3.225,0.0146,,,,-0.207,-0.05,1767000000,3204000000,2.03,2006-06-30,26.32,5307000000,9912001000.0,3082000000,1092000000,-90000000,133000000,133000000,None,627000000,None,97000000,None,None,7737000000,None,None,1182000000,None,None,None,0.189,,1276000000,1806000000,1066000000,1304000000,None,None,None,,,,,2.619,9.36,3.594,,,,,,,,0.103,,10993000000,2025-10-28,quarterly,1.98,USD,post-market,None,4100000000,0.0705,0.293,0.149,61.6,1276000000,8600000000,863000000,None,223.64,211.44,-2.4631,20935000000,3582000000,3245000000,14423000000,17353000000,11178000000,13074000000,6232000000,34.82,-2516000000,239.91,193.36
2025-12-28,WM,6.35,24783999000.0,34.82,None,0.586,23.63,,None,454000000,454000000,,,,,,,,,6000000,547058824,None,9992000000,9992000000,575000000,None,None,1875000000,None,None,1437000000,,3.225,0.0146,,,,-0.207,-0.05,1767000000,3204000000,2.03,2006-03-31,26.32,5352000000,9912001000.0,3082000000,1092000000,-90000000,5496000000,5496000000,None,627000000,None,96000000,None,None,8020000000,None,None,1182000000,None,None,None,0.189,,1276000000,1806000000,1058000000,1447000000,None,None,None,,,,,2.619,9.36,3.594,,,,,,,,0.103,,11063000000,2025-10-28,quarterly,1.98,USD,post-market,None,3802000000,0.0705,0.293,0.149,61.6,1276000000,8620000000,600000000,None,223.64,211.44,-2.4631,20846000000,3387000000,3104000000,14485000000,17459000000,11381000000,13074000000,6071000000,34.82,-2340000000,239.91,193.36
2025-12-28,WM,6.35,24783999000.0,34.82,None,0.586,23.63,,None,666000000,666000000,,,,,,,,,6000000,547058824,None,9992000000,9992000000,719000000,None,None,2004000000,None,None,1437000000,,3.225,0.0146,,,,-0.207,-0.05,1767000000,3204000000,2.03,2005-12-31,26.32,5364000000,9912001000.0,3082000000,1092000000,-90000000,150000000,150000000,None,627000000,None,99000000,None,None,8165000000,None,None,1182000000,None,None,None,0.189,,1276000000,1806000000,682000000,1533000000,None,None,None,,,,,2.619,9.36,3.594,,,,,,,,0.103,,11221000000,2025-10-28,quarterly,1.98,USD,post-market,None,3615000000,0.0705,0.293,0.149,61.6,1276000000,8687000000,522000000,None,223.64,211.44,-2.4631,21135000000,3451000000,3257000000,14733000000,17684000000,11476000000,13074000000,6121000000,34.82,-2110000000,239.91,193.36
2025-12-28,WM,6.35,24783999000.0,34.82,None,0.586,23.63,,None,300000000,300000000,,,,,,,,,6000000,565789474,None,9992000000,9992000000,593000000,None,None,1971000000,None,None,1437000000,,3.225,0.0146,,,,-0.207,-0.05,1767000000,3204000000,2.03,2005-09-30,26.32,5369000000,9912001000.0,3082000000,1092000000,-90000000,5519000000,5519000000,None,627000000,None,100000000,None,None,8168000000,None,None,1182000000,None,None,None,0.189,,1276000000,1806000000,534000000,1442000000,None,None,None,,,,,2.619,9.36,3.594,,,,,,,,0.103,,11160000000,2025-10-28,quarterly,1.98,USD,post-market,None,3557000000,0.0705,0.293,0.149,61.6,1276000000,8342000000,174000000,None,223.64,211.44,-2.4631,20569000000,2905000000,2678000000,14183000000,17664000000,11505000000,13074000000,6107000000,34.82,-2066000000,239.91,193.36
2025-12-28,WM,6.35,24783999000.0,34.82,None,0.586,23.63,,None,414000000,414000000,,,,,,,,,6000000,403400000,None,9992000000,9992000000,2046000000,None,1359000000,3687000000,None,None,1437000000,,3.225,0.0146,,,,-0.207,-0.05,1767000000,3204000000,2.03,2024-12-31,26.32,13438000000,9912001000.0,3082000000,1092000000,-90000000,4188000000,4188000000,None,627000000,None,206000000,None,None,22541000000,None,846000000,1182000000,None,None,None,0.189,,1276000000,1806000000,467000000,2180000000,None,1651000000,None,,,,,2.619,9.36,3.594,,,,,,,,0.103,,20336000000,2025-10-28,annual,1.98,USD,post-market,None,15858000000,0.0705,0.293,0.149,61.6,1276000000,23900000000,1359000000,200000000,223.64,211.44,-2.4631,44567000000,4774000000,6258000000,36313000000,39793000000,30055000000,13074000000,8252000000,34.82,None,239.91,193.36
2025-12-28,WM,6.35,24783999000.0,34.82,None,0.586,23.63,,None,458000000,458000000,,,,,,,,,6000000,406900000,None,9992000000,9992000000,1709000000,None,334000000,2870000000,None,None,1437000000,,3.225,0.0146,,,,-0.207,-0.05,1767000000,3204000000,2.03,2023-12-31,26.32,9254000000,9912001000.0,3082000000,1092000000,-90000000,759000000,759000000,None,627000000,None,173000000,None,None,15895000000,None,606000000,1182000000,None,None,None,0.189,,1276000000,1806000000,303000000,1605000000,None,1092000000,None,,,,,2.619,9.36,3.594,,,,,,,,0.103,,17421000000,2025-10-28,annual,1.98,USD,post-market,None,14334000000,0.0705,0.293,0.149,61.6,1276000000,16229000000,334000000,None,223.64,211.44,-2.4631,32823000000,3804000000,4226000000,25927000000,29019000000,21701000000,13074000000,6903000000,34.82,None,239.91,193.36
2025-12-28,WM,6.35,24783999000.0,34.82,None,0.586,23.63,,None,351000000,351000000,,,,,,,,,6000000,415000000,None,9992000000,9992000000,1766000000,None,414000000,2752000000,None,None,1437000000,,3.225,0.0146,,,,-0.207,-0.05,1767000000,3204000000,2.03,2022-12-31,26.32,9323000000,9912001000.0,3082000000,1092000000,-90000000,827000000,827000000,None,627000000,None,164000000,None,None,14570000000,None,578000000,1182000000,None,None,None,0.189,,1276000000,1806000000,284000000,1625000000,None,5539000000,None,,,,,2.619,9.36,3.594,,,,,,,,0.103,,15719000000,2025-10-28,annual,1.98,USD,post-market,None,13167000000,0.0705,0.293,0.149,61.6,1276000000,14984000000,414000000,None,223.64,211.44,-2.4631,31367000000,3551000000,4394000000,24503000000,27816000000,20109000000,13074000000,6849000000,34.82,None,239.91,193.36
2025-12-28,WM,6.35,24783999000.0,34.82,None,0.586,23.63,,None,118000000,118000000,,,,,,,,,6000000,422900000,None,9992000000,9992000000,1375000000,None,708000000,2546000000,None,None,1437000000,,3.225,0.0146,,,,-0.207,-0.05,1767000000,3204000000,2.03,2021-12-31,26.32,9028000000,9912001000.0,3082000000,1092000000,-90000000,898000000,898000000,None,627000000,None,135000000,None,None,12697000000,None,432000000,1182000000,None,None,None,0.189,,1276000000,1806000000,270000000,1428000000,None,5192000000,None,,,,,2.619,9.36,3.594,,,,,,,,0.103,,14419000000,2025-10-28,annual,1.98,USD,post-market,None,12004000000,0.0705,0.293,0.149,61.6,1276000000,13405000000,708000000,None,223.64,211.44,-2.4631,29097000000,3069000000,4082000000,21971000000,26028000000,17889000000,13074000000,7124000000,34.82,-10072000000,239.91,193.36
2025-12-28,WM,6.35,24783999000.0,34.82,None,0.586,23.63,,None,553000000,553000000,,,,,,,,,6000000,425100000,None,9992000000,9992000000,1121000000,None,551000000,2624000000,None,None,1437000000,,3.225,0.0146,,,,-0.207,-0.05,1767000000,3204000000,2.03,2020-12-31,26.32,8994000000,9912001000.0,3082000000,1092000000,-90000000,1024000000,1024000000,None,627000000,None,124000000,None,None,12945000000,None,426000000,1182000000,None,None,None,0.189,,1276000000,1806000000,239000000,1342000000,None,3273000000,None,,,,,2.619,9.36,3.594,,,,,,,,0.103,,14148000000,2025-10-28,annual,1.98,USD,post-market,None,11159000000,0.0705,0.293,0.149,61.6,1276000000,13810000000,551000000,426000000,223.64,211.44,-2.4631,29345000000,3540000000,3553000000,21891000000,25805000000,18338000000,13074000000,7452000000,34.82,-8881000000,239.91,193.36
2025-12-28,WM,6.35,24783999000.0,34.82,None,0.586,23.63,,None,3561000000,3561000000,,,,,,,,,6000000,427500000,None,9992000000,9992000000,1065000000,None,218000000,2319000000,None,None,1437000000,,3.225,0.0146,,,,-0.207,-0.05,1767000000,3204000000,2.03,2019-12-31,26.32,6532000000,9912001000.0,3082000000,1092000000,-90000000,521000000,521000000,None,627000000,None,106000000,None,None,13280000000,None,483000000,1182000000,None,None,None,0.189,,1276000000,1806000000,223000000,1327000000,None,2842000000,None,,,,,2.619,9.36,3.594,,,,,,,,0.103,,12893000000,2025-10-28,annual,1.98,USD,post-market,None,10592000000,0.0705,0.293,0.149,61.6,1276000000,13498000000,218000000,None,223.64,211.44,-2.4631,27743000000,6209000000,3144000000,20673000000,21534000000,17529000000,13074000000,7068000000,34.82,-8571000000,239.91,193.36
2025-12-28,WM,6.35,24783999000.0,34.82,None,0.586,23.63,,None,61000000,61000000,,,,,,,,,6000000,432200000,None,9992000000,9992000000,1037000000,None,432000000,2275000000,None,None,1437000000,,3.225,0.0146,,,,-0.207,-0.05,1767000000,3204000000,2.03,2018-12-31,26.32,6430000000,9912001000.0,3082000000,1092000000,-90000000,572000000,572000000,None,627000000,None,102000000,None,None,9594000000,None,406000000,1182000000,None,None,None,0.189,,1276000000,1806000000,207000000,1117000000,None,2381000000,None,,,,,2.619,9.36,3.594,,,,,,,,0.103,,11942000000,2025-10-28,annual,1.98,USD,post-market,None,9797000000,0.0705,0.293,0.149,61.6,1276000000,10026000000,432000000,None,223.64,211.44,-2.4631,22650000000,2645000000,3108000000,16374000000,20005000000,13266000000,13074000000,6275000000,34.82,-8434000000,239.91,193.36
2025-12-28,WM,6.35,24783999000.0,34.82,None,0.586,23.63,,None,22000000,22000000,,,,,,,,,6000000,441900000,None,9992000000,9992000000,1040000000,None,739000000,2374000000,None,None,1437000000,,3.225,0.0146,,,,-0.207,-0.05,1767000000,3204000000,2.03,2017-12-31,26.32,6247000000,9912001000.0,3082000000,1092000000,-90000000,547000000,547000000,None,627000000,None,96000000,None,None,8752000000,None,269000000,1182000000,None,None,None,0.189,,1276000000,1806000000,132000000,980000000,None,2525000000,None,,,,,2.619,9.36,3.594,,,,,,,,0.103,,11559000000,2025-10-28,annual,1.98,USD,post-market,None,8588000000,0.0705,0.293,0.149,61.6,1276000000,9491000000,739000000,0,223.64,211.44,-2.4631,21829000000,2624000000,3262000000,15787000000,19205000000,12525000000,13074000000,6019000000,34.82,-7516000000,239.91,193.36
2025-12-28,WM,6.35,24783999000.0,34.82,None,0.586,23.63,,None,32000000,32000000,,,,,,,,,6000000,446500000,None,9992000000,9992000000,799000000,None,417000000,2132000000,None,None,1437000000,,3.225,0.0146,,,,-0.207,-0.05,1767000000,3204000000,2.03,2016-12-31,26.32,6215000000,9912001000.0,3082000000,1092000000,-90000000,591000000,591000000,None,627000000,None,90000000,None,None,8893000000,None,320000000,1182000000,None,None,None,0.189,,1276000000,1806000000,122000000,1085000000,None,2370000000,None,,,,,2.619,9.36,3.594,,,,,,,,0.103,,10950000000,2025-10-28,annual,1.98,USD,post-market,None,7388000000,0.0705,0.293,0.149,61.6,1276000000,9310000000,417000000,0,223.64,211.44,-2.4631,20859000000,2376000000,2794000000,15539000000,18483000000,12745000000,13074000000,5297000000,34.82,-6867000000,239.91,193.36
2025-12-28,WM,6.35,24783999000.0,34.82,None,0.586,23.63,,None,39000000,39000000,,,,,,,,,6000000,455900000,None,9992000000,9992000000,721000000,None,253000000,2094000000,None,None,1437000000,,3.225,0.0146,,,,-0.207,-0.05,1767000000,3204000000,2.03,2015-12-31,26.32,5984000000,9912001000.0,3082000000,1092000000,-90000000,477000000,477000000,None,627000000,None,92000000,None,None,8676000000,None,360000000,1182000000,None,None,None,0.189,,1276000000,1806000000,120000000,1064000000,None,2423000000,None,,,,,2.619,9.36,3.594,,,,,,,,0.103,,10665000000,2025-10-28,annual,1.98,USD,post-market,None,6939000000,0.0705,0.293,0.149,61.6,1276000000,8981000000,253000000,0,223.64,211.44,-2.4631,20419000000,2345000000,2510000000,15052000000,18074000000,12542000000,13074000000,5345000000,34.82,-6300000000,239.91,193.36
2025-12-28,WM,6.35,24783999000.0,34.82,None,0.586,23.63,,None,1307000000,1307000000,,,,,,,,,6000000,465600000,None,9992000000,9992000000,740000000,None,1090000000,1937000000,None,None,1437000000,,3.225,0.0146,,,,-0.207,-0.05,1767000000,3204000000,2.03,2014-12-31,26.32,5740000000,9912001000.0,3082000000,1092000000,-90000000,440000000,440000000,None,627000000,None,106000000,None,None,8345000000,None,408000000,1182000000,None,None,None,0.189,,1276000000,1806000000,291000000,1180000000,None,2240000000,None,,,,,2.619,9.36,3.594,,,,,,,,0.103,,10657000000,2025-10-28,annual,1.98,USD,post-market,None,6888000000,0.0705,0.293,0.149,61.6,1276000000,9435000000,1090000000,0,223.64,211.44,-2.4631,21412000000,3641000000,3485000000,15523000000,17771000000,12038000000,13074000000,5866000000,34.82,-5636000000,239.91,193.36
2025-12-28,WM,6.35,24783999000.0,34.82,None,0.586,23.63,,None,58000000,58000000,,,,,,,,,6000000,469800000,None,9992000000,9992000000,744000000,None,None,1810000000,None,None,1437000000,,3.225,0.0146,,,,-0.207,-0.05,1767000000,3204000000,2.03,2013-12-31,26.32,6070000000,9912001000.0,3082000000,1092000000,-90000000,529000000,529000000,None,627000000,None,178000000,None,None,9500000000,None,414000000,1182000000,None,None,None,0.189,,1276000000,1806000000,276000000,1069000000,None,2245000000,None,,,,,2.619,9.36,3.594,,,,,,,,0.103,,12344000000,2025-10-28,annual,1.98,USD,post-market,None,6289000000,0.0705,0.293,0.149,61.6,1276000000,10226000000,726000000,177000000,223.64,211.44,-2.4631,22603000000,2499000000,3014000000,16601000000,20104000000,13587000000,13074000000,5707000000,34.82,-5338000000,239.91,193.36
2025-12-28,WM,6.35,24783999000.0,34.82,None,0.586,23.63,,None,194000000,194000000,,,,,,,,,6000000,464400000,None,9992000000,9992000000,842000000,None,None,1839000000,None,None,1437000000,,3.225,0.0146,,,,-0.207,-0.05,1767000000,3204000000,2.03,2012-12-31,26.32,6291000000,9912001000.0,3082000000,1092000000,-90000000,397000000,397000000,None,627000000,None,174000000,None,None,9173000000,None,667000000,1182000000,None,None,None,0.189,,1276000000,1806000000,216000000,986000000,None,2266000000,None,,,,,2.619,9.36,3.594,,,,,,,,0.103,,12651000000,2025-10-28,annual,1.98,USD,post-market,None,6879000000,0.0705,0.293,0.149,61.6,1276000000,9916000000,743000000,0,223.64,211.44,-2.4631,23097000000,2423000000,3036000000,16422000000,20674000000,13386000000,13074000000,6354000000,34.82,-5273000000,239.91,193.36
2025-12-28,WM,6.35,24783999000.0,34.82,None,0.586,23.63,,None,258000000,258000000,,,,,,,,,6000000,471400000,None,9992000000,9992000000,838000000,None,None,1775000000,None,None,1437000000,,3.225,0.0146,,,,-0.207,-0.05,1767000000,3204000000,2.03,2011-12-31,26.32,6215000000,9912001000.0,3082000000,1092000000,-90000000,457000000,457000000,None,627000000,None,153000000,None,None,9125000000,None,None,1182000000,None,None,None,0.189,,1276000000,1806000000,193000000,1129000000,None,2102000000,None,,,,,2.619,9.36,3.594,,,,,,,,0.103,,12242000000,2025-10-28,annual,1.98,USD,post-market,None,6721000000,0.0705,0.293,0.149,61.6,1276000000,9756000000,631000000,0,223.64,211.44,-2.4631,22569000000,2379000000,3068000000,16179000000,20190000000,13111000000,13074000000,6070000000,34.82,-5390000000,239.91,193.36
2025-12-28,WM,6.35,24783999000.0,34.82,None,0.586,23.63,,None,539000000,539000000,,,,,,,,,6000000,482200000,None,9992000000,9992000000,692000000,None,None,1656000000,None,None,1437000000,,3.225,0.0146,,,,-0.207,-0.05,1767000000,3204000000,2.03,2010-12-31,26.32,5726000000,9912001000.0,3082000000,1092000000,-90000000,295000000,295000000,None,627000000,None,130000000,None,None,8674000000,None,None,1182000000,None,None,None,0.189,,1276000000,1806000000,157000000,1100000000,None,2064000000,None,,,,,2.619,9.36,3.594,,,,,,,,0.103,,11868000000,2025-10-28,annual,1.98,USD,post-market,None,6400000000,0.0705,0.293,0.149,61.6,1276000000,8907000000,233000000,0,223.64,211.44,-2.4631,21476000000,2482000000,2485000000,14885000000,18994000000,12400000000,13074000000,6260000000,34.82,-4904000000,239.91,193.36
2025-12-28,WM,6.35,24783999000.0,34.82,None,0.586,23.63,,None,1140000000,1140000000,,,,,,,,,6000000,493600000,None,9992000000,9992000000,567000000,None,None,1527000000,None,None,1437000000,,3.225,0.0146,,,,-0.207,-0.05,1767000000,3204000000,2.03,2009-12-31,26.32,5632000000,9912001000.0,3082000000,1092000000,-90000000,238000000,238000000,None,627000000,None,110000000,None,None,8124000000,None,None,1182000000,None,None,None,0.189,,1276000000,1806000000,233000000,1128000000,None,2029000000,None,,,,,2.619,9.36,3.594,,,,,,,,0.103,,11541000000,2025-10-28,annual,1.98,USD,post-market,None,6053000000,0.0705,0.293,0.149,61.6,1276000000,8873000000,749000000,0,223.64,211.44,-2.4631,21154000000,3010000000,2901000000,14563000000,18144000000,11662000000,13074000000,6285000000,34.82,-4525000000,239.91,193.36
2025-12-28,WM,6.35,24783999000.0,34.82,None,0.586,23.63,,None,480000000,480000000,,,,,,,,,6000000,495400000,None,9992000000,9992000000,716000000,None,None,1610000000,None,None,1437000000,,3.225,0.0146,,,,-0.207,-0.05,1767000000,3204000000,2.03,2008-12-31,26.32,5462000000,9912001000.0,3082000000,1092000000,-90000000,158000000,158000000,None,627000000,None,110000000,None,None,7491000000,None,None,1182000000,None,None,None,0.189,,1276000000,1806000000,135000000,1034000000,None,None,None,,,,,2.619,9.36,3.594,,,,,,,,0.103,,11402000000,2025-10-28,annual,1.98,USD,post-market,None,5631000000,0.0705,0.293,0.149,61.6,1276000000,8326000000,835000000,None,223.64,211.44,-2.4631,20227000000,2335000000,3036000000,14042000000,17892000000,11006000000,13074000000,5902000000,34.82,-4381000000,239.91,193.36
2025-12-28,WM,6.35,24783999000.0,34.82,None,0.586,23.63,,None,348000000,348000000,,,,,,,,,6000000,521799999,None,9992000000,9992000000,656000000,None,None,1892000000,None,None,1437000000,,3.225,0.0146,,,,-0.207,-0.05,1767000000,3204000000,2.03,2007-12-31,26.32,5406000000,9912001000.0,3082000000,1092000000,-90000000,124000000,124000000,None,627000000,None,103000000,None,None,8008000000,None,None,1182000000,None,None,None,0.189,,1276000000,1806000000,137000000,1151000000,None,None,None,,,,,2.619,9.36,3.594,,,,,,,,0.103,,11351000000,2025-10-28,annual,1.98,USD,post-market,None,5080000000,0.0705,0.293,0.149,61.6,1276000000,8337000000,329000000,None,223.64,211.44,-2.4631,20175000000,2480000000,2598000000,14073000000,17695000000,11475000000,13074000000,5792000000,34.82,-4065000000,239.91,193.36
2025-12-28,WM,6.35,24783999000.0,34.82,None,0.586,23.63,,None,614000000,614000000,,,,,,,,,6000000,546100000,None,9992000000,9992000000,693000000,None,None,1858000000,None,None,1437000000,,3.225,0.0146,,,,-0.207,-0.05,1767000000,3204000000,2.03,2006-12-31,26.32,5292000000,9912001000.0,3082000000,1092000000,-90000000,121000000,121000000,None,627000000,None,101000000,None,None,7495000000,None,None,1182000000,None,None,None,0.189,,1276000000,1806000000,609000000,1298000000,None,None,None,,,,,2.619,9.36,3.594,,,,,,,,0.103,,11179000000,2025-10-28,annual,1.98,USD,post-market,None,4410000000,0.0705,0.293,0.149,61.6,1276000000,8317000000,822000000,None,223.64,211.44,-2.4631,20600000000,3182000000,3268000000,14103000000,17418000000,10835000000,13074000000,6222000000,34.82,-2836000000,239.91,193.36
2025-12-28,WM,6.35,24783999000.0,34.82,None,0.586,23.63,,None,666000000,666000000,,,,,,,,,6000000,565100000,None,9992000000,9992000000,719000000,None,None,2004000000,None,None,1437000000,,3.225,0.0146,,,,-0.207,-0.05,1767000000,3204000000,2.03,2005-12-31,26.32,5364000000,9912001000.0,3082000000,1092000000,-90000000,150000000,150000000,None,627000000,None,99000000,None,None,8165000000,None,None,1182000000,None,None,None,0.189,,1276000000,1806000000,682000000,1533000000,None,None,None,,,,,2.619,9.36,3.594,,,,,,,,0.103,,11221000000,2025-10-28,annual,1.98,USD,post-market,None,3615000000,0.0705,0.293,0.149,61.6,1276000000,8687000000,522000000,None,223.64,211.44,-2.4631,21135000000,3451000000,3257000000,14733000000,17684000000,11476000000,13074000000,6121000000,34.82,-2110000000,239.91,193.36
2025-12-28,WM,6.35,24783999000.0,34.82,None,0.586,23.63,776000000,None,666000000,666000000,-1049000000,-784000000,None,None,None,None,None,None,6000000,565100000,None,9992000000,9992000000,719000000,None,None,2004000000,None,None,1437000000,729000000,3.225,0.0146,332000000,332000000,None,-0.207,-0.05,1767000000,3204000000,2.03,2025-09-30,26.32,5364000000,9912001000.0,3082000000,1092000000,-90000000,150000000,150000000,None,627000000,None,99000000,None,None,8165000000,None,None,603000000,None,None,None,0.189,1592000000,1276000000,1806000000,682000000,1533000000,None,None,None,None,None,None,None,2.619,9.36,3.594,None,None,None,None,None,54000000,None,0.103,None,11221000000,2025-10-28,quarterly,1.98,USD,post-market,None,3615000000,0.0705,0.293,0.149,61.6,1276000000,8687000000,522000000,None,223.64,211.44,-2.4631,21135000000,3451000000,3257000000,14733000000,17684000000,11476000000,13074000000,6121000000,34.82,-2110000000,239.91,193.36
2025-12-28,WM,6.35,24783999000.0,34.82,None,0.586,23.63,732000000,None,666000000,666000000,-245000000,-1086000000,None,None,None,None,None,None,6000000,565100000,None,9992000000,9992000000,719000000,None,None,2004000000,None,None,1437000000,891000000,3.225,0.0146,333000000,333000000,None,-0.207,-0.05,1767000000,3204000000,2.03,2025-06-30,26.32,5364000000,9912001000.0,3082000000,1092000000,-90000000,150000000,150000000,None,627000000,None,99000000,None,None,8165000000,None,None,727000000,None,None,None,0.189,1545000000,1276000000,1806000000,682000000,1533000000,None,None,None,None,None,None,None,2.619,9.36,3.594,None,None,None,None,None,50000000,None,0.103,None,11221000000,2025-10-28,quarterly,1.98,USD,post-market,None,3615000000,0.0705,0.293,0.149,61.6,1276000000,8687000000,522000000,None,223.64,211.44,-2.4631,21135000000,3451000000,3257000000,14733000000,17684000000,11476000000,13074000000,6121000000,34.82,-2110000000,239.91,193.36
2025-12-28,WM,6.35,24783999000.0,34.82,None,0.586,23.63,831000000,None,666000000,666000000,-536000000,-829000000,None,None,None,None,None,None,6000000,565100000,None,9992000000,9992000000,719000000,None,None,2004000000,None,None,1437000000,473000000,3.225,0.0146,336000000,336000000,None,-0.207,-0.05,1767000000,3204000000,2.03,2025-03-31,26.32,5364000000,9912001000.0,3082000000,1092000000,-90000000,150000000,150000000,None,627000000,None,99000000,None,None,8165000000,None,None,637000000,None,None,None,0.189,1208000000,1276000000,1806000000,682000000,1533000000,None,None,None,None,None,None,None,2.619,9.36,3.594,None,None,None,None,None,25000000,None,0.103,None,11221000000,2025-10-28,quarterly,1.98,USD,post-market,None,3615000000,0.0705,0.293,0.149,61.6,1276000000,8687000000,522000000,None,223.64,211.44,-2.4631,21135000000,3451000000,3257000000,14733000000,17684000000,11476000000,13074000000,6121000000,34.82,-2110000000,239.91,193.36
2025-12-28,WM,6.35,24783999000.0,34.82,None,0.586,23.63,1115000000,None,666000000,666000000,6058000000,-7762000000,None,None,None,None,None,None,6000000,565100000,None,9992000000,9992000000,719000000,None,None,2004000000,None,None,1437000000,437000000,3.225,0.0146,301000000,301000000,None,-0.207,-0.05,1767000000,3204000000,2.03,2024-12-31,26.32,5364000000,9912001000.0,3082000000,1092000000,-90000000,150000000,150000000,None,627000000,None,99000000,None,None,8165000000,None,None,597000000,None,None,None,0.189,1511000000,1276000000,1806000000,682000000,1533000000,None,None,None,None,None,None,None,2.619,9.36,3.594,None,None,None,None,None,-209000000,None,0.103,None,11221000000,2025-10-28,quarterly,1.98,USD,post-market,None,3615000000,0.0705,0.293,0.149,61.6,1276000000,8687000000,522000000,None,223.64,211.44,-2.4631,21135000000,3451000000,3257000000,14733000000,17684000000,11476000000,13074000000,6121000000,34.82,-2110000000,239.91,193.36
2025-12-28,WM,6.35,24783999000.0,34.82,None,0.586,23.63,781000000,None,666000000,666000000,-439000000,-480000000,None,None,None,None,None,None,6000000,565100000,None,9992000000,9992000000,719000000,None,None,2004000000,None,None,1437000000,591000000,3.225,0.0146,301000000,301000000,None,-0.207,-0.05,1767000000,3204000000,2.03,2024-09-30,26.32,5364000000,9912001000.0,3082000000,1092000000,-90000000,150000000,150000000,None,627000000,None,99000000,None,None,8165000000,None,None,760000000,None,None,None,0.189,1358000000,1276000000,1806000000,682000000,1533000000,None,None,None,None,None,None,None,2.619,9.36,3.594,None,None,None,None,None,-220000000,None,0.103,None,11221000000,2025-10-28,quarterly,1.98,USD,post-market,None,3615000000,0.0705,0.293,0.149,61.6,1276000000,8687000000,522000000,None,223.64,211.44,-2.4631,21135000000,3451000000,3257000000,14733000000,17684000000,11476000000,13074000000,6121000000,34.82,-2110000000,239.91,193.36
2025-12-28,WM,6.35,24783999000.0,34.82,None,0.586,23.63,667000000,None,666000000,666000000,273000000,-1604000000,None,None,None,None,None,None,6000000,565100000,None,9992000000,9992000000,719000000,None,None,2004000000,None,None,1437000000,576000000,3.225,0.0146,301000000,301000000,None,-0.207,-0.05,1767000000,3204000000,2.03,2024-06-30,26.32,5364000000,9912001000.0,3082000000,1092000000,-90000000,150000000,150000000,None,627000000,None,99000000,None,None,8165000000,None,None,680000000,None,None,None,0.189,1154000000,1276000000,1806000000,682000000,1533000000,None,None,None,None,None,None,None,2.619,9.36,3.594,None,None,None,None,None,-12000000,None,0.103,None,11221000000,2025-10-28,quarterly,1.98,USD,post-market,None,3615000000,0.0705,0.293,0.149,61.6,1276000000,8687000000,522000000,None,223.64,211.44,-2.4631,21135000000,3451000000,3257000000,14733000000,17684000000,11476000000,13074000000,6121000000,34.82,-2110000000,239.91,193.36
2025-12-28,WM,6.35,24783999000.0,34.82,None,0.586,23.63,668000000,None,666000000,666000000,-737000000,-755000000,None,None,None,None,None,None,6000000,565100000,None,9992000000,9992000000,719000000,None,None,2004000000,None,None,1437000000,547000000,3.225,0.0146,307000000,307000000,None,-0.207,-0.05,1767000000,3204000000,2.03,2024-03-31,26.32,5364000000,9912001000.0,3082000000,1092000000,-90000000,150000000,150000000,None,627000000,None,99000000,None,None,8165000000,None,None,708000000,None,None,None,0.189,1367000000,1276000000,1806000000,682000000,1533000000,None,None,None,None,None,None,None,2.619,9.36,3.594,None,None,None,None,None,-250000000,None,0.103,None,11221000000,2025-10-28,quarterly,1.98,USD,post-market,None,3615000000,0.0705,0.293,0.149,61.6,1276000000,8687000000,522000000,None,223.64,211.44,-2.4631,21135000000,3451000000,3257000000,14733000000,17684000000,11476000000,13074000000,6121000000,34.82,-2110000000,239.91,193.36
2025-12-28,WM,6.35,24783999000.0,34.82,None,0.586,23.63,1042000000,None,666000000,666000000,1000000,-1084000000,None,None,-63000000,None,None,None,6000000,565100000,None,9992000000,9992000000,719000000,None,None,2004000000,None,None,1437000000,335000000,3.225,0.0146,281000000,281000000,None,-0.207,-0.05,1767000000,3204000000,2.03,2023-12-31,26.32,5364000000,9912001000.0,3082000000,1092000000,-90000000,150000000,150000000,None,627000000,None,99000000,None,None,8165000000,None,None,469000000,None,None,None,0.189,1382000000,1276000000,1806000000,682000000,1533000000,None,None,None,None,None,None,None,2.619,9.36,3.594,None,None,None,None,None,-312000000,None,0.103,None,11221000000,2025-10-28,quarterly,1.98,USD,post-market,None,3615000000,0.0705,0.293,0.149,61.6,1276000000,8687000000,522000000,None,223.64,211.44,-2.4631,21135000000,3451000000,3257000000,14733000000,17684000000,11476000000,13074000000,6121000000,34.82,-2110000000,239.91,193.36
2025-12-28,WM,6.35,24783999000.0,34.82,None,0.586,23.63,673000000,None,666000000,666000000,-606000000,-2007000000,None,None,7000000,None,None,None,6000000,565100000,None,9992000000,9992000000,719000000,None,None,2004000000,None,None,1437000000,331000000,3.225,0.0146,283000000,283000000,None,-0.207,-0.05,1767000000,3204000000,2.03,2023-09-30,26.32,5364000000,9912001000.0,3082000000,1092000000,-90000000,150000000,150000000,None,627000000,None,99000000,None,None,8165000000,None,None,662000000,None,None,None,0.189,1263000000,1276000000,1806000000,682000000,1533000000,None,None,None,None,None,None,None,2.619,9.36,3.594,None,None,None,None,None,-370000000,None,0.103,None,11221000000,2025-10-28,quarterly,1.98,USD,post-market,None,3615000000,0.0705,0.293,0.149,61.6,1276000000,8687000000,522000000,None,223.64,211.44,-2.4631,21135000000,3451000000,3257000000,14733000000,17684000000,11476000000,13074000000,6121000000,34.82,-2110000000,239.91,193.36
2025-12-28,WM,6.35,24783999000.0,34.82,None,0.586,23.63,520000000,None,666000000,666000000,-600000000,-561000000,-131000000,None,120000000,None,None,-243000000,6000000,565100000,None,9992000000,9992000000,719000000,None,None,2004000000,None,None,1437000000,333000000,3.225,0.0146,283000000,283000000,None,-0.207,-0.05,1767000000,3204000000,2.03,2023-06-30,26.32,5364000000,9912001000.0,3082000000,1092000000,-90000000,150000000,150000000,None,627000000,None,99000000,None,None,8165000000,None,None,613000000,None,None,None,0.189,1030000000,1276000000,1806000000,682000000,1533000000,None,None,None,None,None,None,None,2.619,9.36,3.594,None,None,None,None,None,-270000000,None,0.103,None,11221000000,2025-10-28,quarterly,1.98,USD,post-market,None,3615000000,0.0705,0.293,0.149,61.6,1276000000,8687000000,522000000,None,223.64,211.44,-2.4631,21135000000,3451000000,3257000000,14733000000,17684000000,11476000000,13074000000,6121000000,34.82,-2110000000,239.91,193.36
2025-12-28,WM,6.35,24783999000.0,34.82,None,0.586,23.63,660000000,None,666000000,666000000,-319000000,-778000000,-53000000,None,None,None,None,138000000,6000000,565100000,None,9992000000,9992000000,719000000,None,None,2004000000,None,None,1437000000,327000000,3.225,0.0146,289000000,289000000,None,-0.207,-0.05,1767000000,3204000000,2.03,2023-03-31,26.32,5364000000,9912001000.0,3082000000,1092000000,-90000000,150000000,150000000,None,627000000,None,99000000,None,None,8165000000,None,None,532000000,None,None,None,0.189,1044000000,1276000000,1806000000,682000000,1533000000,None,None,None,None,None,None,None,2.619,9.36,3.594,None,None,None,None,None,-350000000,None,0.103,None,11221000000,2025-10-28,quarterly,1.98,USD,post-market,None,3615000000,0.0705,0.293,0.149,61.6,1276000000,8687000000,522000000,None,223.64,211.44,-2.4631,21135000000,3451000000,3257000000,14733000000,17684000000,11476000000,13074000000,6121000000,34.82,-2110000000,239.91,193.36
2025-12-28,WM,6.35,24783999000.0,34.82,None,0.586,23.63,862000000,None,666000000,666000000,175000000,-1027000000,197000000,None,None,None,None,-228000000,6000000,565100000,None,9992000000,9992000000,719000000,None,None,2004000000,None,None,1437000000,-209000000,3.225,0.0146,266000000,266000000,None,-0.207,-0.05,1767000000,3204000000,2.03,2022-12-31,26.32,5364000000,9912001000.0,3082000000,1092000000,-90000000,150000000,150000000,None,627000000,None,99000000,None,None,8165000000,None,None,500000000,None,None,None,0.189,1049000000,1276000000,1806000000,682000000,1533000000,None,None,None,None,None,None,None,2.619,9.36,3.594,None,None,None,None,None,-439000000,None,0.103,None,11221000000,2025-10-28,quarterly,1.98,USD,post-market,None,3615000000,0.0705,0.293,0.149,61.6,1276000000,8687000000,522000000,None,223.64,211.44,-2.4631,21135000000,3451000000,3257000000,14733000000,17684000000,11476000000,13074000000,6121000000,34.82,-2110000000,239.91,193.36
2025-12-28,WM,6.35,24783999000.0,34.82,None,0.586,23.63,757000000,None,666000000,666000000,-984000000,-936000000,-738000000,None,-62000000,None,None,-13000000,6000000,565100000,None,9992000000,9992000000,719000000,None,None,2004000000,None,None,1437000000,503000000,3.225,0.0146,267000000,267000000,None,-0.207,-0.05,1767000000,3204000000,2.03,2022-09-30,26.32,5364000000,9912001000.0,3082000000,1092000000,-90000000,150000000,150000000,None,627000000,None,99000000,None,None,8165000000,None,None,639000000,None,None,None,0.189,1182000000,1276000000,1806000000,682000000,1533000000,None,None,None,None,None,None,None,2.619,9.36,3.594,None,None,None,None,None,-541000000,None,0.103,None,11221000000,2025-10-28,quarterly,1.98,USD,post-market,None,3615000000,0.0705,0.293,0.149,61.6,1276000000,8687000000,522000000,None,223.64,211.44,-2.4631,21135000000,3451000000,3257000000,14733000000,17684000000,11476000000,13074000000,6121000000,34.82,-2110000000,239.91,193.36
2025-12-28,WM,6.35,24783999000.0,34.82,None,0.586,23.63,550000000,None,666000000,666000000,228000000,-528000000,747000000,None,-149000000,None,None,-181000000,6000000,565100000,None,9992000000,9992000000,719000000,None,None,2004000000,None,None,1437000000,508000000,3.225,0.0146,269000000,269000000,None,-0.207,-0.05,1767000000,3204000000,2.03,2022-06-30,26.32,5364000000,9912001000.0,3082000000,1092000000,-90000000,150000000,150000000,None,627000000,None,99000000,None,None,8165000000,None,None,587000000,None,None,None,0.189,1047000000,1276000000,1806000000,682000000,1533000000,None,None,None,None,None,None,None,2.619,9.36,3.594,None,None,None,None,None,-270000000,None,0.103,None,11221000000,2025-10-28,quarterly,1.98,USD,post-market,None,3615000000,0.0705,0.293,0.149,61.6,1276000000,8687000000,522000000,None,223.64,211.44,-2.4631,21135000000,3451000000,3257000000,14733000000,17684000000,11476000000,13074000000,6121000000,34.82,-2110000000,239.91,193.36
2025-12-28,WM,6.35,24783999000.0,34.82,None,0.586,23.63,418000000,None,666000000,666000000,-635000000,-572000000,51000000,None,-194000000,None,None,93000000,6000000,565100000,None,9992000000,9992000000,719000000,None,None,2004000000,None,None,1437000000,482000000,3.225,0.0146,275000000,275000000,None,-0.207,-0.05,1767000000,3204000000,2.03,2022-03-31,26.32,5364000000,9912001000.0,3082000000,1092000000,-90000000,150000000,150000000,None,627000000,None,99000000,None,None,8165000000,None,None,514000000,None,None,None,0.189,1258000000,1276000000,1806000000,682000000,1533000000,None,None,None,None,None,None,None,2.619,9.36,3.594,None,None,None,None,None,-250000000,None,0.103,None,11221000000,2025-10-28,quarterly,1.98,USD,post-market,None,3615000000,0.0705,0.293,0.149,61.6,1276000000,8687000000,522000000,None,223.64,211.44,-2.4631,21135000000,3451000000,3257000000,14733000000,17684000000,11476000000,13074000000,6121000000,34.82,-2110000000,239.91,193.36
2025-12-28,WM,6.35,24783999000.0,34.82,None,0.586,23.63,774000000,None,666000000,666000000,-214000000,-788000000,-11000000,None,-335000000,None,None,84000000,6000000,565100000,None,9992000000,9992000000,719000000,None,None,2004000000,None,None,1437000000,510000000,3.225,0.0146,240000000,240000000,None,-0.207,-0.05,1767000000,3204000000,2.03,2021-12-31,26.32,5364000000,9912001000.0,3082000000,1092000000,-90000000,150000000,150000000,None,627000000,None,99000000,None,None,8165000000,None,None,506000000,None,None,None,0.189,991000000,1276000000,1806000000,682000000,1533000000,None,None,None,None,None,None,None,2.619,9.36,3.594,None,None,None,None,None,-350000000,None,0.103,None,11221000000,2025-10-28,quarterly,1.98,USD,post-market,None,3615000000,0.0705,0.293,0.149,61.6,1276000000,8687000000,522000000,None,223.64,211.44,-2.4631,21135000000,3451000000,3257000000,14733000000,17684000000,11476000000,13074000000,6121000000,34.82,-2110000000,239.91,193.36
2025-12-28,WM,6.35,24783999000.0,34.82,None,0.586,23.63,464000000,None,666000000,666000000,-876000000,-398000000,-90000000,None,None,None,None,-32000000,6000000,565100000,None,9992000000,9992000000,719000000,None,None,2004000000,None,None,1437000000,517000000,3.225,0.0146,241000000,241000000,None,-0.207,-0.05,1767000000,3204000000,2.03,2021-09-30,26.32,5364000000,9912001000.0,3082000000,1092000000,-90000000,150000000,150000000,None,627000000,None,99000000,None,None,8165000000,None,None,539000000,None,None,None,0.189,1184000000,1276000000,1806000000,682000000,1533000000,None,None,None,None,None,None,None,2.619,9.36,3.594,None,None,None,None,None,-500000000,None,0.103,None,11221000000,2025-10-28,quarterly,1.98,USD,post-market,None,3615000000,0.0705,0.293,0.149,61.6,1276000000,8687000000,522000000,None,223.64,211.44,-2.4631,21135000000,3451000000,3257000000,14733000000,17684000000,11476000000,13074000000,6121000000,34.82,-2110000000,239.91,193.36
2025-12-28,WM,6.35,24783999000.0,34.82,None,0.586,23.63,396000000,None,666000000,666000000,-980000000,-374000000,-311000000,None,None,None,None,-223000000,6000000,565100000,None,9992000000,9992000000,719000000,None,None,2004000000,None,None,1437000000,500000000,3.225,0.0146,242000000,242000000,None,-0.207,-0.05,1767000000,3204000000,2.03,2021-06-30,26.32,5364000000,9912001000.0,3082000000,1092000000,-90000000,150000000,150000000,None,627000000,None,99000000,None,None,8165000000,None,None,351000000,None,None,None,0.189,1043000000,1276000000,1806000000,682000000,1533000000,None,None,None,None,None,None,None,2.619,9.36,3.594,None,None,None,None,None,-250000000,None,0.103,None,11221000000,2025-10-28,quarterly,1.98,USD,post-market,None,3615000000,0.0705,0.293,0.149,61.6,1276000000,8687000000,522000000,None,223.64,211.44,-2.4631,21135000000,3451000000,3257000000,14733000000,17684000000,11476000000,13074000000,6121000000,34.82,-2110000000,239.91,193.36
2025-12-28,WM,6.35,24783999000.0,34.82,None,0.586,23.63,270000000,None,666000000,666000000,-830000000,-334000000,-44000000,None,6000000,None,None,199000000,6000000,565100000,None,9992000000,9992000000,719000000,None,None,2004000000,None,None,1437000000,472000000,3.225,0.0146,247000000,247000000,None,-0.207,-0.05,1767000000,3204000000,2.03,2021-03-31,26.32,5364000000,9912001000.0,3082000000,1092000000,-90000000,150000000,150000000,None,627000000,None,99000000,None,None,8165000000,None,None,421000000,None,None,None,0.189,1120000000,1276000000,1806000000,682000000,1533000000,None,None,None,None,None,None,None,2.619,9.36,3.594,None,None,None,None,None,-250000000,None,0.103,None,11221000000,2025-10-28,quarterly,1.98,USD,post-market,None,3615000000,0.0705,0.293,0.149,61.6,1276000000,8687000000,522000000,None,223.64,211.44,-2.4631,21135000000,3451000000,3257000000,14733000000,17684000000,11476000000,13074000000,6121000000,34.82,-2110000000,239.91,193.36
2025-12-28,WM,6.35,24783999000.0,34.82,None,0.586,23.63,394000000,None,666000000,666000000,2685000000,-3606000000,-168000000,None,55000000,None,None,-255000000,6000000,565100000,None,9992000000,9992000000,719000000,None,None,2004000000,None,None,1437000000,436000000,3.225,0.0146,231000000,231000000,None,-0.207,-0.05,1767000000,3204000000,2.03,2020-12-31,26.32,5364000000,9912001000.0,3082000000,1092000000,-90000000,150000000,150000000,None,627000000,None,99000000,None,None,8165000000,None,None,438000000,None,None,None,0.189,753000000,1276000000,1806000000,682000000,1533000000,None,None,None,None,None,None,None,2.619,9.36,3.594,None,None,None,None,None,402000000,None,0.103,None,11221000000,2025-10-28,quarterly,1.98,USD,post-market,None,3615000000,0.0705,0.293,0.149,61.6,1276000000,8687000000,522000000,None,223.64,211.44,-2.4631,21135000000,3451000000,3257000000,14733000000,17684000000,11476000000,13074000000,6121000000,34.82,-2110000000,239.91,193.36
2025-12-28,WM,6.35,24783999000.0,34.82,None,0.586,23.63,343000000,None,666000000,666000000,-2669000000,-323000000,-1963000000,None,None,None,None,-109000000,6000000,565100000,None,9992000000,9992000000,719000000,None,None,2004000000,None,None,1437000000,419000000,3.225,0.0146,230000000,230000000,None,-0.207,-0.05,1767000000,3204000000,2.03,2020-09-30,26.32,5364000000,9912001000.0,3082000000,1092000000,-90000000,150000000,150000000,None,627000000,None,99000000,None,None,8165000000,None,None,390000000,None,None,None,0.189,1029000000,1276000000,1806000000,682000000,1533000000,None,None,None,None,None,None,None,2.619,9.36,3.594,None,None,None,None,None,-402000000,None,0.103,None,11221000000,2025-10-28,quarterly,1.98,USD,post-market,None,3615000000,0.0705,0.293,0.149,61.6,1276000000,8687000000,522000000,None,223.64,211.44,-2.4631,21135000000,3451000000,3257000000,14733000000,17684000000,11476000000,13074000000,6121000000,34.82,-2110000000,239.91,193.36
2025-12-28,WM,6.35,24783999000.0,34.82,None,0.586,23.63,436000000,None,666000000,666000000,-907000000,-415000000,-466000000,None,None,None,None,58000000,6000000,565100000,None,9992000000,9992000000,719000000,None,None,2004000000,None,None,1437000000,414000000,3.225,0.0146,230000000,230000000,None,-0.207,-0.05,1767000000,3204000000,2.03,2020-06-30,26.32,5364000000,9912001000.0,3082000000,1092000000,-90000000,150000000,150000000,None,627000000,None,99000000,None,None,8165000000,None,None,307000000,None,None,None,0.189,856000000,1276000000,1806000000,682000000,1533000000,None,None,None,None,None,None,None,2.619,9.36,3.594,None,None,None,None,None,-1000000,None,0.103,None,11221000000,2025-10-28,quarterly,1.98,USD,post-market,None,3615000000,0.0705,0.293,0.149,61.6,1276000000,8687000000,522000000,None,223.64,211.44,-2.4631,21135000000,3451000000,3257000000,14733000000,17684000000,11476000000,13074000000,6121000000,34.82,-2110000000,239.91,193.36
2025-12-28,WM,6.35,24783999000.0,34.82,None,0.586,23.63,459000000,None,666000000,666000000,-668000000,-503000000,-406000000,None,-9000000,None,None,127000000,6000000,565100000,None,9992000000,9992000000,719000000,None,None,2004000000,None,None,1437000000,402000000,3.225,0.0146,236000000,236000000,None,-0.207,-0.05,1767000000,3204000000,2.03,2020-03-31,26.32,5364000000,9912001000.0,3082000000,1092000000,-90000000,150000000,150000000,None,627000000,None,99000000,None,None,8165000000,None,None,361000000,None,None,None,0.189,765000000,1276000000,1806000000,682000000,1533000000,None,None,None,None,None,None,None,2.619,9.36,3.594,None,None,None,None,None,-402000000,None,0.103,None,11221000000,2025-10-28,quarterly,1.98,USD,post-market,None,3615000000,0.0705,0.293,0.149,61.6,1276000000,8687000000,522000000,None,223.64,211.44,-2.4631,21135000000,3451000000,3257000000,14733000000,17684000000,11476000000,13074000000,6121000000,34.82,-2110000000,239.91,193.36
2025-12-28,WM,6.35,24783999000.0,34.82,None,0.586,23.63,286000000,None,666000000,666000000,-116000000,-280000000,626000000,None,-181000000,None,None,-51000000,6000000,565100000,None,9992000000,9992000000,719000000,None,None,2004000000,None,None,1437000000,395000000,3.225,0.0146,218000000,218000000,None,-0.207,-0.05,1767000000,3204000000,2.03,2019-12-31,26.32,5364000000,9912001000.0,3082000000,1092000000,-90000000,150000000,150000000,None,627000000,None,99000000,None,None,8165000000,None,None,447000000,None,None,None,0.189,1022000000,1276000000,1806000000,682000000,1533000000,None,None,None,None,None,None,None,2.619,9.36,3.594,None,None,None,None,None,-1000000,None,0.103,None,11221000000,2025-10-28,quarterly,1.98,USD,post-market,None,3615000000,0.0705,0.293,0.149,61.6,1276000000,8687000000,522000000,None,223.64,211.44,-2.4631,21135000000,3451000000,3257000000,14733000000,17684000000,11476000000,13074000000,6121000000,34.82,-2110000000,239.91,193.36
2025-12-28,WM,6.35,24783999000.0,34.82,None,0.586,23.63,483000000,None,666000000,666000000,258000000,-531000000,679000000,None,None,None,None,-21000000,6000000,565100000,None,9992000000,9992000000,719000000,None,None,2004000000,None,None,1437000000,404000000,3.225,0.0146,218000000,218000000,None,-0.207,-0.05,1767000000,3204000000,2.03,2019-09-30,26.32,5364000000,9912001000.0,3082000000,1092000000,-90000000,150000000,150000000,None,627000000,None,99000000,None,None,8165000000,None,None,495000000,None,None,None,0.189,952000000,1276000000,1806000000,682000000,1533000000,None,None,None,None,None,None,None,2.619,9.36,3.594,None,None,None,None,None,-2000000,None,0.103,None,11221000000,2025-10-28,quarterly,1.98,USD,post-market,None,3615000000,0.0705,0.293,0.149,61.6,1276000000,8687000000,522000000,None,223.64,211.44,-2.4631,21135000000,3451000000,3257000000,14733000000,17684000000,11476000000,13074000000,6121000000,34.82,-2110000000,239.91,193.36
2025-12-28,WM,6.35,24783999000.0,34.82,None,0.586,23.63,578000000,None,666000000,666000000,1780000000,-765000000,2025000000,None,None,None,None,-193000000,6000000,565100000,None,9992000000,9992000000,719000000,None,None,2004000000,None,None,1437000000,409000000,3.225,0.0146,217000000,217000000,None,-0.207,-0.05,1767000000,3204000000,2.03,2019-06-30,26.32,5364000000,9912001000.0,3082000000,1092000000,-90000000,150000000,150000000,None,627000000,None,99000000,None,None,8165000000,None,None,382000000,None,None,None,0.189,1010000000,1276000000,1806000000,682000000,1533000000,None,None,None,None,None,None,None,2.619,9.36,3.594,None,None,None,None,None,-180000000,None,0.103,None,11221000000,2025-10-28,quarterly,1.98,USD,post-market,None,3615000000,0.0705,0.293,0.149,61.6,1276000000,8687000000,522000000,None,223.64,211.44,-2.4631,21135000000,3451000000,3257000000,14733000000,17684000000,11476000000,13074000000,6121000000,34.82,-2110000000,239.91,193.36
2025-12-28,WM,6.35,24783999000.0,34.82,None,0.586,23.63,471000000,None,666000000,666000000,42000000,-800000000,132000000,None,-12000000,None,None,212000000,6000000,565100000,None,9992000000,9992000000,719000000,None,None,2004000000,None,None,1437000000,366000000,3.225,0.0146,223000000,223000000,None,-0.207,-0.05,1767000000,3204000000,2.03,2019-03-31,26.32,5364000000,9912001000.0,3082000000,1092000000,-90000000,150000000,150000000,None,627000000,None,99000000,None,None,8165000000,None,None,347000000,None,None,None,0.189,890000000,1276000000,1806000000,682000000,1533000000,None,None,None,None,None,None,None,2.619,9.36,3.594,None,None,None,None,None,-68000000,None,0.103,None,11221000000,2025-10-28,quarterly,1.98,USD,post-market,None,3615000000,0.0705,0.293,0.149,61.6,1276000000,8687000000,522000000,None,223.64,211.44,-2.4631,21135000000,3451000000,3257000000,14733000000,17684000000,11476000000,13074000000,6121000000,34.82,-2110000000,239.91,193.36
2025-12-28,WM,6.35,24783999000.0,34.82,None,0.586,23.63,454000000,None,666000000,666000000,-493000000,-663000000,-244000000,None,-182000000,None,None,-59000000,6000000,565100000,None,9992000000,9992000000,719000000,None,None,2004000000,None,None,1437000000,370000000,3.225,0.0146,197000000,197000000,None,-0.207,-0.05,1767000000,3204000000,2.03,2018-12-31,26.32,5364000000,9912001000.0,3082000000,1092000000,-90000000,150000000,150000000,None,627000000,None,99000000,None,None,8165000000,None,None,531000000,None,None,None,0.189,912000000,1276000000,1806000000,682000000,1533000000,None,None,None,None,None,None,None,2.619,9.36,3.594,None,None,None,None,None,-254000000,None,0.103,None,11221000000,2025-10-28,quarterly,1.98,USD,post-market,None,3615000000,0.0705,0.293,0.149,61.6,1276000000,8687000000,522000000,None,223.64,211.44,-2.4631,21135000000,3451000000,3257000000,14733000000,17684000000,11476000000,13074000000,6121000000,34.82,-2110000000,239.91,193.36
2025-12-28,WM,6.35,24783999000.0,34.82,None,0.586,23.63,404000000,None,666000000,666000000,-368000000,-496000000,10000000,None,0,None,None,-159000000,6000000,565100000,None,9992000000,9992000000,719000000,None,None,2004000000,None,None,1437000000,376000000,3.225,0.0146,199000000,199000000,None,-0.207,-0.05,1767000000,3204000000,2.03,2018-09-30,26.32,5364000000,9912001000.0,3082000000,1092000000,-90000000,150000000,150000000,None,627000000,None,99000000,None,None,8165000000,None,None,498000000,None,None,None,0.189,874000000,1276000000,1806000000,682000000,1533000000,None,None,None,None,None,None,None,2.619,9.36,3.594,None,None,None,None,None,-200000000,None,0.103,None,11221000000,2025-10-28,quarterly,1.98,USD,post-market,None,3615000000,0.0705,0.293,0.149,61.6,1276000000,8687000000,522000000,None,223.64,211.44,-2.4631,21135000000,3451000000,3257000000,14733000000,17684000000,11476000000,13074000000,6121000000,34.82,-2110000000,239.91,193.36
2025-12-28,WM,6.35,24783999000.0,34.82,None,0.586,23.63,436000000,None,666000000,666000000,-609000000,-373000000,-7000000,None,0,None,None,19000000,6000000,565100000,None,9992000000,9992000000,719000000,None,None,2004000000,None,None,1437000000,384000000,3.225,0.0146,200000000,200000000,None,-0.207,-0.05,1767000000,3204000000,2.03,2018-06-30,26.32,5364000000,9912001000.0,3082000000,1092000000,-90000000,150000000,150000000,None,627000000,None,99000000,None,None,8165000000,None,None,499000000,None,None,None,0.189,975000000,1276000000,1806000000,682000000,1533000000,None,None,None,None,None,None,None,2.619,9.36,3.594,None,None,None,None,None,-300000000,None,0.103,None,11221000000,2025-10-28,quarterly,1.98,USD,post-market,None,3615000000,0.0705,0.293,0.149,61.6,1276000000,8687000000,522000000,None,223.64,211.44,-2.4631,21135000000,3451000000,3257000000,14733000000,17684000000,11476000000,13074000000,6121000000,34.82,-2110000000,239.91,193.36
2025-12-28,WM,6.35,24783999000.0,34.82,None,0.586,23.63,400000000,None,666000000,666000000,-38000000,-637000000,134000000,None,-9000000,None,None,183000000,6000000,565100000,None,9992000000,9992000000,719000000,None,None,2004000000,None,None,1437000000,347000000,3.225,0.0146,206000000,206000000,None,-0.207,-0.05,1767000000,3204000000,2.03,2018-03-31,26.32,5364000000,9912001000.0,3082000000,1092000000,-90000000,150000000,150000000,None,627000000,None,99000000,None,None,8165000000,None,None,395000000,None,None,None,0.189,809000000,1276000000,1806000000,682000000,1533000000,None,None,None,None,None,None,None,2.619,9.36,3.594,None,None,None,None,None,-250000000,None,0.103,None,11221000000,2025-10-28,quarterly,1.98,USD,post-market,None,3615000000,0.0705,0.293,0.149,61.6,1276000000,8687000000,522000000,None,223.64,211.44,-2.4631,21135000000,3451000000,3257000000,14733000000,17684000000,11476000000,13074000000,6121000000,34.82,-2110000000,239.91,193.36
2025-12-28,WM,6.35,24783999000.0,34.82,None,0.586,23.63,528000000,None,666000000,666000000,-407000000,-395000000,-13000000,None,-96000000,None,None,-383000000,6000000,565100000,None,9992000000,9992000000,719000000,None,None,2004000000,None,None,1437000000,342000000,3.225,0.0146,184000000,184000000,None,-0.207,-0.05,1767000000,3204000000,2.03,2017-12-31,26.32,5364000000,9912001000.0,3082000000,1092000000,-90000000,150000000,150000000,None,627000000,None,99000000,None,None,8165000000,None,None,903000000,None,None,None,0.189,790000000,1276000000,1806000000,682000000,1533000000,None,None,None,None,None,None,None,2.619,9.36,3.594,None,None,None,None,None,3000000,None,0.103,None,11221000000,2025-10-28,quarterly,1.98,USD,post-market,None,3615000000,0.0705,0.293,0.149,61.6,1276000000,8687000000,522000000,None,223.64,211.44,-2.4631,21135000000,3451000000,3257000000,14733000000,17684000000,11476000000,13074000000,6121000000,34.82,-2110000000,239.91,193.36
2025-12-28,WM,6.35,24783999000.0,34.82,None,0.586,23.63,350000000,None,666000000,666000000,-547000000,-307000000,3000000,1000000,0,None,None,69000000,6000000,565100000,None,9992000000,9992000000,719000000,None,None,2004000000,None,None,1437000000,350000000,3.225,0.0146,185000000,185000000,None,-0.207,-0.05,1767000000,3204000000,2.03,2017-09-30,26.32,5364000000,9912001000.0,3082000000,1092000000,-90000000,150000000,150000000,None,627000000,None,99000000,None,None,8165000000,None,None,388000000,None,None,None,0.189,856000000,1276000000,1806000000,682000000,1533000000,None,None,None,None,None,None,None,2.619,9.36,3.594,None,None,None,None,None,-500000000,None,0.103,None,11221000000,2025-10-28,quarterly,1.98,USD,post-market,None,3615000000,0.0705,0.293,0.149,61.6,1276000000,8687000000,522000000,None,223.64,211.44,-2.4631,21135000000,3451000000,3257000000,14733000000,17684000000,11476000000,13074000000,6121000000,34.82,-2110000000,239.91,193.36
2025-12-28,WM,6.35,24783999000.0,34.82,None,0.586,23.63,299000000,None,666000000,666000000,-474000000,-337000000,2000000,None,0,None,None,-108000000,6000000,565100000,None,9992000000,9992000000,719000000,None,None,2004000000,None,None,1437000000,356000000,3.225,0.0146,187000000,187000000,None,-0.207,-0.05,1767000000,3204000000,2.03,2017-06-30,26.32,5364000000,9912001000.0,3082000000,1092000000,-90000000,150000000,150000000,None,627000000,None,99000000,None,None,8165000000,None,None,361000000,None,None,None,0.189,813000000,1276000000,1806000000,682000000,1533000000,None,None,None,None,None,None,None,2.619,9.36,3.594,None,None,None,None,None,-250000000,None,0.103,None,11221000000,2025-10-28,quarterly,1.98,USD,post-market,None,3615000000,0.0705,0.293,0.149,61.6,1276000000,8687000000,522000000,None,223.64,211.44,-2.4631,21135000000,3451000000,3257000000,14733000000,17684000000,11476000000,13074000000,6121000000,34.82,-2110000000,239.91,193.36
2025-12-28,WM,6.35,24783999000.0,34.82,None,0.586,23.63,332000000,None,666000000,666000000,-385000000,-337000000,-2000000,None,-15000000,None,None,151000000,6000000,565100000,None,9992000000,9992000000,719000000,None,None,2004000000,None,None,1437000000,328000000,3.225,0.0146,194000000,194000000,None,-0.207,-0.05,1767000000,3204000000,2.03,2017-03-31,26.32,5364000000,9912001000.0,3082000000,1092000000,-90000000,150000000,150000000,None,627000000,None,99000000,None,None,8165000000,None,None,297000000,None,None,None,0.189,721000000,1276000000,1806000000,682000000,1533000000,None,None,None,None,None,None,None,2.619,9.36,3.594,None,None,None,None,None,-32000000,None,0.103,None,11221000000,2025-10-28,quarterly,1.98,USD,post-market,None,3615000000,0.0705,0.293,0.149,61.6,1276000000,8687000000,522000000,None,223.64,211.44,-2.4631,21135000000,3451000000,3257000000,14733000000,17684000000,11476000000,13074000000,6121000000,34.82,-2110000000,239.91,193.36
2025-12-28,WM,6.35,24783999000.0,34.82,None,0.586,23.63,377000000,None,666000000,666000000,-369000000,-382000000,2000000,None,-40000000,None,None,-110000000,6000000,565100000,None,9992000000,9992000000,719000000,None,None,2004000000,None,None,1437000000,313000000,3.225,0.0146,180000000,180000000,None,-0.207,-0.05,1767000000,3204000000,2.03,2016-12-31,26.32,5364000000,9912001000.0,3082000000,1092000000,-90000000,150000000,150000000,None,627000000,None,99000000,None,None,8165000000,None,None,334000000,None,None,None,0.189,753000000,1276000000,1806000000,682000000,1533000000,None,None,None,None,None,None,None,2.619,9.36,3.594,None,None,None,None,None,-225000000,None,0.103,None,11221000000,2025-10-28,quarterly,1.98,USD,post-market,None,3615000000,0.0705,0.293,0.149,61.6,1276000000,8687000000,522000000,None,223.64,211.44,-2.4631,21135000000,3451000000,3257000000,14733000000,17684000000,11476000000,13074000000,6121000000,34.82,-2110000000,239.91,193.36
2025-12-28,WM,6.35,24783999000.0,34.82,None,0.586,23.63,333000000,None,666000000,666000000,-397000000,-364000000,-9000000,None,0,None,None,-34000000,6000000,565100000,None,9992000000,9992000000,719000000,None,None,2004000000,None,None,1437000000,336000000,3.225,0.0146,182000000,182000000,None,-0.207,-0.05,1767000000,3204000000,2.03,2016-09-30,26.32,5364000000,9912001000.0,3082000000,1092000000,-90000000,150000000,150000000,None,627000000,None,99000000,None,None,8165000000,None,None,304000000,None,None,None,0.189,753000000,1276000000,1806000000,682000000,1533000000,None,None,None,None,None,None,None,2.619,9.36,3.594,None,None,None,None,None,-7000000,None,0.103,None,11221000000,2025-10-28,quarterly,1.98,USD,post-market,None,3615000000,0.0705,0.293,0.149,61.6,1276000000,8687000000,522000000,None,223.64,211.44,-2.4631,21135000000,3451000000,3257000000,14733000000,17684000000,11476000000,13074000000,6121000000,34.82,-2110000000,239.91,193.36
2025-12-28,WM,6.35,24783999000.0,34.82,None,0.586,23.63,312000000,None,666000000,666000000,-475000000,-339000000,-65000000,1000000,0,None,None,-45000000,6000000,565100000,None,9992000000,9992000000,719000000,None,None,2004000000,None,None,1437000000,340000000,3.225,0.0146,181000000,181000000,None,-0.207,-0.05,1767000000,3204000000,2.03,2016-06-30,26.32,5364000000,9912001000.0,3082000000,1092000000,-90000000,150000000,150000000,None,627000000,None,99000000,None,None,8165000000,None,None,286000000,None,None,None,0.189,748000000,1276000000,1806000000,682000000,1533000000,None,None,None,None,None,None,None,2.619,9.36,3.594,None,None,None,None,None,-254000000,None,0.103,None,11221000000,2025-10-28,quarterly,1.98,USD,post-market,None,3615000000,0.0705,0.293,0.149,61.6,1276000000,8687000000,522000000,None,223.64,211.44,-2.4631,21135000000,3451000000,3257000000,14733000000,17684000000,11476000000,13074000000,6121000000,34.82,-2110000000,239.91,193.36
2025-12-28,WM,6.35,24783999000.0,34.82,None,0.586,23.63,317000000,None,666000000,666000000,180000000,-847000000,65000000,None,64000000,None,None,111000000,6000000,565100000,None,9992000000,9992000000,719000000,None,None,2004000000,None,None,1437000000,312000000,3.225,0.0146,183000000,183000000,None,-0.207,-0.05,1767000000,3204000000,2.03,2016-03-31,26.32,5364000000,9912001000.0,3082000000,1092000000,-90000000,150000000,150000000,None,627000000,None,99000000,None,None,8165000000,None,None,256000000,None,None,None,0.189,732000000,1276000000,1806000000,682000000,1533000000,None,None,None,None,None,None,None,2.619,9.36,3.594,None,None,None,None,None,-250000000,None,0.103,None,11221000000,2025-10-28,quarterly,1.98,USD,post-market,None,3615000000,0.0705,0.293,0.149,61.6,1276000000,8687000000,522000000,None,223.64,211.44,-2.4631,21135000000,3451000000,3257000000,14733000000,17684000000,11476000000,13074000000,6121000000,34.82,-2110000000,239.91,193.36
2025-12-28,WM,6.35,24783999000.0,34.82,None,0.586,23.63,369000000,None,666000000,666000000,-172000000,-427000000,-74000000,-1000000,110000000,None,None,107000000,6000000,565100000,None,9992000000,9992000000,719000000,None,None,2004000000,None,None,1437000000,301000000,3.225,0.0146,172000000,172000000,None,-0.207,-0.05,1767000000,3204000000,2.03,2015-12-31,26.32,5364000000,9912001000.0,3082000000,1092000000,-90000000,150000000,150000000,None,627000000,None,99000000,None,None,8165000000,None,None,273000000,None,None,None,0.189,526000000,1276000000,1806000000,682000000,1533000000,None,None,None,None,None,None,None,2.619,9.36,3.594,None,None,None,None,None,-300000000,None,0.103,None,11221000000,2025-10-28,quarterly,1.98,USD,post-market,None,3615000000,0.0705,0.293,0.149,61.6,1276000000,8687000000,522000000,None,223.64,211.44,-2.4631,21135000000,3451000000,3257000000,14733000000,17684000000,11476000000,13074000000,6121000000,34.82,-2110000000,239.91,193.36
2025-12-28,WM,6.35,24783999000.0,34.82,None,0.586,23.63,335000000,None,666000000,666000000,-514000000,-302000000,-160000000,-1000000,0,None,None,53000000,6000000,565100000,None,9992000000,9992000000,719000000,None,None,2004000000,None,None,1437000000,330000000,3.225,0.0146,172000000,172000000,None,-0.207,-0.05,1767000000,3204000000,2.03,2015-09-30,26.32,5364000000,9912001000.0,3082000000,1092000000,-90000000,150000000,150000000,None,627000000,None,99000000,None,None,8165000000,None,None,337000000,None,None,None,0.189,657000000,1276000000,1806000000,682000000,1533000000,None,None,None,None,None,None,None,2.619,9.36,3.594,None,None,None,None,None,-300000000,None,0.103,None,11221000000,2025-10-28,quarterly,1.98,USD,post-market,None,3615000000,0.0705,0.293,0.149,61.6,1276000000,8687000000,522000000,None,223.64,211.44,-2.4631,21135000000,3451000000,3257000000,14733000000,17684000000,11476000000,13074000000,6121000000,34.82,-2110000000,239.91,193.36
2025-12-28,WM,6.35,24783999000.0,34.82,None,0.586,23.63,296000000,None,666000000,666000000,-571000000,-251000000,-4000000,2000000,0,None,None,77000000,6000000,565100000,None,9992000000,9992000000,719000000,None,None,2004000000,None,None,1437000000,322000000,3.225,0.0146,175000000,175000000,None,-0.207,-0.05,1767000000,3204000000,2.03,2015-06-30,26.32,5364000000,9912001000.0,3082000000,1092000000,-90000000,150000000,150000000,None,627000000,None,99000000,None,None,8165000000,None,None,273000000,None,None,None,0.189,816000000,1276000000,1806000000,682000000,1533000000,None,None,None,None,None,None,None,2.619,9.36,3.594,None,None,None,None,None,-300000000,None,0.103,None,11221000000,2025-10-28,quarterly,1.98,USD,post-market,None,3615000000,0.0705,0.293,0.149,61.6,1276000000,8687000000,522000000,None,223.64,211.44,-2.4631,21135000000,3451000000,3257000000,14733000000,17684000000,11476000000,13074000000,6121000000,34.82,-2110000000,239.91,193.36
2025-12-28,WM,6.35,24783999000.0,34.82,None,0.586,23.63,233000000,None,666000000,666000000,-898000000,-628000000,-1030000000,-3000000,-23000000,None,None,-59000000,6000000,565100000,None,9992000000,9992000000,719000000,None,None,2004000000,None,None,1437000000,292000000,3.225,0.0146,176000000,176000000,None,-0.207,-0.05,1767000000,3204000000,2.03,2015-03-31,26.32,5364000000,9912001000.0,3082000000,1092000000,-90000000,150000000,150000000,None,627000000,None,99000000,None,None,8165000000,None,None,-131000000,None,None,None,0.189,499000000,1276000000,1806000000,682000000,1533000000,None,None,None,None,None,None,None,2.619,9.36,3.594,None,None,None,None,None,39000000,None,0.103,None,11221000000,2025-10-28,quarterly,1.98,USD,post-market,None,3615000000,0.0705,0.293,0.149,61.6,1276000000,8687000000,522000000,None,223.64,211.44,-2.4631,21135000000,3451000000,3257000000,14733000000,17684000000,11476000000,13074000000,6121000000,34.82,-2110000000,239.91,193.36
2025-12-28,WM,6.35,24783999000.0,34.82,None,0.586,23.63,370000000,None,666000000,666000000,-965000000,1571000000,1124000000,-2000000,-124000000,None,None,-232000000,6000000,565100000,None,9992000000,9992000000,719000000,None,None,2004000000,None,None,1437000000,307000000,3.225,0.0146,172000000,172000000,None,-0.207,-0.05,1767000000,3204000000,2.03,2014-12-31,26.32,5364000000,9912001000.0,3082000000,1092000000,-90000000,150000000,150000000,None,627000000,None,99000000,None,None,8165000000,None,None,598000000,None,None,None,0.189,520000000,1276000000,1806000000,682000000,1533000000,None,None,None,None,None,None,None,2.619,9.36,3.594,None,None,None,None,None,-600000000,None,0.103,None,11221000000,2025-10-28,quarterly,1.98,USD,post-market,None,3615000000,0.0705,0.293,0.149,61.6,1276000000,8687000000,522000000,None,223.64,211.44,-2.4631,21135000000,3451000000,3257000000,14733000000,17684000000,11476000000,13074000000,6121000000,34.82,-2110000000,239.91,193.36
2025-12-28,WM,6.35,24783999000.0,34.82,None,0.586,23.63,307000000,None,666000000,666000000,-341000000,-282000000,46000000,-1000000,0,None,None,-28000000,6000000,565100000,None,9992000000,9992000000,719000000,None,None,2004000000,None,None,1437000000,329000000,3.225,0.0146,172000000,172000000,None,-0.207,-0.05,1767000000,3204000000,2.03,2014-09-30,26.32,5364000000,9912001000.0,3082000000,1092000000,-90000000,150000000,150000000,None,627000000,None,99000000,None,None,8165000000,None,None,281000000,None,None,None,0.189,672000000,1276000000,1806000000,682000000,1533000000,None,None,None,None,None,None,None,2.619,9.36,3.594,None,None,None,None,None,-600000000,None,0.103,None,11221000000,2025-10-28,quarterly,1.98,USD,post-market,None,3615000000,0.0705,0.293,0.149,61.6,1276000000,8687000000,522000000,None,223.64,211.44,-2.4631,21135000000,3451000000,3257000000,14733000000,17684000000,11476000000,13074000000,6121000000,34.82,-2110000000,239.91,193.36
2025-12-28,WM,6.35,24783999000.0,34.82,None,0.586,23.63,208000000,None,666000000,666000000,-587000000,-172000000,-202000000,None,0,None,None,-49000000,6000000,565100000,None,9992000000,9992000000,719000000,None,None,2004000000,None,None,1437000000,339000000,3.225,0.0146,175000000,175000000,None,-0.207,-0.05,1767000000,3204000000,2.03,2014-06-30,26.32,5364000000,9912001000.0,3082000000,1092000000,-90000000,150000000,150000000,None,627000000,None,99000000,None,None,8165000000,None,None,222000000,None,None,None,0.189,555000000,1276000000,1806000000,682000000,1533000000,None,None,None,None,None,None,None,2.619,9.36,3.594,None,None,None,None,None,-3000000,None,0.103,None,11221000000,2025-10-28,quarterly,1.98,USD,post-market,None,3615000000,0.0705,0.293,0.149,61.6,1276000000,8687000000,522000000,None,223.64,211.44,-2.4631,21135000000,3451000000,3257000000,14733000000,17684000000,11476000000,13074000000,6121000000,34.82,-2110000000,239.91,193.36
2025-12-28,WM,6.35,24783999000.0,34.82,None,0.586,23.63,266000000,None,666000000,666000000,-179000000,-122000000,281000000,-2000000,-8000000,None,None,41000000,6000000,565100000,None,9992000000,9992000000,719000000,None,None,2004000000,None,None,1437000000,317000000,3.225,0.0146,174000000,174000000,None,-0.207,-0.05,1767000000,3204000000,2.03,2014-03-31,26.32,5364000000,9912001000.0,3082000000,1092000000,-90000000,150000000,150000000,None,627000000,None,99000000,None,None,8165000000,None,None,237000000,None,None,None,0.189,584000000,1276000000,1806000000,682000000,1533000000,None,None,None,None,None,None,None,2.619,9.36,3.594,None,None,None,None,None,12000000,None,0.103,None,11221000000,2025-10-28,quarterly,1.98,USD,post-market,None,3615000000,0.0705,0.293,0.149,61.6,1276000000,8687000000,522000000,None,223.64,211.44,-2.4631,21135000000,3451000000,3257000000,14733000000,17684000000,11476000000,13074000000,6121000000,34.82,-2110000000,239.91,193.36
2025-12-28,WM,6.35,24783999000.0,34.82,None,0.586,23.63,447000000,None,666000000,666000000,-228000000,-468000000,-99000000,None,0,None,None,30000000,6000000,565100000,None,9992000000,9992000000,719000000,None,None,2004000000,None,None,1437000000,327000000,3.225,0.0146,171000000,171000000,None,-0.207,-0.05,1767000000,3204000000,2.03,2013-12-31,26.32,5364000000,9912001000.0,3082000000,1092000000,-90000000,150000000,150000000,None,627000000,None,99000000,None,None,8165000000,None,None,-599000000,None,None,None,0.189,597000000,1276000000,1806000000,682000000,1533000000,None,None,None,None,None,None,None,2.619,9.36,3.594,None,None,None,None,None,-239000000,None,0.103,None,11221000000,2025-10-28,quarterly,1.98,USD,post-market,None,3615000000,0.0705,0.293,0.149,61.6,1276000000,8687000000,522000000,None,223.64,211.44,-2.4631,21135000000,3451000000,3257000000,14733000000,17684000000,11476000000,13074000000,6121000000,34.82,-2110000000,239.91,193.36
2025-12-28,WM,6.35,24783999000.0,34.82,None,0.586,23.63,323000000,None,666000000,666000000,6000000,-739000000,3000000,None,0,None,None,18000000,6000000,565100000,None,9992000000,9992000000,719000000,None,None,2004000000,None,None,1437000000,344000000,3.225,0.0146,171000000,171000000,None,-0.207,-0.05,1767000000,3204000000,2.03,2013-09-30,26.32,5364000000,9912001000.0,3082000000,1092000000,-90000000,150000000,150000000,None,627000000,None,99000000,None,None,8165000000,None,None,297000000,None,None,None,0.189,736000000,1276000000,1806000000,682000000,1533000000,None,None,None,None,None,None,None,2.619,9.36,3.594,None,None,None,None,None,10000000,None,0.103,None,11221000000,2025-10-28,quarterly,1.98,USD,post-market,None,3615000000,0.0705,0.293,0.149,61.6,1276000000,8687000000,522000000,None,223.64,211.44,-2.4631,21135000000,3451000000,3257000000,14733000000,17684000000,11476000000,13074000000,6121000000,34.82,-2110000000,239.91,193.36
2025-12-28,WM,6.35,24783999000.0,34.82,None,0.586,23.63,235000000,None,666000000,666000000,-424000000,-272000000,-153000000,-2000000,0,None,None,-92000000,6000000,565100000,None,9992000000,9992000000,719000000,None,None,2004000000,None,None,1437000000,339000000,3.225,0.0146,171000000,171000000,None,-0.207,-0.05,1767000000,3204000000,2.03,2013-06-30,26.32,5364000000,9912001000.0,3082000000,1092000000,-90000000,150000000,150000000,None,627000000,None,99000000,None,None,8165000000,None,None,256000000,None,None,None,0.189,545000000,1276000000,1806000000,682000000,1533000000,None,None,None,None,None,None,None,2.619,9.36,3.594,None,None,None,None,None,36000000,None,0.103,None,11221000000,2025-10-28,quarterly,1.98,USD,post-market,None,3615000000,0.0705,0.293,0.149,61.6,1276000000,8687000000,522000000,None,223.64,211.44,-2.4631,21135000000,3451000000,3257000000,14733000000,17684000000,11476000000,13074000000,6121000000,34.82,-2110000000,239.91,193.36
2025-12-28,WM,6.35,24783999000.0,34.82,None,0.586,23.63,266000000,None,666000000,666000000,-41000000,-421000000,113000000,-2000000,-21000000,None,None,88000000,6000000,565100000,None,9992000000,9992000000,719000000,None,None,2004000000,None,None,1437000000,323000000,3.225,0.0146,170000000,170000000,None,-0.207,-0.05,1767000000,3204000000,2.03,2013-03-31,26.32,5364000000,9912001000.0,3082000000,1092000000,-90000000,150000000,150000000,None,627000000,None,99000000,None,None,8165000000,None,None,176000000,None,None,None,0.189,577000000,1276000000,1806000000,682000000,1533000000,None,None,None,None,None,None,None,2.619,9.36,3.594,None,None,None,None,None,30000000,None,0.103,None,11221000000,2025-10-28,quarterly,1.98,USD,post-market,None,3615000000,0.0705,0.293,0.149,61.6,1276000000,8687000000,522000000,None,223.64,211.44,-2.4631,21135000000,3451000000,3257000000,14733000000,17684000000,11476000000,13074000000,6121000000,34.82,-2110000000,239.91,193.36
2025-12-28,WM,6.35,24783999000.0,34.82,None,0.586,23.63,378000000,None,666000000,666000000,-311000000,-469000000,-204000000,-1000000,205000000,None,None,-19000000,6000000,565100000,None,9992000000,9992000000,719000000,None,None,2004000000,None,None,1437000000,326000000,3.225,0.0146,165000000,165000000,None,-0.207,-0.05,1767000000,3204000000,2.03,2012-12-31,26.32,5364000000,9912001000.0,3082000000,1092000000,-90000000,150000000,150000000,None,627000000,None,99000000,None,None,8165000000,None,None,235000000,None,None,None,0.189,577000000,1276000000,1806000000,682000000,1533000000,None,None,None,None,None,None,None,2.619,9.36,3.594,None,None,None,None,None,-11000000,None,0.103,None,11221000000,2025-10-28,quarterly,1.98,USD,post-market,None,3615000000,0.0705,0.293,0.149,61.6,1276000000,8687000000,522000000,None,223.64,211.44,-2.4631,21135000000,3451000000,3257000000,14733000000,17684000000,11476000000,13074000000,6121000000,34.82,-2110000000,239.91,193.36
2025-12-28,WM,6.35,24783999000.0,34.82,None,0.586,23.63,402000000,None,666000000,666000000,43000000,-458000000,161000000,1000000,0,None,None,-40000000,6000000,565100000,None,9992000000,9992000000,719000000,None,None,2004000000,None,None,1437000000,331000000,3.225,0.0146,164000000,164000000,None,-0.207,-0.05,1767000000,3204000000,2.03,2012-09-30,26.32,5364000000,9912001000.0,3082000000,1092000000,-90000000,150000000,150000000,None,627000000,None,99000000,None,None,8165000000,None,None,223000000,None,None,None,0.189,574000000,1276000000,1806000000,682000000,1533000000,None,None,None,None,None,None,None,2.619,9.36,3.594,None,None,None,None,None,0,None,0.103,None,11221000000,2025-10-28,quarterly,1.98,USD,post-market,None,3615000000,0.0705,0.293,0.149,61.6,1276000000,8687000000,522000000,None,223.64,211.44,-2.4631,21135000000,3451000000,3257000000,14733000000,17684000000,11476000000,13074000000,6121000000,34.82,-2110000000,239.91,193.36
2025-12-28,WM,6.35,24783999000.0,34.82,None,0.586,23.63,351000000,None,666000000,666000000,-220000000,-400000000,48000000,None,0,None,None,-128000000,6000000,565100000,None,9992000000,9992000000,719000000,None,None,2004000000,None,None,1437000000,323000000,3.225,0.0146,165000000,165000000,None,-0.207,-0.05,1767000000,3204000000,2.03,2012-06-30,26.32,5364000000,9912001000.0,3082000000,1092000000,-90000000,150000000,150000000,None,627000000,None,99000000,None,None,8165000000,None,None,219000000,None,None,None,0.189,669000000,1276000000,1806000000,682000000,1533000000,None,None,None,None,None,None,None,2.619,9.36,3.594,None,None,None,None,None,-7000000,None,0.103,None,11221000000,2025-10-28,quarterly,1.98,USD,post-market,None,3615000000,0.0705,0.293,0.149,61.6,1276000000,8687000000,522000000,None,223.64,211.44,-2.4631,21135000000,3451000000,3257000000,14733000000,17684000000,11476000000,13074000000,6121000000,34.82,-2110000000,239.91,193.36
2025-12-28,WM,6.35,24783999000.0,34.82,None,0.586,23.63,379000000,None,666000000,666000000,-42000000,-503000000,-69000000,1000000,-33000000,None,None,56000000,6000000,565100000,None,9992000000,9992000000,719000000,None,None,2004000000,None,None,1437000000,317000000,3.225,0.0146,164000000,164000000,None,-0.207,-0.05,1767000000,3204000000,2.03,2012-03-31,26.32,5364000000,9912001000.0,3082000000,1092000000,-90000000,150000000,150000000,None,627000000,None,99000000,None,None,8165000000,None,None,183000000,None,None,None,0.189,475000000,1276000000,1806000000,682000000,1533000000,None,None,None,None,None,None,None,2.619,9.36,3.594,None,None,None,None,None,15000000,None,0.103,None,11221000000,2025-10-28,quarterly,1.98,USD,post-market,None,3615000000,0.0705,0.293,0.149,61.6,1276000000,8687000000,522000000,None,223.64,211.44,-2.4631,21135000000,3451000000,3257000000,14733000000,17684000000,11476000000,13074000000,6121000000,34.82,-2110000000,239.91,193.36
2025-12-28,WM,6.35,24783999000.0,34.82,None,0.586,23.63,415000000,None,666000000,666000000,-107000000,-650000000,-24000000,-2000000,-73000000,None,None,36000000,6000000,565100000,None,9992000000,9992000000,719000000,None,None,2004000000,None,None,1437000000,294000000,3.225,0.0146,185000000,185000000,None,-0.207,-0.05,1767000000,3204000000,2.03,2011-12-31,26.32,5364000000,9912001000.0,3082000000,1092000000,-90000000,150000000,150000000,None,627000000,None,99000000,None,None,8165000000,None,None,278000000,None,None,None,0.189,732000000,1276000000,1806000000,682000000,1533000000,None,None,None,None,None,None,None,2.619,9.36,3.594,None,None,None,None,None,-47000000,None,0.103,None,11221000000,2025-10-28,quarterly,1.98,USD,post-market,None,3615000000,0.0705,0.293,0.149,61.6,1276000000,8687000000,522000000,None,223.64,211.44,-2.4631,21135000000,3451000000,3257000000,14733000000,17684000000,11476000000,13074000000,6121000000,34.82,-2110000000,239.91,193.36
2025-12-28,WM,6.35,24783999000.0,34.82,None,0.586,23.63,313000000,None,666000000,666000000,-34000000,-711000000,-89000000,None,0,None,None,-31000000,6000000,565100000,None,9992000000,9992000000,719000000,None,None,2004000000,None,None,1437000000,317000000,3.225,0.0146,136000000,136000000,None,-0.207,-0.05,1767000000,3204000000,2.03,2011-09-30,26.32,5364000000,9912001000.0,3082000000,1092000000,-90000000,150000000,150000000,None,627000000,None,99000000,None,None,8165000000,None,None,285000000,None,None,None,0.189,659000000,1276000000,1806000000,682000000,1533000000,None,None,None,None,None,None,None,2.619,9.36,3.594,None,None,None,None,None,-360000000,None,0.103,None,11221000000,2025-10-28,quarterly,1.98,USD,post-market,None,3615000000,0.0705,0.293,0.149,61.6,1276000000,8687000000,522000000,None,223.64,211.44,-2.4631,21135000000,3451000000,3257000000,14733000000,17684000000,11476000000,13074000000,6121000000,34.82,-2110000000,239.91,193.36
2025-12-28,WM,6.35,24783999000.0,34.82,None,0.586,23.63,280000000,None,666000000,666000000,-422000000,-362000000,-305000000,1000000,0,None,None,-159000000,6000000,565100000,None,9992000000,9992000000,719000000,None,None,2004000000,None,None,1437000000,319000000,3.225,0.0146,176000000,176000000,None,-0.207,-0.05,1767000000,3204000000,2.03,2011-06-30,26.32,5364000000,9912001000.0,3082000000,1092000000,-90000000,150000000,150000000,None,627000000,None,99000000,None,None,8165000000,None,None,237000000,None,None,None,0.189,478000000,1276000000,1806000000,682000000,1533000000,None,None,None,None,None,None,None,2.619,9.36,3.594,None,None,None,None,None,-105000000,None,0.103,None,11221000000,2025-10-28,quarterly,1.98,USD,post-market,None,3615000000,0.0705,0.293,0.149,61.6,1276000000,8687000000,522000000,None,223.64,211.44,-2.4631,21135000000,3451000000,3257000000,14733000000,17684000000,11476000000,13074000000,6121000000,34.82,-2110000000,239.91,193.36
2025-12-28,WM,6.35,24783999000.0,34.82,None,0.586,23.63,316000000,None,666000000,666000000,-3000000,-462000000,137000000,2000000,0,None,None,44000000,6000000,565100000,None,9992000000,9992000000,719000000,None,None,2004000000,None,None,1437000000,299000000,3.225,0.0146,169000000,169000000,None,-0.207,-0.05,1767000000,3204000000,2.03,2011-03-31,26.32,5364000000,9912001000.0,3082000000,1092000000,-90000000,150000000,150000000,None,627000000,None,99000000,None,None,8165000000,None,None,186000000,None,None,None,0.189,600000000,1276000000,1806000000,682000000,1533000000,None,None,None,None,None,None,None,2.619,9.36,3.594,None,None,None,None,None,-63000000,None,0.103,None,11221000000,2025-10-28,quarterly,1.98,USD,post-market,None,3615000000,0.0705,0.293,0.149,61.6,1276000000,8687000000,522000000,None,223.64,211.44,-2.4631,21135000000,3451000000,3257000000,14733000000,17684000000,11476000000,13074000000,6121000000,34.82,-2110000000,239.91,193.36
2025-12-28,WM,6.35,24783999000.0,34.82,None,0.586,23.63,367000000,None,666000000,666000000,-204000000,-431000000,-11000000,2000000,-66000000,None,None,None,6000000,565100000,None,9992000000,9992000000,719000000,None,None,2004000000,None,None,1437000000,277000000,3.225,0.0146,165000000,165000000,None,-0.207,-0.05,1767000000,3204000000,2.03,2010-12-31,26.32,5364000000,9912001000.0,3082000000,1092000000,-90000000,150000000,150000000,None,627000000,None,99000000,None,None,8165000000,None,None,294000000,None,None,None,0.189,622000000,1276000000,1806000000,682000000,1533000000,None,None,None,None,None,None,None,2.619,9.36,3.594,None,None,None,None,None,-58000000,None,0.103,None,11221000000,2025-10-28,quarterly,1.98,USD,post-market,None,3615000000,0.0705,0.293,0.149,61.6,1276000000,8687000000,522000000,None,223.64,211.44,-2.4631,21135000000,3451000000,3257000000,14733000000,17684000000,11476000000,13074000000,6121000000,34.82,-2110000000,239.91,193.36
2025-12-28,WM,6.35,24783999000.0,34.82,None,0.586,23.63,262000000,None,666000000,666000000,-946000000,-352000000,-619000000,2000000,0,None,None,-49000000,6000000,565100000,None,9992000000,9992000000,719000000,None,None,2004000000,None,None,1437000000,317000000,3.225,0.0146,157000000,157000000,None,-0.207,-0.05,1767000000,3204000000,2.03,2010-09-30,26.32,5364000000,9912001000.0,3082000000,1092000000,-90000000,150000000,150000000,None,627000000,None,99000000,None,None,8165000000,None,None,258000000,None,None,None,0.189,677000000,1276000000,1806000000,682000000,1533000000,None,None,None,None,None,None,None,2.619,9.36,3.594,None,None,None,None,None,-157000000,None,0.103,None,11221000000,2025-10-28,quarterly,1.98,USD,post-market,None,3615000000,0.0705,0.293,0.149,61.6,1276000000,8687000000,522000000,None,223.64,211.44,-2.4631,21135000000,3451000000,3257000000,14733000000,17684000000,11476000000,13074000000,6121000000,34.82,-2110000000,239.91,193.36
2025-12-28,WM,6.35,24783999000.0,34.82,None,0.586,23.63,220000000,None,666000000,666000000,208000000,-388000000,298000000,-2000000,0,None,None,-122000000,6000000,565100000,None,9992000000,9992000000,719000000,None,None,2004000000,None,None,1437000000,309000000,3.225,0.0146,174000000,174000000,None,-0.207,-0.05,1767000000,3204000000,2.03,2010-06-30,26.32,5364000000,9912001000.0,3082000000,1092000000,-90000000,150000000,150000000,None,627000000,None,99000000,None,None,8165000000,None,None,258000000,None,None,None,0.189,480000000,1276000000,1806000000,682000000,1533000000,None,None,None,None,None,None,None,2.619,9.36,3.594,None,None,None,None,None,-166000000,None,0.103,None,11221000000,2025-10-28,quarterly,1.98,USD,post-market,None,3615000000,0.0705,0.293,0.149,61.6,1276000000,8687000000,522000000,None,223.64,211.44,-2.4631,21135000000,3451000000,3257000000,14733000000,17684000000,11476000000,13074000000,6121000000,34.82,-2110000000,239.91,193.36
2025-12-28,WM,6.35,24783999000.0,34.82,None,0.586,23.63,255000000,None,666000000,666000000,-331000000,-435000000,-269000000,1000000,-31000000,None,None,12000000,6000000,565100000,None,9992000000,9992000000,719000000,None,None,2004000000,None,None,1437000000,291000000,3.225,0.0146,153000000,153000000,None,-0.207,-0.05,1767000000,3204000000,2.03,2010-03-31,26.32,5364000000,9912001000.0,3082000000,1092000000,-90000000,150000000,150000000,None,627000000,None,99000000,None,None,8165000000,None,None,192000000,None,None,None,0.189,496000000,1276000000,1806000000,682000000,1533000000,None,None,None,None,None,None,None,2.619,9.36,3.594,None,None,None,None,None,-120000000,None,0.103,None,11221000000,2025-10-28,quarterly,1.98,USD,post-market,None,3615000000,0.0705,0.293,0.149,61.6,1276000000,8687000000,522000000,None,223.64,211.44,-2.4631,21135000000,3451000000,3257000000,14733000000,17684000000,11476000000,13074000000,6121000000,34.82,-2110000000,239.91,193.36
2025-12-28,WM,6.35,24783999000.0,34.82,None,0.586,23.63,356000000,None,666000000,666000000,226000000,-420000000,None,None,30000000,None,None,None,6000000,565100000,None,9992000000,9992000000,719000000,None,None,2004000000,None,None,1437000000,274000000,3.225,0.0146,156000000,156000000,None,-0.207,-0.05,1767000000,3204000000,2.03,2009-12-31,26.32,5364000000,9912001000.0,3082000000,1092000000,-90000000,150000000,150000000,None,627000000,None,99000000,None,None,8165000000,None,None,331000000,None,None,None,0.189,720000000,1276000000,1806000000,682000000,1533000000,None,None,None,None,None,None,None,2.619,9.36,3.594,None,None,None,None,None,-161000000,None,0.103,None,11221000000,2025-10-28,quarterly,1.98,USD,post-market,None,3615000000,0.0705,0.293,0.149,61.6,1276000000,8687000000,522000000,None,223.64,211.44,-2.4631,21135000000,3451000000,3257000000,14733000000,17684000000,11476000000,13074000000,6121000000,34.82,-2110000000,239.91,193.36
2025-12-28,WM,6.35,24783999000.0,34.82,None,0.586,23.63,240000000,None,666000000,666000000,-227000000,-267000000,None,None,0,None,None,None,6000000,565100000,None,9992000000,9992000000,719000000,None,None,2004000000,None,None,1437000000,301000000,3.225,0.0146,156000000,156000000,None,-0.207,-0.05,1767000000,3204000000,2.03,2009-09-30,26.32,5364000000,9912001000.0,3082000000,1092000000,-90000000,150000000,150000000,None,627000000,None,99000000,None,None,8165000000,None,None,292000000,None,None,None,0.189,575000000,1276000000,1806000000,682000000,1533000000,None,None,None,None,None,None,None,2.619,9.36,3.594,None,None,None,None,None,-65000000,None,0.103,None,11221000000,2025-10-28,quarterly,1.98,USD,post-market,None,3615000000,0.0705,0.293,0.149,61.6,1276000000,8687000000,522000000,None,223.64,211.44,-2.4631,21135000000,3451000000,3257000000,14733000000,17684000000,11476000000,13074000000,6121000000,34.82,-2110000000,239.91,193.36
2025-12-28,WM,6.35,24783999000.0,34.82,None,0.586,23.63,258000000,None,666000000,666000000,-701000000,-267000000,None,None,0,None,None,None,6000000,565100000,None,9992000000,9992000000,719000000,None,None,2004000000,None,None,1437000000,302000000,3.225,0.0146,156000000,156000000,None,-0.207,-0.05,1767000000,3204000000,2.03,2009-06-30,26.32,5364000000,9912001000.0,3082000000,1092000000,-90000000,150000000,150000000,None,627000000,None,99000000,None,None,8165000000,None,None,267000000,None,None,None,0.189,548000000,1276000000,1806000000,682000000,1533000000,None,None,None,None,None,None,None,2.619,9.36,3.594,None,None,None,None,None,0,None,0.103,None,11221000000,2025-10-28,quarterly,1.98,USD,post-market,None,3615000000,0.0705,0.293,0.149,61.6,1276000000,8687000000,522000000,None,223.64,211.44,-2.4631,21135000000,3451000000,3257000000,14733000000,17684000000,11476000000,13074000000,6121000000,34.82,-2110000000,239.91,193.36
2025-12-28,WM,6.35,24783999000.0,34.82,None,0.586,23.63,325000000,None,666000000,666000000,245000000,-296000000,None,None,-23000000,None,None,None,6000000,565100000,None,9992000000,9992000000,719000000,None,None,2004000000,None,None,1437000000,289000000,3.225,0.0146,151000000,151000000,None,-0.207,-0.05,1767000000,3204000000,2.03,2009-03-31,26.32,5364000000,9912001000.0,3082000000,1092000000,-90000000,150000000,150000000,None,627000000,None,99000000,None,None,8165000000,None,None,170000000,None,None,None,0.189,519000000,1276000000,1806000000,682000000,1533000000,None,None,None,None,None,None,None,2.619,9.36,3.594,None,None,None,None,None,None,None,0.103,None,11221000000,2025-10-28,quarterly,1.98,USD,post-market,None,3615000000,0.0705,0.293,0.149,61.6,1276000000,8687000000,522000000,None,223.64,211.44,-2.4631,21135000000,3451000000,3257000000,14733000000,17684000000,11476000000,13074000000,6121000000,34.82,-2110000000,239.91,193.36
2025-12-28,WM,6.35,24783999000.0,34.82,None,0.586,23.63,434000000,None,666000000,666000000,-286000000,-407000000,None,None,-7000000,None,None,None,6000000,565100000,None,9992000000,9992000000,719000000,None,None,2004000000,None,None,1437000000,297000000,3.225,0.0146,132000000,132000000,None,-0.207,-0.05,1767000000,3204000000,2.03,2008-12-31,26.32,5364000000,9912001000.0,3082000000,1092000000,-90000000,150000000,150000000,None,627000000,None,99000000,None,None,8165000000,None,None,218000000,None,None,None,0.189,673000000,1276000000,1806000000,682000000,1533000000,None,None,None,None,None,None,None,2.619,9.36,3.594,None,None,None,None,None,None,None,0.103,None,11221000000,2025-10-28,quarterly,1.98,USD,post-market,None,3615000000,0.0705,0.293,0.149,61.6,1276000000,8687000000,522000000,None,223.64,211.44,-2.4631,21135000000,3451000000,3257000000,14733000000,17684000000,11476000000,13074000000,6121000000,34.82,-2110000000,239.91,193.36
2025-12-28,WM,6.35,24783999000.0,34.82,None,0.586,23.63,301000000,None,666000000,666000000,-199000000,-277000000,None,None,None,None,None,None,6000000,565100000,None,9992000000,9992000000,719000000,None,None,2004000000,None,None,1437000000,326000000,3.225,0.0146,108000000,108000000,None,-0.207,-0.05,1767000000,3204000000,2.03,2008-09-30,26.32,5364000000,9912001000.0,3082000000,1092000000,-90000000,150000000,150000000,None,627000000,None,99000000,None,None,8165000000,None,None,310000000,None,None,None,0.189,771000000,1276000000,1806000000,682000000,1533000000,None,None,None,None,None,None,None,2.619,9.36,3.594,None,None,None,None,None,-9000000,None,0.103,None,11221000000,2025-10-28,quarterly,1.98,USD,post-market,None,3615000000,0.0705,0.293,0.149,61.6,1276000000,8687000000,522000000,None,223.64,211.44,-2.4631,21135000000,3451000000,3257000000,14733000000,17684000000,11476000000,13074000000,6121000000,34.82,-2110000000,239.91,193.36
2025-12-28,WM,6.35,24783999000.0,34.82,None,0.586,23.63,273000000,None,666000000,666000000,-528000000,-299000000,None,None,None,None,None,None,6000000,565100000,None,9992000000,9992000000,719000000,None,None,2004000000,None,None,1437000000,318000000,3.225,0.0146,158000000,158000000,None,-0.207,-0.05,1767000000,3204000000,2.03,2008-06-30,26.32,5364000000,9912001000.0,3082000000,1092000000,-90000000,150000000,150000000,None,627000000,None,99000000,None,None,8165000000,None,None,318000000,None,None,None,0.189,570000000,1276000000,1806000000,682000000,1533000000,None,None,None,None,None,None,None,2.619,9.36,3.594,None,None,None,None,None,-120000000,None,0.103,None,11221000000,2025-10-28,quarterly,1.98,USD,post-market,None,3615000000,0.0705,0.293,0.149,61.6,1276000000,8687000000,522000000,None,223.64,211.44,-2.4631,21135000000,3451000000,3257000000,14733000000,17684000000,11476000000,13074000000,6121000000,34.82,-2110000000,239.91,193.36
2025-12-28,WM,6.35,24783999000.0,34.82,None,0.586,23.63,213000000,None,666000000,666000000,-243000000,-200000000,None,None,-49000000,None,None,None,6000000,565100000,None,9992000000,9992000000,719000000,None,None,2004000000,None,None,1437000000,297000000,3.225,0.0146,133000000,133000000,None,-0.207,-0.05,1767000000,3204000000,2.03,2008-03-31,26.32,5364000000,9912001000.0,3082000000,1092000000,-90000000,150000000,150000000,None,627000000,None,99000000,None,None,8165000000,None,None,241000000,None,None,None,0.189,561000000,1276000000,1806000000,682000000,1533000000,None,None,None,None,None,None,None,2.619,9.36,3.594,None,None,None,None,None,-281000000,None,0.103,None,11221000000,2025-10-28,quarterly,1.98,USD,post-market,None,3615000000,0.0705,0.293,0.149,61.6,1276000000,8687000000,522000000,None,223.64,211.44,-2.4631,21135000000,3451000000,3257000000,14733000000,17684000000,11476000000,13074000000,6121000000,34.82,-2110000000,239.91,193.36
2025-12-28,WM,6.35,24783999000.0,34.82,None,0.586,23.63,490000000,None,666000000,666000000,-427000000,-354000000,None,None,28000000,None,None,None,6000000,565100000,None,9992000000,9992000000,719000000,None,None,2004000000,None,None,1437000000,296000000,3.225,0.0146,121000000,121000000,None,-0.207,-0.05,1767000000,3204000000,2.03,2007-12-31,26.32,5364000000,9912001000.0,3082000000,1092000000,-90000000,150000000,150000000,None,627000000,None,99000000,None,None,8165000000,None,None,309000000,None,None,None,0.189,593000000,1276000000,1806000000,682000000,1533000000,None,None,None,None,None,None,None,2.619,9.36,3.594,None,None,None,None,None,-362000000,None,0.103,None,11221000000,2025-10-28,quarterly,1.98,USD,post-market,None,3615000000,0.0705,0.293,0.149,61.6,1276000000,8687000000,522000000,None,223.64,211.44,-2.4631,21135000000,3451000000,3257000000,14733000000,17684000000,11476000000,13074000000,6121000000,34.82,-2110000000,239.91,193.36
2025-12-28,WM,6.35,24783999000.0,34.82,None,0.586,23.63,240000000,None,666000000,666000000,-582000000,-223000000,None,None,None,None,None,None,6000000,565100000,None,9992000000,9992000000,719000000,None,None,2004000000,None,None,1437000000,331000000,3.225,0.0146,123000000,123000000,None,-0.207,-0.05,1767000000,3204000000,2.03,2007-09-30,26.32,5364000000,9912001000.0,3082000000,1092000000,-90000000,150000000,150000000,None,627000000,None,99000000,None,None,8165000000,None,None,278000000,None,None,None,0.189,771000000,1276000000,1806000000,682000000,1533000000,None,None,None,None,None,None,None,2.619,9.36,3.594,None,None,None,None,None,-376000000,None,0.103,None,11221000000,2025-10-28,quarterly,1.98,USD,post-market,None,3615000000,0.0705,0.293,0.149,61.6,1276000000,8687000000,522000000,None,223.64,211.44,-2.4631,21135000000,3451000000,3257000000,14733000000,17684000000,11476000000,13074000000,6121000000,34.82,-2110000000,239.91,193.36
2025-12-28,WM,6.35,24783999000.0,34.82,None,0.586,23.63,209000000,None,666000000,666000000,-292000000,-148000000,None,None,None,None,None,None,6000000,565100000,None,9992000000,9992000000,719000000,None,None,2004000000,None,None,1437000000,322000000,3.225,0.0146,125000000,125000000,None,-0.207,-0.05,1767000000,3204000000,2.03,2007-06-30,26.32,5364000000,9912001000.0,3082000000,1092000000,-90000000,150000000,150000000,None,627000000,None,99000000,None,None,8165000000,None,None,354000000,None,None,None,0.189,537000000,1276000000,1806000000,682000000,1533000000,None,None,None,None,None,None,None,2.619,9.36,3.594,None,None,None,None,None,-196000000,None,0.103,None,11221000000,2025-10-28,quarterly,1.98,USD,post-market,None,3615000000,0.0705,0.293,0.149,61.6,1276000000,8687000000,522000000,None,223.64,211.44,-2.4631,21135000000,3451000000,3257000000,14733000000,17684000000,11476000000,13074000000,6121000000,34.82,-2110000000,239.91,193.36
2025-12-28,WM,6.35,24783999000.0,34.82,None,0.586,23.63,272000000,None,666000000,666000000,-645000000,-36000000,None,None,-39000000,None,None,None,6000000,565100000,None,9992000000,9992000000,719000000,None,None,2004000000,None,None,1437000000,310000000,3.225,0.0146,126000000,126000000,None,-0.207,-0.05,1767000000,3204000000,2.03,2007-03-31,26.32,5364000000,9912001000.0,3082000000,1092000000,-90000000,150000000,150000000,None,627000000,None,99000000,None,None,8165000000,None,None,222000000,None,None,None,0.189,538000000,1276000000,1806000000,682000000,1533000000,None,None,None,None,None,None,None,2.619,9.36,3.594,None,None,None,None,None,-487000000,None,0.103,None,11221000000,2025-10-28,quarterly,1.98,USD,post-market,None,3615000000,0.0705,0.293,0.149,61.6,1276000000,8687000000,522000000,None,223.64,211.44,-2.4631,21135000000,3451000000,3257000000,14733000000,17684000000,11476000000,13074000000,6121000000,34.82,-2110000000,239.91,193.36
2025-12-28,WM,6.35,24783999000.0,34.82,None,0.586,23.63,505000000,None,666000000,666000000,-587000000,-219000000,None,None,63000000,None,None,None,6000000,565100000,None,9992000000,9992000000,719000000,None,None,2004000000,None,None,1437000000,321000000,3.225,0.0146,118000000,118000000,None,-0.207,-0.05,1767000000,3204000000,2.03,2006-12-31,26.32,5364000000,9912001000.0,3082000000,1092000000,-90000000,150000000,150000000,None,627000000,None,99000000,None,None,8165000000,None,None,246000000,None,None,None,0.189,675000000,1276000000,1806000000,682000000,1533000000,None,None,None,None,None,None,None,2.619,9.36,3.594,None,None,None,None,None,-138000000,None,0.103,None,11221000000,2025-10-28,quarterly,1.98,USD,post-market,None,3615000000,0.0705,0.293,0.149,61.6,1276000000,8687000000,522000000,None,223.64,211.44,-2.4631,21135000000,3451000000,3257000000,14733000000,17684000000,11476000000,13074000000,6121000000,34.82,-2110000000,239.91,193.36
2025-12-28,WM,6.35,24783999000.0,34.82,None,0.586,23.63,357000000,None,666000000,666000000,-498000000,-70000000,None,None,None,None,None,None,6000000,565100000,None,9992000000,9992000000,719000000,None,None,2004000000,None,None,1437000000,340000000,3.225,0.0146,118000000,118000000,None,-0.207,-0.05,1767000000,3204000000,2.03,2006-09-30,26.32,5364000000,9912001000.0,3082000000,1092000000,-90000000,150000000,150000000,None,627000000,None,99000000,None,None,8165000000,None,None,300000000,None,None,None,0.189,745000000,1276000000,1806000000,682000000,1533000000,None,None,None,None,None,None,None,2.619,9.36,3.594,None,None,None,None,None,-307000000,None,0.103,None,11221000000,2025-10-28,quarterly,1.98,USD,post-market,None,3615000000,0.0705,0.293,0.149,61.6,1276000000,8687000000,522000000,None,223.64,211.44,-2.4631,21135000000,3451000000,3257000000,14733000000,17684000000,11476000000,13074000000,6121000000,34.82,-2110000000,239.91,193.36
2025-12-28,WM,6.35,24783999000.0,34.82,None,0.586,23.63,296000000,None,666000000,666000000,-297000000,-146000000,None,None,None,None,None,None,6000000,565100000,None,9992000000,9992000000,719000000,None,None,2004000000,None,None,1437000000,345000000,3.225,0.0146,119000000,119000000,None,-0.207,-0.05,1767000000,3204000000,2.03,2006-06-30,26.32,5364000000,9912001000.0,3082000000,1092000000,-90000000,150000000,150000000,None,627000000,None,99000000,None,None,8165000000,None,None,417000000,None,None,None,0.189,557000000,1276000000,1806000000,682000000,1533000000,None,None,None,None,None,None,None,2.619,9.36,3.594,None,None,None,None,None,-252000000,None,0.103,None,11221000000,2025-10-28,quarterly,1.98,USD,post-market,None,3615000000,0.0705,0.293,0.149,61.6,1276000000,8687000000,522000000,None,223.64,211.44,-2.4631,21135000000,3451000000,3257000000,14733000000,17684000000,11476000000,13074000000,6121000000,34.82,-2110000000,239.91,193.36
2025-12-28,WM,6.35,24783999000.0,34.82,None,0.586,23.63,171000000,None,666000000,666000000,-421000000,-353000000,None,None,-277000000,None,None,None,6000000,565100000,None,9992000000,9992000000,719000000,None,None,2004000000,None,None,1437000000,328000000,3.225,0.0146,121000000,121000000,None,-0.207,-0.05,1767000000,3204000000,2.03,2006-03-31,26.32,5364000000,9912001000.0,3082000000,1092000000,-90000000,150000000,150000000,None,627000000,None,99000000,None,None,8165000000,None,None,186000000,None,None,None,0.189,563000000,1276000000,1806000000,682000000,1533000000,None,None,None,None,None,None,None,2.619,9.36,3.594,None,None,None,None,None,-375000000,None,0.103,None,11221000000,2025-10-28,quarterly,1.98,USD,post-market,None,3615000000,0.0705,0.293,0.149,61.6,1276000000,8687000000,522000000,None,223.64,211.44,-2.4631,21135000000,3451000000,3257000000,14733000000,17684000000,11476000000,13074000000,6121000000,34.82,-2110000000,239.91,193.36
2025-12-28,WM,6.35,24783999000.0,34.82,None,0.586,23.63,415000000,None,666000000,666000000,125000000,-424000000,None,None,126000000,None,None,None,6000000,565100000,None,9992000000,9992000000,719000000,None,None,2004000000,None,None,1437000000,325000000,3.225,0.0146,110000000,110000000,None,-0.207,-0.05,1767000000,3204000000,2.03,2005-12-31,26.32,5364000000,9912001000.0,3082000000,1092000000,-90000000,150000000,150000000,None,627000000,None,99000000,None,None,8165000000,None,None,290000000,None,None,None,0.189,665000000,1276000000,1806000000,682000000,1533000000,None,None,None,None,None,None,None,2.619,9.36,3.594,None,None,None,None,None,-133000000,None,0.103,None,11221000000,2025-10-28,quarterly,1.98,USD,post-market,None,3615000000,0.0705,0.293,0.149,61.6,1276000000,8687000000,522000000,None,223.64,211.44,-2.4631,21135000000,3451000000,3257000000,14733000000,17684000000,11476000000,13074000000,6121000000,34.82,-2110000000,239.91,193.36
2025-12-28,WM,6.35,24783999000.0,34.82,None,0.586,23.63,272000000,None,666000000,666000000,-461000000,-345000000,None,None,None,None,None,None,6000000,565100000,None,9992000000,9992000000,719000000,None,None,2004000000,None,None,1437000000,369000000,3.225,0.0146,103000000,103000000,None,-0.207,-0.05,1767000000,3204000000,2.03,2005-09-30,26.32,5364000000,9912001000.0,3082000000,1092000000,-90000000,150000000,150000000,None,627000000,None,99000000,None,None,8165000000,None,None,215000000,None,None,None,0.189,623000000,1276000000,1806000000,682000000,1533000000,None,None,None,None,None,None,None,2.619,9.36,3.594,None,None,None,None,None,-295000000,None,0.103,None,11221000000,2025-10-28,quarterly,1.98,USD,post-market,None,3615000000,0.0705,0.293,0.149,61.6,1276000000,8687000000,522000000,None,223.64,211.44,-2.4631,21135000000,3451000000,3257000000,14733000000,17684000000,11476000000,13074000000,6121000000,34.82,-2110000000,239.91,193.36
2025-12-28,WM,6.35,24783999000.0,34.82,None,0.586,23.63,3231000000,None,666000000,666000000,5155000000,-10601000000,None,None,None,None,None,None,6000000,565100000,None,9992000000,9992000000,719000000,None,None,2004000000,None,None,1437000000,1472000000,3.225,0.0146,1210000000,1210000000,None,-0.207,-0.05,1767000000,3204000000,2.03,2024-12-31,26.32,5364000000,9912001000.0,3082000000,1092000000,-90000000,150000000,150000000,None,627000000,None,99000000,None,None,8165000000,None,None,2745000000,None,None,None,0.189,5390000000,1276000000,1806000000,682000000,1533000000,None,None,None,None,None,None,None,2.619,9.36,3.594,None,None,None,None,None,-262000000,None,0.103,None,11221000000,2025-10-28,annual,1.98,USD,post-market,None,3615000000,0.0705,0.293,0.149,61.6,1276000000,8687000000,522000000,None,223.64,211.44,-2.4631,21135000000,3451000000,3257000000,14733000000,17684000000,11476000000,13074000000,6121000000,34.82,-2110000000,239.91,193.36
2025-12-28,WM,6.35,24783999000.0,34.82,None,0.586,23.63,2895000000,None,666000000,666000000,-1524000000,-3091000000,None,None,59000000,None,None,None,6000000,565100000,None,9992000000,9992000000,719000000,None,None,2004000000,None,None,1437000000,1326000000,3.225,0.0146,1136000000,1136000000,None,-0.207,-0.05,1767000000,3204000000,2.03,2023-12-31,26.32,5364000000,9912001000.0,3082000000,1092000000,-90000000,150000000,150000000,None,627000000,None,99000000,None,None,8165000000,None,None,2276000000,None,None,None,0.189,4719000000,1276000000,1806000000,682000000,1533000000,None,None,None,None,None,None,None,2.619,9.36,3.594,None,None,None,None,None,-1302000000,None,0.103,None,11221000000,2025-10-28,annual,1.98,USD,post-market,None,3615000000,0.0705,0.293,0.149,61.6,1276000000,8687000000,522000000,None,223.64,211.44,-2.4631,21135000000,3451000000,3257000000,14733000000,17684000000,11476000000,13074000000,6121000000,34.82,-2110000000,239.91,193.36
2025-12-28,WM,6.35,24783999000.0,34.82,None,0.586,23.63,2587000000,None,666000000,666000000,-1216000000,-3063000000,257000000,None,None,None,None,-329000000,6000000,565100000,None,9992000000,9992000000,719000000,None,None,2004000000,None,None,1437000000,1284000000,3.225,0.0146,1077000000,1077000000,None,-0.207,-0.05,1767000000,3204000000,2.03,2022-12-31,26.32,5364000000,9912001000.0,3082000000,1092000000,-90000000,150000000,150000000,None,627000000,None,99000000,None,None,8165000000,None,None,2240000000,None,None,None,0.189,4536000000,1276000000,1806000000,682000000,1533000000,None,None,None,None,None,None,None,2.619,9.36,3.594,None,None,None,None,None,-1500000000,None,0.103,None,11221000000,2025-10-28,annual,1.98,USD,post-market,None,3615000000,0.0705,0.293,0.149,61.6,1276000000,8687000000,522000000,None,223.64,211.44,-2.4631,21135000000,3451000000,3257000000,14733000000,17684000000,11476000000,13074000000,6121000000,34.82,-2110000000,239.91,193.36
2025-12-28,WM,6.35,24783999000.0,34.82,None,0.586,23.63,1904000000,None,666000000,666000000,-2900000000,-1894000000,-456000000,None,-234000000,None,None,28000000,6000000,565100000,None,9992000000,9992000000,719000000,None,None,2004000000,None,None,1437000000,1999000000,3.225,0.0146,970000000,970000000,None,-0.207,-0.05,1767000000,3204000000,2.03,2021-12-31,26.32,5364000000,9912001000.0,3082000000,1092000000,-90000000,150000000,150000000,None,627000000,None,99000000,None,None,8165000000,None,None,1817000000,None,None,None,0.189,4338000000,1276000000,1806000000,682000000,1533000000,None,None,None,None,None,None,None,2.619,9.36,3.594,None,None,None,None,None,-1350000000,None,0.103,None,11221000000,2025-10-28,annual,1.98,USD,post-market,None,3615000000,0.0705,0.293,0.149,61.6,1276000000,8687000000,522000000,None,223.64,211.44,-2.4631,21135000000,3451000000,3257000000,14733000000,17684000000,11476000000,13074000000,6121000000,34.82,-2110000000,239.91,193.36
2025-12-28,WM,6.35,24783999000.0,34.82,None,0.586,23.63,1632000000,None,666000000,666000000,-1559000000,-4847000000,-3003000000,None,216000000,None,None,-179000000,6000000,565100000,None,9992000000,9992000000,719000000,None,None,2004000000,None,None,1437000000,1671000000,3.225,0.0146,927000000,927000000,None,-0.207,-0.05,1767000000,3204000000,2.03,2020-12-31,26.32,5364000000,9912001000.0,3082000000,1092000000,-90000000,150000000,150000000,None,627000000,None,99000000,None,None,8165000000,None,None,1496000000,None,None,None,0.189,3403000000,1276000000,1806000000,682000000,1533000000,None,None,None,None,None,None,None,2.619,9.36,3.594,None,None,None,None,None,-402000000,None,0.103,None,11221000000,2025-10-28,annual,1.98,USD,post-market,None,3615000000,0.0705,0.293,0.149,61.6,1276000000,8687000000,522000000,None,223.64,211.44,-2.4631,21135000000,3451000000,3257000000,14733000000,17684000000,11476000000,13074000000,6121000000,34.82,-2110000000,239.91,193.36
2025-12-28,WM,6.35,24783999000.0,34.82,None,0.586,23.63,1818000000,None,666000000,666000000,1964000000,-2376000000,3462000000,None,-243000000,None,None,-53000000,6000000,565100000,None,9992000000,9992000000,719000000,None,None,2004000000,None,None,1437000000,1574000000,3.225,0.0146,876000000,876000000,None,-0.207,-0.05,1767000000,3204000000,2.03,2019-12-31,26.32,5364000000,9912001000.0,3082000000,1092000000,-90000000,150000000,150000000,None,627000000,None,99000000,None,None,8165000000,None,None,1671000000,None,None,None,0.189,3874000000,1276000000,1806000000,682000000,1533000000,None,None,None,None,None,None,None,2.619,9.36,3.594,None,None,None,None,None,-248000000,None,0.103,None,11221000000,2025-10-28,annual,1.98,USD,post-market,None,3615000000,0.0705,0.293,0.149,61.6,1276000000,8687000000,522000000,None,223.64,211.44,-2.4631,21135000000,3451000000,3257000000,14733000000,17684000000,11476000000,13074000000,6121000000,34.82,-2110000000,239.91,193.36
2025-12-28,WM,6.35,24783999000.0,34.82,None,0.586,23.63,1694000000,None,666000000,666000000,-1508000000,-2169000000,-107000000,None,-30000000,None,None,-16000000,6000000,565100000,None,9992000000,9992000000,719000000,None,None,2004000000,None,None,1437000000,1477000000,3.225,0.0146,802000000,802000000,None,-0.207,-0.05,1767000000,3204000000,2.03,2018-12-31,26.32,5364000000,9912001000.0,3082000000,1092000000,-90000000,150000000,150000000,None,627000000,None,99000000,None,None,8165000000,None,None,1923000000,None,None,None,0.189,3570000000,1276000000,1806000000,682000000,1533000000,None,None,None,None,None,None,None,2.619,9.36,3.594,None,None,None,None,None,-1004000000,None,0.103,None,11221000000,2025-10-28,annual,1.98,USD,post-market,None,3615000000,0.0705,0.293,0.149,61.6,1276000000,8687000000,522000000,None,223.64,211.44,-2.4631,21135000000,3451000000,3257000000,14733000000,17684000000,11476000000,13074000000,6121000000,34.82,-2110000000,239.91,193.36
2025-12-28,WM,6.35,24783999000.0,34.82,None,0.586,23.63,1509000000,None,666000000,666000000,-1361000000,-1620000000,-10000000,None,-16000000,None,None,-271000000,6000000,565100000,None,9992000000,9992000000,719000000,None,None,2004000000,None,None,1437000000,1376000000,3.225,0.0146,750000000,750000000,None,-0.207,-0.05,1767000000,3204000000,2.03,2017-12-31,26.32,5364000000,9912001000.0,3082000000,1092000000,-90000000,150000000,150000000,None,627000000,None,99000000,None,None,8165000000,None,None,1949000000,None,None,None,0.189,3180000000,1276000000,1806000000,682000000,1533000000,None,None,None,None,None,None,None,2.619,9.36,3.594,None,None,None,None,None,-750000000,None,0.103,None,11221000000,2025-10-28,annual,1.98,USD,post-market,None,3615000000,0.0705,0.293,0.149,61.6,1276000000,8687000000,522000000,None,223.64,211.44,-2.4631,21135000000,3451000000,3257000000,14733000000,17684000000,11476000000,13074000000,6121000000,34.82,-2110000000,239.91,193.36
2025-12-28,WM,6.35,24783999000.0,34.82,None,0.586,23.63,1339000000,None,666000000,666000000,-1084000000,-1932000000,-7000000,None,352000000,None,None,-78000000,6000000,565100000,None,9992000000,9992000000,719000000,None,None,2004000000,None,None,1437000000,1301000000,3.225,0.0146,726000000,726000000,None,-0.207,-0.05,1767000000,3204000000,2.03,2016-12-31,26.32,5364000000,9912001000.0,3082000000,1092000000,-90000000,150000000,150000000,None,627000000,None,99000000,None,None,8165000000,None,None,1180000000,None,None,None,0.189,3003000000,1276000000,1806000000,682000000,1533000000,None,None,None,None,None,None,None,2.619,9.36,3.594,None,None,None,None,None,-725000000,None,0.103,None,11221000000,2025-10-28,annual,1.98,USD,post-market,None,3615000000,0.0705,0.293,0.149,61.6,1276000000,8687000000,522000000,None,223.64,211.44,-2.4631,21135000000,3451000000,3257000000,14733000000,17684000000,11476000000,13074000000,6121000000,34.82,-2110000000,239.91,193.36
2025-12-28,WM,6.35,24783999000.0,34.82,None,0.586,23.63,1233000000,None,666000000,666000000,-2155000000,-1608000000,-1268000000,-3000000,9000000,None,None,178000000,6000000,565100000,None,9992000000,9992000000,719000000,None,None,2004000000,None,None,1437000000,1245000000,3.225,0.0146,695000000,695000000,None,-0.207,-0.05,1767000000,3204000000,2.03,2015-12-31,26.32,5364000000,9912001000.0,3082000000,1092000000,-90000000,150000000,150000000,None,627000000,None,99000000,None,None,8165000000,None,None,752000000,None,None,None,0.189,2498000000,1276000000,1806000000,682000000,1533000000,None,None,None,None,None,None,None,2.619,9.36,3.594,None,None,None,None,None,-600000000,None,0.103,None,11221000000,2025-10-28,annual,1.98,USD,post-market,None,3615000000,0.0705,0.293,0.149,61.6,1276000000,8687000000,522000000,None,223.64,211.44,-2.4631,21135000000,3451000000,3257000000,14733000000,17684000000,11476000000,13074000000,6121000000,34.82,-2110000000,239.91,193.36
2025-12-28,WM,6.35,24783999000.0,34.82,None,0.586,23.63,1151000000,None,666000000,666000000,-2072000000,995000000,1249000000,-5000000,3000000,None,None,-268000000,6000000,565100000,None,9992000000,9992000000,719000000,None,None,2004000000,None,None,1437000000,1292000000,3.225,0.0146,693000000,693000000,None,-0.207,-0.05,1767000000,3204000000,2.03,2014-12-31,26.32,5364000000,9912001000.0,3082000000,1092000000,-90000000,150000000,150000000,None,627000000,None,99000000,None,None,8165000000,None,None,1338000000,None,None,None,0.189,2331000000,1276000000,1806000000,682000000,1533000000,None,None,None,None,None,None,None,2.619,9.36,3.594,None,None,None,None,None,-600000000,None,0.103,None,11221000000,2025-10-28,annual,1.98,USD,post-market,None,3615000000,0.0705,0.293,0.149,61.6,1276000000,8687000000,522000000,None,223.64,211.44,-2.4631,21135000000,3451000000,3257000000,14733000000,17684000000,11476000000,13074000000,6121000000,34.82,-2110000000,239.91,193.36
2025-12-28,WM,6.35,24783999000.0,34.82,None,0.586,23.63,1271000000,None,666000000,666000000,-687000000,-1900000000,-136000000,-4000000,-3000000,None,None,44000000,6000000,565100000,None,9992000000,9992000000,719000000,None,None,2004000000,None,None,1437000000,1333000000,3.225,0.0146,683000000,683000000,None,-0.207,-0.05,1767000000,3204000000,2.03,2013-12-31,26.32,5364000000,9912001000.0,3082000000,1092000000,-90000000,150000000,150000000,None,627000000,None,99000000,None,None,8165000000,None,None,130000000,None,None,None,0.189,2455000000,1276000000,1806000000,682000000,1533000000,None,None,None,None,None,None,None,2.619,9.36,3.594,None,None,None,None,None,-239000000,None,0.103,None,11221000000,2025-10-28,annual,1.98,USD,post-market,None,3615000000,0.0705,0.293,0.149,61.6,1276000000,8687000000,522000000,None,223.64,211.44,-2.4631,21135000000,3451000000,3257000000,14733000000,17684000000,11476000000,13074000000,6121000000,34.82,-2110000000,239.91,193.36
2025-12-28,WM,6.35,24783999000.0,34.82,None,0.586,23.63,1510000000,None,666000000,666000000,-530000000,-1830000000,-64000000,1000000,-67000000,None,None,-131000000,6000000,565100000,None,9992000000,9992000000,719000000,None,None,2004000000,None,None,1437000000,1297000000,3.225,0.0146,658000000,658000000,None,-0.207,-0.05,1767000000,3204000000,2.03,2012-12-31,26.32,5364000000,9912001000.0,3082000000,1092000000,-90000000,150000000,150000000,None,627000000,None,99000000,None,None,8165000000,None,None,860000000,None,None,None,0.189,2295000000,1276000000,1806000000,682000000,1533000000,None,None,None,None,None,None,None,2.619,9.36,3.594,None,None,None,None,None,-575000000,None,0.103,None,11221000000,2025-10-28,annual,1.98,USD,post-market,None,3615000000,0.0705,0.293,0.149,61.6,1276000000,8687000000,522000000,None,223.64,211.44,-2.4631,21135000000,3451000000,3257000000,14733000000,17684000000,11476000000,13074000000,6121000000,34.82,-2110000000,239.91,193.36
2025-12-28,WM,6.35,24783999000.0,34.82,None,0.586,23.63,1324000000,None,666000000,666000000,-566000000,-2185000000,-281000000,1000000,-23000000,None,None,-110000000,6000000,565100000,None,9992000000,9992000000,719000000,None,None,2004000000,None,None,1437000000,1229000000,3.225,0.0146,696000000,696000000,None,-0.207,-0.05,1767000000,3204000000,2.03,2011-12-31,26.32,5364000000,9912001000.0,3082000000,1092000000,-90000000,150000000,150000000,None,627000000,None,99000000,None,None,8165000000,None,None,1009000000,None,None,None,0.189,2469000000,1276000000,1806000000,682000000,1533000000,None,None,None,None,None,None,None,2.619,9.36,3.594,None,None,None,None,None,-575000000,None,0.103,None,11221000000,2025-10-28,annual,1.98,USD,post-market,None,3615000000,0.0705,0.293,0.149,61.6,1276000000,8687000000,522000000,None,223.64,211.44,-2.4631,21135000000,3451000000,3257000000,14733000000,17684000000,11476000000,13074000000,6121000000,34.82,-2110000000,239.91,193.36
2025-12-28,WM,6.35,24783999000.0,34.82,None,0.586,23.63,1104000000,None,666000000,666000000,-1273000000,-1606000000,-601000000,3000000,47000000,None,None,-159000000,6000000,565100000,None,9992000000,9992000000,719000000,None,None,2004000000,None,None,1437000000,1194000000,3.225,0.0146,604000000,604000000,None,-0.207,-0.05,1767000000,3204000000,2.03,2010-12-31,26.32,5364000000,9912001000.0,3082000000,1092000000,-90000000,150000000,150000000,None,627000000,None,99000000,None,None,8165000000,None,None,1002000000,None,None,None,0.189,2275000000,1276000000,1806000000,682000000,1533000000,None,None,None,None,None,None,None,2.619,9.36,3.594,None,None,None,None,None,-501000000,None,0.103,None,11221000000,2025-10-28,annual,1.98,USD,post-market,None,3615000000,0.0705,0.293,0.149,61.6,1276000000,8687000000,522000000,None,223.64,211.44,-2.4631,21135000000,3451000000,3257000000,14733000000,17684000000,11476000000,13074000000,6121000000,34.82,-2110000000,239.91,193.36
2025-12-28,WM,6.35,24783999000.0,34.82,None,0.586,23.63,1179000000,None,666000000,666000000,-457000000,-1250000000,660000000,5000000,-4000000,None,None,29000000,6000000,565100000,None,9992000000,9992000000,719000000,None,None,2004000000,None,None,1437000000,1166000000,3.225,0.0146,619000000,619000000,None,-0.207,-0.05,1767000000,3204000000,2.03,2009-12-31,26.32,5364000000,9912001000.0,3082000000,1092000000,-90000000,150000000,150000000,None,627000000,None,99000000,None,None,8165000000,None,None,1060000000,None,None,None,0.189,2362000000,1276000000,1806000000,682000000,1533000000,None,None,None,None,None,None,None,2.619,9.36,3.594,None,None,None,None,None,-226000000,None,0.103,None,11221000000,2025-10-28,annual,1.98,USD,post-market,None,3615000000,0.0705,0.293,0.149,61.6,1276000000,8687000000,522000000,None,223.64,211.44,-2.4631,21135000000,3451000000,3257000000,14733000000,17684000000,11476000000,13074000000,6121000000,34.82,-2110000000,239.91,193.36
2025-12-28,WM,6.35,24783999000.0,34.82,None,0.586,23.63,1221000000,None,666000000,666000000,-1256000000,-1183000000,None,None,134000000,None,None,None,6000000,565100000,None,9992000000,9992000000,719000000,None,None,2004000000,None,None,1437000000,1238000000,3.225,0.0146,531000000,531000000,None,-0.207,-0.05,1767000000,3204000000,2.03,2008-12-31,26.32,5364000000,9912001000.0,3082000000,1092000000,-90000000,150000000,150000000,None,627000000,None,99000000,None,None,8165000000,None,None,1087000000,None,None,None,0.189,2575000000,1276000000,1806000000,682000000,1533000000,None,None,None,None,None,None,None,2.619,9.36,3.594,None,None,None,None,None,-410000000,None,0.103,None,11221000000,2025-10-28,annual,1.98,USD,post-market,None,3615000000,0.0705,0.293,0.149,61.6,1276000000,8687000000,522000000,None,223.64,211.44,-2.4631,21135000000,3451000000,3257000000,14733000000,17684000000,11476000000,13074000000,6121000000,34.82,-2110000000,239.91,193.36
2025-12-28,WM,6.35,24783999000.0,34.82,None,0.586,23.63,1211000000,None,666000000,666000000,-1946000000,-761000000,None,None,-13000000,None,None,None,6000000,565100000,None,9992000000,9992000000,719000000,None,None,2004000000,None,None,1437000000,1259000000,3.225,0.0146,495000000,495000000,None,-0.207,-0.05,1767000000,3204000000,2.03,2007-12-31,26.32,5364000000,9912001000.0,3082000000,1092000000,-90000000,150000000,150000000,None,627000000,None,99000000,None,None,8165000000,None,None,1163000000,None,None,None,0.189,2439000000,1276000000,1806000000,682000000,1533000000,None,None,None,None,None,None,None,2.619,9.36,3.594,None,None,None,None,None,-1421000000,None,0.103,None,11221000000,2025-10-28,annual,1.98,USD,post-market,None,3615000000,0.0705,0.293,0.149,61.6,1276000000,8687000000,522000000,None,223.64,211.44,-2.4631,21135000000,3451000000,3257000000,14733000000,17684000000,11476000000,13074000000,6121000000,34.82,-2110000000,239.91,193.36
2025-12-28,WM,6.35,24783999000.0,34.82,None,0.586,23.63,1329000000,None,666000000,666000000,-1803000000,-788000000,None,None,23000000,None,None,None,6000000,565100000,None,9992000000,9992000000,719000000,None,None,2004000000,None,None,1437000000,1334000000,3.225,0.0146,476000000,476000000,None,-0.207,-0.05,1767000000,3204000000,2.03,2006-12-31,26.32,5364000000,9912001000.0,3082000000,1092000000,-90000000,150000000,150000000,None,627000000,None,99000000,None,None,8165000000,None,None,1149000000,None,None,None,0.189,2540000000,1276000000,1806000000,682000000,1533000000,None,None,None,None,None,None,None,2.619,9.36,3.594,None,None,None,None,None,-1072000000,None,0.103,None,11221000000,2025-10-28,annual,1.98,USD,post-market,None,3615000000,0.0705,0.293,0.149,61.6,1276000000,8687000000,522000000,None,223.64,211.44,-2.4631,21135000000,3451000000,3257000000,14733000000,17684000000,11476000000,13074000000,6121000000,34.82,-2110000000,239.91,193.36
2025-12-28,WM,6.35,24783999000.0,34.82,None,0.586,23.63,1180000000,None,666000000,666000000,-1090000000,-1062000000,None,None,-224000000,None,None,None,6000000,565100000,None,9992000000,9992000000,719000000,None,None,2004000000,None,None,1437000000,1361000000,3.225,0.0146,449000000,449000000,None,-0.207,-0.05,1767000000,3204000000,2.03,2005-12-31,26.32,5364000000,9912001000.0,3082000000,1092000000,-90000000,150000000,150000000,None,627000000,None,99000000,None,None,8165000000,None,None,1182000000,None,None,None,0.189,2391000000,1276000000,1806000000,682000000,1533000000,None,None,None,None,None,None,None,2.619,9.36,3.594,None,None,None,None,None,-706000000,None,0.103,None,11221000000,2025-10-28,annual,1.98,USD,post-market,None,3615000000,0.0705,0.293,0.149,61.6,1276000000,8687000000,522000000,None,223.64,211.44,-2.4631,21135000000,3451000000,3257000000,14733000000,17684000000,11476000000,13074000000,6121000000,34.82,-2110000000,239.91,193.36
