date,symbol,eps,revenue_ttm,pe_ratio,accumulateddepreciationamortizationppe,beta,book_value,capitalexpenditures,capitalleaseobligations,cashandcashequivalentsatcarryingvalue,cashandshortterminvestments,cashflowfromfinancing,cashflowfrominvestment,changeincashandcashequivalents,changeinexchangerate,changeininventory,changeinoperatingassets,changeinoperatingliabilities,changeinreceivables,commonstock,commonstocksharesoutstanding,comprehensiveincomenetoftax,costofgoodsandservicessold,costofrevenue,currentaccountspayable,currentdebt,currentlongtermdebt,currentnetreceivables,deferredrevenue,depreciation,depreciationandamortization,depreciationdepletionandamortization,dividend_per_share,dividend_yield,dividendpayout,dividendpayoutcommonstock,dividendpayoutpreferredstock,earnings_growth_yoy,earnings_surprise,ebit,ebitda,estimated_eps,fiscaldateending,forward_pe,goodwill,gross_profit_ttm,grossprofit,incomebeforetax,incometaxexpense,intangibleassets,intangibleassetsexcludinggoodwill,interestanddebtexpense,interestexpense,interestincome,inventory,investmentincomenet,investments,longtermdebt,longtermdebtnoncurrent,longterminvestments,netincome,netincomefromcontinuingoperations,netinterestincome,noninterestincome,operating_margin_ttm,operatingcashflow,operatingexpenses,operatingincome,othercurrentassets,othercurrentliabilities,othernoncurrentassets,othernoncurrentliabilities,othernonoperatingincome,paymentsforoperatingactivities,paymentsforrepurchaseofcommonstock,paymentsforrepurchaseofequity,paymentsforrepurchaseofpreferredstock,peg_ratio,price_to_book,price_to_sales_ttm,proceedsfromissuanceofcommonstock,proceedsfromissuanceoflongtermdebtandcapitalsecuritiesnet,proceedsfromissuanceofpreferredstock,proceedsfromoperatingactivities,proceedsfromrepaymentsofshorttermdebt,proceedsfromrepurchaseofequity,proceedsfromsaleoftreasurystock,profit_margin,profitloss,propertyplantequipment,report_date,report_type,reported_eps,reportedcurrency,reporttime,researchanddevelopment,retainedearnings,return_on_assets_ttm,return_on_equity_ttm,revenue_growth_yoy,revenue_per_share_ttm,sellinggeneralandadministrative,shortlongtermdebttotal,shorttermdebt,shortterminvestments,sma_200,sma_50,surprise_pct,totalassets,totalcurrentassets,totalcurrentliabilities,totalliabilities,totalnoncurrentassets,totalnoncurrentliabilities,totalrevenue,totalshareholderequity,trailing_pe,treasurystock,week_52_high,week_52_low
1996-03-31,WMB,,,,,,,,,,,,,,,,,,,,,,,,,,,,,,,,,,,,,,0.05,,,0.27,,,,,,,,,,,,,,,,,,,,,,,,,,,,,,,,,,,,,,,,,,,,,,,,,1996-04-18,,0.32,,pre-market,,,,,,,,,,,,,18.5185,,,,,,,,,,,,
1996-06-30,WMB,,,,,,,,,,,,,,,,,,,,,,,,,,,,,,,,,,,,,,0.01,,,0.23,,,,,,,,,,,,,,,,,,,,,,,,,,,,,,,,,,,,,,,,,,,,,,,,,1996-07-18,,0.24,,pre-market,,,,,,,,,,,,,4.3478,,,,,,,,,,,,
1996-09-30,WMB,,,,,,,,,,,,,,,,,,,,,,,,,,,,,,,,,,,,,,0.04,,,0.17,,,,,,,,,,,,,,,,,,,,,,,,,,,,,,,,,,,,,,,,,,,,,,,,,1996-10-17,,0.21,,pre-market,,,,,,,,,,,,,23.5294,,,,,,,,,,,,
1996-12-31,WMB,,,,,,,,,,,,,,,,,,,,,,,,,,,,,,,,,,,,,,0.01,,,0.31,,,,,,,,,,,,,,,,,,,,,,,,,,,,,,,,,,,,,,,,,,,,,,,,,1997-01-22,,0.32,,pre-market,,,,,,,,,,,,,3.2258,,,,,,,,,,,,
1997-03-31,WMB,,,,,,,,,,,,,,,,,,,,,,,,,,,,,,,,,,,,,,-0.02,,,0.34,,,,,,,,,,,,,,,,,,,,,,,,,,,,,,,,,,,,,,,,,,,,,,,,,1997-04-17,,0.32,,pre-market,,,,,,,,,,,,,-5.8824,,,,,,,,,,,,
1997-06-30,WMB,,,,,,,,,,,,,,,,,,,,,,,,,,,,,,,,,,,,,,0.01,,,0.19,,,,,,,,,,,,,,,,,,,,,,,,,,,,,,,,,,,,,,,,,,,,,,,,,1997-07-18,,0.2,,pre-market,,,,,,,,,,,,,5.2632,,,,,,,,,,,,
1997-09-30,WMB,,,,,,,,,,,,,,,,,,,,,,,,,,,,,,,,,,,,,,0.01,,,0.19,,,,,,,,,,,,,,,,,,,,,,,,,,,,,,,,,,,,,,,,,,,,,,,,,1997-10-17,,0.2,,pre-market,,,,,,,,,,,,,5.2632,,,,,,,,,,,,
1997-12-31,WMB,,,,,,,,,,,,,,,,,,,,,,,,,,,,,,,,,,,,,,0.01,,,0.32,,,,,,,,,,,,,,,,,,,,,,,,,,,,,,,,,,,,,,,,,,,,,,,,,1998-01-22,,0.33,,pre-market,,,,,,,,,,,,,3.125,,,,,,,,,,,,
1998-03-31,WMB,,,,,,,,,,,,,,,,,,,,,,,,,,,,,,,,,,,,,,-0.02,,,0.28,,,,,,,,,,,,,,,,,,,,,,,,,,,,,,,,,,,,,,,,,,,,,,,,,1998-04-21,,0.26,,pre-market,,,,,,,,,,,,,-7.1429,,,,,,,,,,,,
1998-06-30,WMB,,,,,,,,,,,,,,,,,,,,,,,,,,,,,,,,,,,,,,-0.05,,,0.22,,,,,,,,,,,,,,,,,,,,,,,,,,,,,,,,,,,,,,,,,,,,,,,,,1998-07-22,,0.17,,pre-market,,,,,,,,,,,,,-22.7273,,,,,,,,,,,,
1998-09-30,WMB,,,,,,,,,,,,,,,,,,,,,,,,,,,,,,,,,,,,,,-0.04,,,0.21,,,,,,,,,,,,,,,,,,,,,,,,,,,,,,,,,,,,,,,,,,,,,,,,,1998-10-21,,0.17,,pre-market,,,,,,,,,,,,,-19.0476,,,,,,,,,,,,
1998-12-31,WMB,,,,,,,,,,,,,,,,,,,,,,,,,,,,,,,,,,,,,,-0.05,,,0.21,,,,,,,,,,,,,,,,,,,,,,,,,,,,,,,,,,,,,,,,,,,,,,,,,1999-01-21,,0.16,,pre-market,,,,,,,,,,,,,-23.8095,,,,,,,,,,,,
1999-03-31,WMB,,,,,,,,,,,,,,,,,,,,,,,,,,,,,,,,,,,,,,-0.07,,,0.18,,,,,,,,,,,,,,,,,,,,,,,,,,,,,,,,,,,,,,,,,,,,,,,,,1999-04-26,,0.11,,pre-market,,,,,,,,,,,,,-38.8889,,,,,,,,,,,,
1999-06-30,WMB,,,,,,,,,,,,,,,,,,,,,,,,,,,,,,,,,,,,,,0.0,,,0.12,,,,,,,,,,,,,,,,,,,,,,,,,,,,,,,,,,,,,,,,,,,,,,,,,1999-07-28,,0.12,,pre-market,,,,,,,,,,,,,0.0,,,,,,,,,,,,
1999-09-30,WMB,,,,,,,,,,,,,,,,,,,,,,,,,,,,,,,,,,,,,,-0.04,,,0.07,,,,,,,,,,,,,,,,,,,,,,,,,,,,,,,,,,,,,,,,,,,,,,,,,1999-11-03,,0.03,,pre-market,,,,,,,,,,,,,-57.1429,,,,,,,,,,,,
1999-12-31,WMB,,,,,,,,,,,,,,,,,,,,,,,,,,,,,,,,,,,,,,-0.03,,,0.15,,,,,,,,,,,,,,,,,,,,,,,,,,,,,,,,,,,,,,,,,,,,,,,,,2000-02-08,,0.12,,pre-market,,,,,,,,,,,,,-20.0,,,,,,,,,,,,
2000-03-31,WMB,,,,,,,,,,,,,,,,,,,,,,,,,,,,,,,,,,,,,,0.12,,,0.15,,,,,,,,,,,,,,,,,,,,,,,,,,,,,,,,,,,,,,,,,,,,,,,,,2000-05-03,,0.27,,pre-market,,,,,,,,,,,,,80.0,,,,,,,,,,,,
2000-06-30,WMB,,,,,,,,,,,,,,,,,,,,,,,,,,,,,,,,,,,,,,0.22,,,0.3,,,,,,,,,,,,,,,,,,,,,,,,,,,,,,,,,,,,,,,,,,,,,,,,,2000-07-28,,0.52,,pre-market,,,,,,,,,,,,,73.3333,,,,,,,,,,,,
2000-09-30,WMB,,,,,,,,,,,,,,,,,,,,,,,,,,,,,,,,,,,,,,0.16,,,0.11,,,,,,,,,,,,,,,,,,,,,,,,,,,,,,,,,,,,,,,,,,,,,,,,,2000-10-26,,0.27,,pre-market,,,,,,,,,,,,,145.4545,,,,,,,,,,,,
2000-12-31,WMB,,,,,,,,,,,,,,,,,,,,,,,,,,,,,,,,,,,,,,0.35,,,0.22,,,,,,,,,,,,,,,,,,,,,,,,,,,,,,,,,,,,,,,,,,,,,,,,,2001-02-05,,0.57,,pre-market,,,,,,,,,,,,,159.0909,,,,,,,,,,,,
2001-03-31,WMB,,,,,,,,,,,,,,,,,,,,,,,,,,,,,,,,,,,,,,0.05,,,0.73,,,,,,,,,,,,,,,,,,,,,,,,,,,,,,,,,,,,,,,,,,,,,,,,,2001-04-26,,0.78,,pre-market,,,,,,,,,,,,,6.8493,,,,,,,,,,,,
2001-06-30,WMB,,,,,,,,,,,,,,,,,,,,,,,,,,,,,,,,,,,,,,0.15,,,0.54,,,,,,,,,,,,,,,,,,,,,,,,,,,,,,,,,,,,,,,,,,,,,,,,,2001-07-30,,0.69,,pre-market,,,,,,,,,,,,,27.7778,,,,,,,,,,,,
2001-09-30,WMB,,,,,,,,,,,,,,,,,,,,,,,,,,,,,,,,,,,,,,0.12,,,0.53,,,,,,,,,,,,,,,,,,,,,,,,,,,,,,,,,,,,,,,,,,,,,,,,,2001-10-25,,0.65,,pre-market,,,,,,,,,,,,,22.6415,,,,,,,,,,,,
2001-12-31,WMB,,,,,,,,,,,,,,,,,,,,,,,,,,,,,,,,,,,,,,-0.05,,,0.39,,,,,,,,,,,,,,,,,,,,,,,,,,,,,,,,,,,,,,,,,,,,,,,,,2002-01-29,,0.34,,pre-market,,,,,,,,,,,,,-12.8205,,,,,,,,,,,,
2002-03-31,WMB,,,,,,,,,,,,,,,,,,,,,,,,,,,,,,,,,,,,,,0.09,,,0.42,,,,,,,,,,,,,,,,,,,,,,,,,,,,,,,,,,,,,,,,,,,,,,,,,2002-04-25,,0.51,,pre-market,,,,,,,,,,,,,21.4286,,,,,,,,,,,,
2002-06-30,WMB,,,,,,,,,,,,,,,,,,,,,,,,,,,,,,,,,,,,,,-0.01,,,-0.33,,,,,,,,,,,,,,,,,,,,,,,,,,,,,,,,,,,,,,,,,,,,,,,,,2002-07-29,,-0.34,,pre-market,,,,,,,,,,,,,-3.0303,,,,,,,,,,,,
2002-09-30,WMB,,,,,,,,,,,,,,,,,,,,,,,,,,,,,,,,,,,,,,-0.41,,,0.01,,,,,,,,,,,,,,,,,,,,,,,,,,,,,,,,,,,,,,,,,,,,,,,,,2002-11-14,,-0.4,,pre-market,,,,,,,,,,,,,-4100.0,,,,,,,,,,,,
2002-12-31,WMB,,,,,,,,,,,,,,,,,,,,,,,,,,,,,,,,,,,,,,0.36,,,-0.17,,,,,,,,,,,,,,,,,,,,,,,,,,,,,,,,,,,,,,,,,,,,,,,,,2003-02-20,,0.19,,pre-market,,,,,,,,,,,,,211.7647,,,,,,,,,,,,
2003-03-31,WMB,,,,,,,,,,,,,,,,,,,,,,,,,,,,,,,,,,,,,,0.01,,,0.03,,,,,,,,,,,,,,,,,,,,,,,,,,,,,,,,,,,,,,,,,,,,,,,,,2003-05-13,,0.04,,pre-market,,,,,,,,,,,,,33.3333,,,,,,,,,,,,
2003-06-30,WMB,,,,,,,,,,,,,,,,,,,,,,,,,,,,,,,,,,,,,,0.4918,,,-0.03,,,,,,,,,,,,,,,,,,,,,,,,,,,,,,,,,,,,,,,,,,,,,,,,,2003-08-12,,0.4618,,pre-market,,,,,,,,,,,,,1639.3333,,,,,,,,,,,,
2003-09-30,WMB,,,,,,,,,,,,,,,,,,,,,,,,,,,,,,,,,,,,,,-0.04,,,0.05,,,,,,,,,,,,,,,,,,,,,,,,,,,,,,,,,,,,,,,,,,,,,,,,,2003-11-06,,0.01,,pre-market,,,,,,,,,,,,,-80.0,,,,,,,,,,,,
2003-12-31,WMB,,,,,,,,,,,,,,,,,,,,,,,,,,,,,,,,,,,,,,0.08,,,0.03,,,,,,,,,,,,,,,,,,,,,,,,,,,,,,,,,,,,,,,,,,,,,,,,,2004-02-19,,0.11,,pre-market,,,,,,,,,,,,,266.6667,,,,,,,,,,,,
2004-03-31,WMB,,,,,,,,,,,,,,,,,,,,,,,,,,,,,,,,,,,,,,-0.06,,,0.08,,,,,,,,,,,,,,,,,,,,,,,,,,,,,,,,,,,,,,,,,,,,,,,,,2004-05-06,,0.02,,pre-market,,,,,,,,,,,,,-75.0,,,,,,,,,,,,
2004-06-30,WMB,,,,,,,,,,,,,,,,,,,,,,,,,,,,,,,,,,,,,,0.05,,,0.07,,,,,,,,,,,,,,,,,,,,,,,,,,,,,,,,,,,,,,,,,,,,,,,,,2004-08-05,,0.12,,pre-market,,,,,,,,,,,,,71.4286,,,,,,,,,,,,
2004-09-30,WMB,,,,,,,,,,,,,,,,,,,,,,,,,,,,,,,,,,,,,,-0.03,,,0.12,,,,,,,,,,,,,,,,,,,,,,,,,,,,,,,,,,,,,,,,,,,,,,,,,2004-11-04,,0.09,,pre-market,,,,,,,,,,,,,-25.0,,,,,,,,,,,,
2004-12-31,WMB,,,,,,,,,,,,,,,,,,,,,,,,,,,,,,,,,,,,,,-0.02,,,0.11,,,,,,,,,,,,,,,,,,,,,,,,,,,,,,,,,,,,,,,,,,,,,,,,,2005-02-23,,0.09,,pre-market,,,,,,,,,,,,,-18.1818,,,,,,,,,,,,
2005-03-31,WMB,,,,,,,,,,,,,,,,,,,,,,,,,,,,,,,,,,,,,,0.0,,,0.22,,,,,,,,,,,,,,,,,,,,,,,,,,,,,,,,,,,,,,,,,,,,,,,,,2005-05-05,,0.22,,pre-market,,,,,,,,,,,,,0.0,,,,,,,,,,,,
2005-06-30,WMB,,,,,,,,,,,,,,,,,,,,,,,,,,,,,,,,,,,,,,-0.04,,,0.21,,,,,,,,,,,,,,,,,,,,,,,,,,,,,,,,,,,,,,,,,,,,,,,,,2005-08-04,,0.17,,pre-market,,,,,,,,,,,,,-19.0476,,,,,,,,,,,,
2005-09-30,WMB,,,,,,,,,,,,,,,,,,,,,,,,,,,,,,,,,,,,,,-0.03,,,0.25,,,,,,,,,,,,,,,,,,,,,,,,,,,,,,,,,,,,,,,,,,,,,,,,,2005-11-03,,0.22,,pre-market,,,,,,,,,,,,,-12.0,,,,,,,,,,,,
2005-12-31,WMB,,,,,,,,,,,,,,,,,,,,,,,,,,,,,,,,,,,,,,-0.04,,,0.3,,,,,,,,,,,,,,,,,,,,,,,,,,,,,,,,,,,,,,,,,,,,,,,,,2006-02-28,,0.26,,pre-market,,,,,,,,,,,,,-13.3333,,,,,,,,,,,,
2006-03-31,WMB,,,,,,,,,,,,,,,,,,,,,,,,,,,,,,,,,,,,,,0.0,,,0.26,,,,,,,,,,,,,,,,,,,,,,,,,,,,,,,,,,,,,,,,,,,,,,,,,2006-05-04,,0.26,,pre-market,,,,,,,,,,,,,0.0,,,,,,,,,,,,
2006-06-30,WMB,,,,,,,,,,,,,,,,,,,,,,,,,,,,,,,,,,,,,,0.11,,,0.22,,,,,,,,,,,,,,,,,,,,,,,,,,,,,,,,,,,,,,,,,,,,,,,,,2006-08-03,,0.33,,pre-market,,,,,,,,,,,,,50.0,,,,,,,,,,,,
2006-09-30,WMB,,,,,,,,,,,,,,,,,,,,,,,,,,,,,,,,,,,,,,0.02,,,0.26,,,,,,,,,,,,,,,,,,,,,,,,,,,,,,,,,,,,,,,,,,,,,,,,,2006-11-02,,0.28,,pre-market,,,,,,,,,,,,,7.6923,,,,,,,,,,,,
2006-12-31,WMB,,,,,,,,,,,,,,,,,,,,,,,,,,,,,,,,,,,,,,0.04,,,0.26,,,,,,,,,,,,,,,,,,,,,,,,,,,,,,,,,,,,,,,,,,,,,,,,,2007-02-22,,0.3,,pre-market,,,,,,,,,,,,,15.3846,,,,,,,,,,,,
2007-03-31,WMB,,,,,,,,,,,,,,,,,,,,,,,,,,,,,,,,,,,,,,-0.05,,,0.34,,,,,,,,,,,,,,,,,,,,,,,,,,,,,,,,,,,,,,,,,,,,,,,,,2007-05-03,,0.29,,pre-market,,,,,,,,,,,,,-14.7059,,,,,,,,,,,,
2007-06-30,WMB,,,,,,,,,,,,,,,,,,,,,,,,,,,,,,,,,,,,,,0.07,,,0.36,,,,,,,,,,,,,,,,,,,,,,,,,,,,,,,,,,,,,,,,,,,,,,,,,2007-08-02,,0.43,,pre-market,,,,,,,,,,,,,19.4444,,,,,,,,,,,,
2007-09-30,WMB,,,,,,,,,,,,,,,,,,,,,,,,,,,,,,,,,,,,,,0.01,,,0.38,,,,,,,,,,,,,,,,,,,,,,,,,,,,,,,,,,,,,,,,,,,,,,,,,2007-11-01,,0.39,,pre-market,,,,,,,,,,,,,2.6316,,,,,,,,,,,,
2007-12-31,WMB,,,,,,,,,,,,,,,,,,,,,,,,,,,,,,,,,,,,,,0.11,,,0.48,,,,,,,,,,,,,,,,,,,,,,,,,,,,,,,,,,,,,,,,,,,,,,,,,2008-02-21,,0.59,,pre-market,,,,,,,,,,,,,22.9167,,,,,,,,,,,,
2008-03-31,WMB,,,,,,,,,,,,,,,,,,,,,,,,,,,,,,,,,,,,,,0.05,,,0.52,,,,,,,,,,,,,,,,,,,,,,,,,,,,,,,,,,,,,,,,,,,,,,,,,2008-05-01,,0.57,,pre-market,,,,,,,,,,,,,9.6154,,,,,,,,,,,,
2008-06-30,WMB,,,,,,,,,,,,,,,,,,,,,,,,,,,,,,,,,,,,,,-0.01,,,0.69,,,,,,,,,,,,,,,,,,,,,,,,,,,,,,,,,,,,,,,,,,,,,,,,,2008-08-07,,0.68,,pre-market,,,,,,,,,,,,,-1.4493,,,,,,,,,,,,
2008-09-30,WMB,,,,,,,,,,,,,,,,,,,,,,,,,,,,,,,,,,,,,,-0.08,,,0.65,,,,,,,,,,,,,,,,,,,,,,,,,,,,,,,,,,,,,,,,,,,,,,,,,2008-11-06,,0.57,,pre-market,,,,,,,,,,,,,-12.3077,,,,,,,,,,,,
2008-12-31,WMB,,,,,,,,,,,,,,,,,,,,,,,,,,,,,,,,,,,,,,0.03,,,0.3,,,,,,,,,,,,,,,,,,,,,,,,,,,,,,,,,,,,,,,,,,,,,,,,,2009-02-19,,0.33,,pre-market,,,,,,,,,,,,,10.0,,,,,,,,,,,,
2009-03-31,WMB,,,,,,,,,,,,,,,,,,,,,,,,,,,,,,,,,,,,,,0.03,,,0.19,,,,,,,,,,,,,,,,,,,,,,,,,,,,,,,,,,,,,,,,,,,,,,,,,2009-04-30,,0.22,,pre-market,,,,,,,,,,,,,15.7895,,,,,,,,,,,,
2009-06-30,WMB,,,,,,,,,,,,,,,,,,,,,,,,,,,,,,,,,,,,,,0.04,,,0.16,,,,,,,,,,,,,,,,,,,,,,,,,,,,,,,,,,,,,,,,,,,,,,,,,2009-08-06,,0.2,,pre-market,,,,,,,,,,,,,25.0,,,,,,,,,,,,
2009-09-30,WMB,,,,,,,,,,,,,,,,,,,,,,,,,,,,,,,,,,,,,,0.06,,,0.19,,,,,,,,,,,,,,,,,,,,,,,,,,,,,,,,,,,,,,,,,,,,,,,,,2009-10-29,,0.25,,pre-market,,,,,,,,,,,,,31.5789,,,,,,,,,,,,
2009-12-31,WMB,,,,,,,,,,,,,,,,,,,,,,,,,,,,,,,,,,,,,,-0.07,,,0.34,,,,,,,,,,,,,,,,,,,,,,,,,,,,,,,,,,,,,,,,,,,,,,,,,2010-02-18,,0.27,,pre-market,,,,,,,,,,,,,-20.5882,,,,,,,,,,,,
2010-03-31,WMB,,,,,,,,,,,,,,,,,,,,,,,,,,,,,,,,,,,,,,-0.01,,,0.37,,,,,,,,,,,,,,,,,,,,,,,,,,,,,,,,,,,,,,,,,,,,,,,,,2010-05-05,,0.36,,pre-market,,,,,,,,,,,,,-2.7027,,,,,,,,,,,,
2010-06-30,WMB,,,,,,,,,,,,,,,,,,,,,,,,,,,,,,,,,,,,,,-0.03,,,0.3,,,,,,,,,,,,,,,,,,,,,,,,,,,,,,,,,,,,,,,,,,,,,,,,,2010-07-29,,0.27,,pre-market,,,,,,,,,,,,,-10.0,,,,,,,,,,,,
2010-09-30,WMB,,,,,,,,,,,,,,,,,,,,,,,,,,,,,,,,,,,,,,-0.06,,,0.28,,,,,,,,,,,,,,,,,,,,,,,,,,,,,,,,,,,,,,,,,,,,,,,,,2010-10-28,,0.22,,pre-market,,,,,,,,,,,,,-21.4286,,,,,,,,,,,,
2010-12-31,WMB,,,,,,,,,,,,,,,,,,,,,,,,,,,,,,,,,,,,,,0.17,,,0.27,,,,,,,,,,,,,,,,,,,,,,,,,,,,,,,,,,,,,,,,,,,,,,,,,2011-02-17,,0.44,,pre-market,,,,,,,,,,,,,62.963,,,,,,,,,,,,
2011-03-31,WMB,,,,,,,,,,,,,,,,,,,,,,,,,,,,,,,,,,,,,,0.0,,,0.36,,,,,,,,,,,,,,,,,,,,,,,,,,,,,,,,,,,,,,,,,,,,,,,,,2011-05-04,,0.36,,pre-market,,,,,,,,,,,,,0.0,,,,,,,,,,,,
2011-06-30,WMB,,,,,,,,,,,,,,,,,,,,,,,,,,,,,,,,,,,,,,0.0,,,0.39,,,,,,,,,,,,,,,,,,,,,,,,,,,,,,,,,,,,,,,,,,,,,,,,,2011-08-03,,0.39,,pre-market,,,,,,,,,,,,,0.0,,,,,,,,,,,,
2011-09-30,WMB,,,,,,,,,,,,,,,,,,,,,,,,,,,,,,,,,,,,,,0.0,,,0.4,,,,,,,,,,,,,,,,,,,,,,,,,,,,,,,,,,,,,,,,,,,,,,,,,2011-11-01,,0.4,,pre-market,,,,,,,,,,,,,0.0,,,,,,,,,,,,
2011-12-31,WMB,,,,,,,,,,,,,,,,,,,,,,,,,,,,,,,,,,,,,,-0.04,,,0.4,,,,,,,,,,,,,,,,,,,,,,,,,,,,,,,,,,,,,,,,,,,,,,,,,2012-02-22,,0.36,,pre-market,,,,,,,,,,,,,-10.0,,,,,,,,,,,,
2012-03-31,WMB,,,,,,,,,,,,,,,,,,,,,,,,,,,,,,,,,,,,,,0.03,,,0.36,,,,,,,,,,,,,,,,,,,,,,,,,,,,,,,,,,,,,,,,,,,,,,,,,2012-04-25,,0.39,,pre-market,,,,,,,,,,,,,8.3333,,,,,,,,,,,,
2012-06-30,WMB,,,,,,,,,,,,,,,,,,,,,,,,,,,,,,,,,,,,,,-0.03,,,0.25,,,,,,,,,,,,,,,,,,,,,,,,,,,,,,,,,,,,,,,,,,,,,,,,,2012-08-01,,0.22,,pre-market,,,,,,,,,,,,,-12.0,,,,,,,,,,,,
2012-09-30,WMB,,,,,,,,,,,,,,,,,,,,,,,,,,,,,,,,,,,,,,-0.01,,,0.26,,,,,,,,,,,,,,,,,,,,,,,,,,,,,,,,,,,,,,,,,,,,,,,,,2012-10-31,,0.25,,pre-market,,,,,,,,,,,,,-3.8462,,,,,,,,,,,,
2012-12-31,WMB,,,,,,,,,,,,,,,,,,,,,,,,,,,,,,,,,,,,,,0.0,,,0.25,,,,,,,,,,,,,,,,,,,,,,,,,,,,,,,,,,,,,,,,,,,,,,,,,2013-02-20,,0.25,,pre-market,,,,,,,,,,,,,0.0,,,,,,,,,,,,
2013-03-31,WMB,,,,,,,,,,,,,,,,,,,,,,,,,,,,,,,,,,,,,,-0.02,,,0.24,,,,,,,,,,,,,,,,,,,,,,,,,,,,,,,,,,,,,,,,,,,,,,,,,2013-05-07,,0.22,,pre-market,,,,,,,,,,,,,-8.3333,,,,,,,,,,,,
2013-06-30,WMB,,,,,,,,,,,,,,,,,,,,,,,,,,,,,,,,,,,,,,0.04,,,0.15,,,,,,,,,,,,,,,,,,,,,,,,,,,,,,,,,,,,,,,,,,,,,,,,,2013-07-31,,0.19,,pre-market,,,,,,,,,,,,,26.6667,,,,,,,,,,,,
2013-09-30,WMB,,,,,,,,,,,,,,,,,,,,,,,,,,,,,,,,,,,,,,0.03,,,0.16,,,,,,,,,,,,,,,,,,,,,,,,,,,,,,,,,,,,,,,,,,,,,,,,,2013-10-30,,0.19,,pre-market,,,,,,,,,,,,,18.75,,,,,,,,,,,,
2013-12-31,WMB,,,,,,,,,,,,,,,,,,,,,,,,,,,,,,,,,,,,,,0.0,,,0.22,,,,,,,,,,,,,,,,,,,,,,,,,,,,,,,,,,,,,,,,,,,,,,,,,2014-02-19,,0.22,,pre-market,,,,,,,,,,,,,0.0,,,,,,,,,,,,
2014-03-31,WMB,,,,,,,,,,,,,,,,,,,,,,,,,,,,,,,,,,,,,,0.03,,,0.25,,,,,,,,,,,,,,,,,,,,,,,,,,,,,,,,,,,,,,,,,,,,,,,,,2014-04-30,,0.28,,pre-market,,,,,,,,,,,,,12.0,,,,,,,,,,,,
2014-06-30,WMB,,,,,,,,,,,,,,,,,,,,,,,,,,,,,,,,,,,,,,0.0,,,0.23,,,,,,,,,,,,,,,,,,,,,,,,,,,,,,,,,,,,,,,,,,,,,,,,,2014-07-30,,0.23,,pre-market,,,,,,,,,,,,,0.0,,,,,,,,,,,,
2014-09-30,WMB,,,,,,,,,,,,,,,,,,,,,,,,,,,,,,,,,,,,,,-0.04,,,0.19,,,,,,,,,,,,,,,,,,,,,,,,,,,,,,,,,,,,,,,,,,,,,,,,,2014-10-29,,0.15,,post-market,,,,,,,,,,,,,-21.0526,,,,,,,,,,,,
2014-12-31,WMB,,,,,,,,,,,,,,,,,,,,,,,,,,,,,,,,,,,,,,-0.07,,,0.23,,,,,,,,,,,,,,,,,,,,,,,,,,,,,,,,,,,,,,,,,,,,,,,,,2015-02-18,,0.16,,post-market,,,,,,,,,,,,,-30.4348,,,,,,,,,,,,
2015-03-31,WMB,,,,,,,,,,,,,,,,,,,,,,,,,,,,,,,,,,,,,,0.03,,,0.13,,,,,,,,,,,,,,,,,,,,,,,,,,,,,,,,,,,,,,,,,,,,,,,,,2015-04-29,,0.16,,post-market,,,,,,,,,,,,,23.0769,,,,,,,,,,,,
2015-06-30,WMB,,,,,,,,,,,,,,,,,,,,,,,,,,,,,,,,,,,,,,-0.08,,,0.23,,,,,,,,,,,,,,,,,,,,,,,,,,,,,,,,,,,,,,,,,,,,,,,,,2015-07-29,,0.15,,post-market,,,,,,,,,,,,,-34.7826,,,,,,,,,,,,
2015-09-30,WMB,,,,,,,,,,,,,,,,,,,,,,,,,,,,,,,,,,,,,,0.0,,,0.22,,,,,,,,,,,,,,,,,,,,,,,,,,,,,,,,,,,,,,,,,,,,,,,,,2015-10-28,,0.22,,post-market,,,,,,,,,,,,,0.0,,,,,,,,,,,,
2015-12-31,WMB,,,,,,,,,,,,,,,,,,,,,,,,,,,,,,,,,,,,,,-0.21,,,0.22,,,,,,,,,,,,,,,,,,,,,,,,,,,,,,,,,,,,,,,,,,,,,,,,,2016-02-17,,0.01,,post-market,,,,,,,,,,,,,-95.4545,,,,,,,,,,,,
2016-03-31,WMB,,,,,,,,,,,,,,,,,,,,,,,,,,,,,,,,,,,,,,-0.31,,,0.34,,,,,,,,,,,,,,,,,,,,,,,,,,,,,,,,,,,,,,,,,,,,,,,,,2016-05-04,,0.03,,post-market,,,,,,,,,,,,,-91.1765,,,,,,,,,,,,
2016-06-30,WMB,,,,,,,,,,,,,,,,,,,,,,,,,,,,,,,,,,,,,,-0.01,,,0.2,,,,,,,,,,,,,,,,,,,,,,,,,,,,,,,,,,,,,,,,,,,,,,,,,2016-08-01,,0.19,,post-market,,,,,,,,,,,,,-5.0,,,,,,,,,,,,
2016-09-30,WMB,,,,,,,,,,,,,,,,,,,,,,,,,,,,,,,,,,,,,,0.03,,,0.17,,,,,,,,,,,,,,,,,,,,,,,,,,,,,,,,,,,,,,,,,,,,,,,,,2016-10-31,,0.2,,pre-market,,,,,,,,,,,,,17.6471,,,,,,,,,,,,
2016-12-31,WMB,,,,,,,,,,,,,,,,,,,,,,,,,,,,,,,,,,,,,,-0.2,,,0.18,,,,,,,,,,,,,,,,,,,,,,,,,,,,,,,,,,,,,,,,,,,,,,,,,2017-02-15,,-0.02,,post-market,,,,,,,,,,,,,-111.1111,,,,,,,,,,,,
2017-03-31,WMB,,,,,,,,,,,,,,,,,,,,,,,,,,,,,,,,,,,,,,0.07,,,0.21,,,,,,,,,,,,,,,,,,,,,,,,,,,,,,,,,,,,,,,,,,,,,,,,,2017-05-03,,0.28,,post-market,,,,,,,,,,,,,33.3333,,,,,,,,,,,,
2017-06-30,WMB,,,,,,,,,,,,,,,,,,,,,,,,,,,,,,,,,,,,,,-0.11,,,0.21,,,,,,,,,,,,,,,,,,,,,,,,,,,,,,,,,,,,,,,,,,,,,,,,,2017-08-02,,0.1,,post-market,,,,,,,,,,,,,-52.381,,,,,,,,,,,,
2017-09-30,WMB,,,,,,,,,,,,,,,,,,,,,,,,,,,,,,,,,,,,,,-0.09,,,0.17,,,,,,,,,,,,,,,,,,,,,,,,,,,,,,,,,,,,,,,,,,,,,,,,,2017-11-01,,0.08,,post-market,,,,,,,,,,,,,-52.9412,,,,,,,,,,,,
2017-12-31,WMB,,,,,,,,,,,,,,,,,,,,,,,,,,,,,,,,,,,,,,0.16,,,0.2,,,,,,,,,,,,,,,,,,,,,,,,,,,,,,,,,,,,,,,,,,,,,,,,,2018-02-14,,0.36,,post-market,,,,,,,,,,,,,80.0,,,,,,,,,,,,
2018-03-31,WMB,,,,,,,,,,,,,,,,,,,,,,,,,,,,,,,,,,,,,,-0.02,,,0.21,,,,,,,,,,,,,,,,,,,,,,,,,,,,,,,,,,,,,,,,,,,,,,,,,2018-05-02,,0.19,,post-market,,,,,,,,,,,,,-9.5238,,,,,,,,,,,,
2018-06-30,WMB,,,,,,,,,,,,,,,,,,,,,,,,,,,,,,,,,,,,,,-0.01,,,0.18,,,,,,,,,,,,,,,,,,,,,,,,,,,,,,,,,,,,,,,,,,,,,,,,,2018-08-01,,0.17,,post-market,,,,,,,,,,,,,-5.5556,,,,,,,,,,,,
2018-09-30,WMB,,,,,,,,,,,,,,,,,,,,,,,,,,,,,,,,,,,,,,-0.08,,,0.21,,,,,,,,,,,,,,,,,,,,,,,,,,,,,,,,,,,,,,,,,,,,,,,,,2018-10-31,,0.13,,post-market,,,,,,,,,,,,,-38.0952,,,,,,,,,,,,
2018-12-31,WMB,,,,,,,,,,,,,,,,,,,,,,,,,,,,,,,,,,,,,,-0.05,,,0.24,,,,,,,,,,,,,,,,,,,,,,,,,,,,,,,,,,,,,,,,,,,,,,,,,2019-02-13,,0.19,,post-market,,,,,,,,,,,,,-20.8333,,,,,,,,,,,,
2019-03-31,WMB,,,,,,,,,,,,,,,,,,,,,,,,,,,,,,,,,,,,,,0.0,,,0.22,,,,,,,,,,,,,,,,,,,,,,,,,,,,,,,,,,,,,,,,,,,,,,,,,2019-05-01,,0.22,,post-market,,,,,,,,,,,,,0.0,,,,,,,,,,,,
2019-06-30,WMB,,,,,,,,,,,,,,,,,,,,,,,,,,,,,,,,,,,,,,0.03,,,0.23,,,,,,,,,,,,,,,,,,,,,,,,,,,,,,,,,,,,,,,,,,,,,,,,,2019-07-31,,0.26,,post-market,,,,,,,,,,,,,13.0435,,,,,,,,,,,,
2019-09-30,WMB,,,,,,,,,,,,,,,,,,,,,,,,,,,,,,,,,,,,,,0.01,,,0.25,,,,,,,,,,,,,,,,,,,,,,,,,,,,,,,,,,,,,,,,,,,,,,,,,2019-10-30,,0.26,,post-market,,,,,,,,,,,,,4.0,,,,,,,,,,,,
2019-12-31,WMB,,,,,,,,,,,,,,,,,,,,,,,,,,,,,,,,,,,,,,0.0,,,0.24,,,,,,,,,,,,,,,,,,,,,,,,,,,,,,,,,,,,,,,,,,,,,,,,,2020-02-19,,0.24,,post-market,,,,,,,,,,,,,0.0,,,,,,,,,,,,
2020-03-31,WMB,,,,,,,,,,,,,,,,,,,,,,,,,,,,,,,,,,,,,,0.0,,,0.26,,,,,,,,,,,,,,,,,,,,,,,,,,,,,,,,,,,,,,,,,,,,,,,,,2020-05-04,,0.26,,post-market,,,,,,,,,,,,,0.0,,,,,,,,,,,,
2020-06-30,WMB,,,,,,,,,,,,,,,,,,,,,,,,,,,,,,,,,,,,,,0.01,,,0.24,,,,,,,,,,,,,,,,,,,,,,,,,,,,,,,,,,,,,,,,,,,,,,,,,2020-08-03,,0.25,,post-market,,,,,,,,,,,,,4.1667,,,,,,,,,,,,
2020-09-30,WMB,,,,,,,,,,,,,,,,,,,,,,,,,,,,,,,,,,,,,,-0.02,,,0.27,,,,,,,,,,,,,,,,,,,,,,,,,,,,,,,,,,,,,,,,,,,,,,,,,2020-11-02,,0.25,,post-market,,,,,,,,,,,,,-7.4074,,,,,,,,,,,,
2020-12-31,WMB,,,,,,,,,,,,,,,,,,,,,,,,,,,,,,,,,,,,,,-0.22,,,0.31,,,,,,,,,,,,,,,,,,,,,,,,,,,,,,,,,,,,,,,,,,,,,,,,,2021-02-22,,0.09,,post-market,,,,,,,,,,,,,-70.9677,,,,,,,,,,,,
2021-03-31,WMB,,,,,,,,,,,,,,,,,,,,,,,,,,,,,,,,,,,,,,0.06,,,0.29,,,,,,,,,,,,,,,,,,,,,,,,,,,,,,,,,,,,,,,,,,,,,,,,,2021-05-03,,0.35,,post-market,,,,,,,,,,,,,20.6897,,,,,,,,,,,,
2021-06-30,WMB,,,,,,,,,,,,,,,,,,,,,,,,,,,,,,,,,,,,,,-0.01,,,0.28,,,,,,,,,,,,,,,,,,,,,,,,,,,,,,,,,,,,,,,,,,,,,,,,,2021-08-02,,0.27,,post-market,,,,,,,,,,,,,-3.5714,,,,,,,,,,,,
2021-09-30,WMB,,,,,,,,,,,,,,,,,,,,,,,,,,,,,,,,,,,,,,0.06,,,0.28,,,,,,,,,,,,,,,,,,,,,,,,,,,,,,,,,,,,,,,,,,,,,,,,,2021-11-01,,0.34,,post-market,,,,,,,,,,,,,21.4286,,,,,,,,,,,,
2021-12-31,WMB,,,,,,,,,,,,,,,,,,,,,,,,,,,,,,,,,,,,,,0.05,,,0.34,,,,,,,,,,,,,,,,,,,,,,,,,,,,,,,,,,,,,,,,,,,,,,,,,2022-02-21,,0.39,,post-market,,,,,,,,,,,,,14.7059,,,,,,,,,,,,
2022-03-31,WMB,,,,,,,,,,,,,,,,,,,,,,,,,,,,,,,,,,,,,,0.06,,,0.35,,,,,,,,,,,,,,,,,,,,,,,,,,,,,,,,,,,,,,,,,,,,,,,,,2022-05-02,,0.41,,post-market,,,,,,,,,,,,,17.1429,,,,,,,,,,,,
2022-06-30,WMB,,,,,,,,,,,,,,,,,,,,,,,,,,,,,,,,,,,,,,-0.04,,,0.37,,,,,,,,,,,,,,,,,,,,,,,,,,,,,,,,,,,,,,,,,,,,,,,,,2022-08-01,,0.33,,post-market,,,,,,,,,,,,,-10.8108,,,,,,,,,,,,
2022-09-30,WMB,,,,,,,,,,,,,,,,,,,,,,,,,,,,,,,,,,,,,,0.05,,,0.44,,,,,,,,,,,,,,,,,,,,,,,,,,,,,,,,,,,,,,,,,,,,,,,,,2022-10-31,,0.49,,post-market,,,,,,,,,,,,,11.3636,,,,,,,,,,,,
2022-12-31,WMB,,,,,,,,,,,,,,,,,,,,,,,,,,,,,,,,,,,,,,0.06,,,0.49,,,,,,,,,,,,,,,,,,,,,,,,,,,,,,,,,,,,,,,,,,,,,,,,,2023-02-20,,0.55,,post-market,,,,,,,,,,,,,12.2449,,,,,,,,,,,,
2023-03-31,WMB,,,,,,,,,,,,,,,,,,,,,,,,,,,,,,,,,,,,,,0.3,,,0.46,,,,,,,,,,,,,,,,,,,,,,,,,,,,,,,,,,,,,,,,,,,,,,,,,2023-05-03,,0.76,,post-market,,,,,,,,,,,,,65.2174,,,,,,,,,,,,
2023-06-30,WMB,,,,,,,,,,,,,,,,,,,,,,,,,,,,,,,,,,,,,,0.06,,,0.39,,,,,,,,,,,,,,,,,,,,,,,,,,,,,,,,,,,,,,,,,,,,,,,,,2023-08-02,,0.45,,post-market,,,,,,,,,,,,,15.3846,,,,,,,,,,,,
2023-09-30,WMB,,,,,,,,,,,,,,,,,,,,,,,,,,,,,,,,,,,,,,0.07,,,0.41,,,,,,,,,,,,,,,,,,,,,,,,,,,,,,,,,,,,,,,,,,,,,,,,,2023-11-01,,0.48,,post-market,,,,,,,,,,,,,17.0732,,,,,,,,,,,,
2023-12-31,WMB,,,,,,,,,,,,,,,,,,,,,,,,,,,,,,,,,,,,,,0.02,,,0.46,,,,,,,,,,,,,,,,,,,,,,,,,,,,,,,,,,,,,,,,,,,,,,,,,2024-02-14,,0.48,,pre-market,,,,,,,,,,,,,4.3478,,,,,,,,,,,,
2024-03-31,WMB,,,,,,,,,,,,,,,,,,,,,,,,,,,,,,,,,,,,,,0.11,,,0.48,,,,,,,,,,,,,,,,,,,,,,,,,,,,,,,,,,,,,,,,,,,,,,,,,2024-05-06,,0.59,,post-market,,,,,,,,,,,,,22.9167,,,,,,,,,,,,
2024-06-30,WMB,,,,,,,,,,,,,,,,,,,,,,,,,,,,,,,,,,,,,,0.05,,,0.38,,,,,,,,,,,,,,,,,,,,,,,,,,,,,,,,,,,,,,,,,,,,,,,,,2024-08-05,,0.43,,post-market,,,,,,,,,,,,,13.1579,,,,,,,,,,,,
2024-09-30,WMB,,,,,,,,,,,,,,,,,,,,,,,,,,,,,,,,,,,,,,0.01,,,0.42,,,,,,,,,,,,,,,,,,,,,,,,,,,,,,,,,,,,,,,,,,,,,,,,,2024-11-06,,0.43,,post-market,,,,,,,,,,,,,2.381,,,,,,,,,,,,
2024-12-31,WMB,,,,,,,,,,,,,,,,,,,,,,,,,,,,,,,,,,,,,,0.02,,,0.45,,,,,,,,,,,,,,,,,,,,,,,,,,,,,,,,,,,,,,,,,,,,,,,,,2025-02-12,,0.47,,post-market,,,,,,,,,,,,,4.4444,,,,,,,,,,,,
2025-03-31,WMB,,,,,,,,,,,,,,,,,,,,,,,,,,,,,,,,,,,,,,0.05,,,0.55,,,,,,,,,,,,,,,,,,,,,,,,,,,,,,,,,,,,,,,,,,,,,,,,,2025-05-05,,0.6,,post-market,,,,,,,,,,,,,9.0909,,,,,,,,,,,,
2025-06-30,WMB,,,,,,,,,,,,,,,,,,,,,,,,,,,,,,,,,,,,,,-0.03,,,0.49,,,,,,,,,,,,,,,,,,,,,,,,,,,,,,,,,,,,,,,,,,,,,,,,,2025-08-04,,0.46,,post-market,,,,,,,,,,,,,-6.1224,,,,,,,,,,,,
2025-09-30,WMB,,,,,,,,,,,,,,,,,,,,,,,,,,,,,,,,,,,,,,-0.03,,,0.52,,,,,,,,,,,,,,,,,,,,,,,,,,,,,,,,,,,,,,,,,,,,,,,,,2025-11-05,,0.49,,post-market,,,,,,,,,,,,,-5.7692,,,,,,,,,,,,
2025-12-28,WMB,1.93,11582000000.0,30.84,,0.637,10.22,,,,,,,,,,,,,,,,,,,,,,,,,,1.975,0.0332,,,,-0.085,-0.03,,,0.52,,25.58,,7091000000.0,,,,,,,,,,,,,,,,,,,0.396,,,,,,,,,,,,,1.846,5.82,6.28,,,,,,,,0.205,,,2025-11-05,,0.49,,post-market,,,0.0454,0.169,0.083,9.49,,,,,59.36,59.92,-5.7692,,,,,,,,,30.84,,65.01,50.3
2025-12-28,WMB,1.93,11582000000.0,30.84,,0.637,10.22,,,,,,,,,,,,,,,None,471000000,471000000,,,,,,None,564000000,,1.975,0.0332,,,,-0.085,-0.03,1301000000,1865000000,0.52,2025-09-30,25.58,,7091000000.0,2452000000,929000000,246000000,,,None,372000000,201000000,,None,,,,,647000000,683000000,-372000000,None,0.396,,1343000000,1109000000,,,,,None,,,,,1.846,5.82,6.28,,,,,,,,0.205,,,2025-11-05,quarterly,0.49,USD,post-market,None,,0.0454,0.169,0.083,9.49,168000000,,,,59.36,59.92,-5.7692,,,,,,,2923000000,,30.84,,65.01,50.3
2025-12-28,WMB,1.93,11582000000.0,30.84,,0.637,10.22,,,,,,,,,,,,,,,None,1715000000,1715000000,,,,,,None,629000000,,1.975,0.0332,,,,-0.085,-0.03,1107000000,1736000000,0.52,2025-06-30,25.58,,7091000000.0,1055000000,757000000,174000000,,,None,350000000,204000000,,None,,,,,546000000,583000000,-350000000,None,0.396,,168000000,887000000,,,,,None,,,,,1.846,5.82,6.28,,,,,,,,0.205,,,2025-11-05,quarterly,0.49,USD,post-market,None,,0.0454,0.169,0.083,9.49,740000000,,,,59.36,59.92,-5.7692,,,,,,,2770000000,,30.84,,65.01,50.3
2025-12-28,WMB,1.93,11582000000.0,30.84,,0.637,10.22,,,,,,,,,,,,,,,None,1228000000,1228000000,,,,,,None,585000000,,1.975,0.0332,,,,-0.085,-0.03,1271000000,1856000000,0.52,2025-03-31,25.58,,7091000000.0,1820000000,922000000,193000000,,,None,349000000,186000000,,None,,,,,691000000,729000000,-349000000,None,0.396,,726000000,1094000000,,,,,None,,,,,1.846,5.82,6.28,,,,,,,,0.205,,,2025-11-05,quarterly,0.49,USD,post-market,None,,0.0454,0.169,0.083,9.49,194000000,,,,59.36,59.92,-5.7692,,,,,,,3048000000,,30.84,,65.01,50.3
2025-12-28,WMB,1.93,11582000000.0,30.84,,0.637,10.22,,,,,,,,,,,,,,,None,1187000000,1187000000,,,,,,None,565000000,,1.975,0.0332,,,,-0.085,-0.03,946000000,1511000000,0.52,2024-12-31,25.58,,7091000000.0,1556000000,608000000,91000000,,,None,338000000,198000000,,None,,,,,486000000,517000000,-271000000,None,0.396,,763000000,793000000,,,,,None,,,,,1.846,5.82,6.28,,,,,,,,0.205,,,2025-11-05,quarterly,0.49,USD,post-market,None,,0.0454,0.169,0.083,9.49,188000000,,,,59.36,59.92,-5.7692,,,,,,,2743000000,,30.84,,65.01,50.3
2025-12-28,WMB,1.93,11582000000.0,30.84,,0.637,10.22,,,,,,,,,,,,,,,None,1090000000,1090000000,,,,,,None,566000000,,1.975,0.0332,,,,-0.085,-0.03,1306000000,1872000000,0.52,2024-09-30,25.58,,7091000000.0,1563000000,968000000,227000000,,,None,338000000,99000000,,None,,,,,706000000,741000000,-338000000,None,0.396,,725000000,838000000,,,,,None,,,,,1.846,5.82,6.28,,,,,,,,0.205,,,2025-11-05,quarterly,0.49,USD,post-market,None,,0.0454,0.169,0.083,9.49,170000000,,,,59.36,59.92,-5.7692,,,,,,,2653000000,,30.84,,65.01,50.3
2025-12-28,WMB,1.93,11582000000.0,30.84,,0.637,10.22,,,,,,,,,,,,,,,None,981000000,981000000,,,,,,None,540000000,,1.975,0.0332,,,,-0.085,-0.03,894000000,1434000000,0.52,2024-06-30,25.58,,7091000000.0,1355000000,555000000,129000000,,,None,339000000,None,,None,,,,,401000000,426000000,-339000000,None,0.396,,659000000,696000000,,,,,None,,,,,1.846,5.82,6.28,,,,,,,,0.205,,,2025-11-05,quarterly,0.49,USD,post-market,None,,0.0454,0.169,0.083,9.49,164000000,,,,59.36,59.92,-5.7692,,,,,,,2336000000,,30.84,,65.01,50.3
2025-12-28,WMB,1.93,11582000000.0,30.84,,0.637,10.22,,,,,,,,,,,,,,,None,1079000000,1079000000,,,,,,None,548000000,,1.975,0.0332,,,,-0.085,-0.03,1204000000,1752000000,0.52,2024-03-31,25.58,,7091000000.0,1692000000,855000000,193000000,,,None,349000000,None,,None,,,,,632000000,662000000,-349000000,None,0.396,,680000000,1012000000,,,,,None,,,,,1.846,5.82,6.28,,,,,,,,0.205,,,2025-11-05,quarterly,0.49,USD,post-market,None,,0.0454,0.169,0.083,9.49,186000000,,,,59.36,59.92,-5.7692,,,,,,,2771000000,,30.84,,65.01,50.3
2025-12-28,WMB,1.93,11582000000.0,30.84,,0.637,10.22,,,,,,,,,,,,,,,None,977000000,977000000,,,,,,None,529000000,,1.975,0.0332,,,,-0.085,-0.03,1869000000,2398000000,0.52,2023-12-31,25.58,,7091000000.0,1807000000,1547000000,370000000,,,None,322000000,None,,None,,,,,1138000000,1177000000,-243000000,None,0.396,,720000000,1087000000,,,,,None,,,,,1.846,5.82,6.28,,,,,,,,0.205,,,2025-11-05,quarterly,0.49,USD,post-market,None,,0.0454,0.169,0.083,9.49,182000000,,,,59.36,59.92,-5.7692,,,,,,,2784000000,,30.84,,65.01,50.3
2025-12-28,WMB,1.93,11582000000.0,30.84,,0.637,10.22,,,,,,,,,,,,,,,None,1036000000,1036000000,,,,,,None,521000000,,1.975,0.0332,,,,-0.085,-0.03,1175000000,1696000000,0.52,2023-09-30,25.58,,7091000000.0,1523000000,861000000,176000000,,,None,314000000,163000000,,None,,,,,654000000,685000000,-314000000,None,0.396,,529000000,994000000,,,,,None,,,,,1.846,5.82,6.28,,,,,,,,0.205,,,2025-11-05,quarterly,0.49,USD,post-market,None,,0.0454,0.169,0.083,9.49,666000000,,,,59.36,59.92,-5.7692,,,,,,,2559000000,,30.84,,65.01,50.3
2025-12-28,WMB,1.93,11582000000.0,30.84,,0.637,10.22,,,,,,,,,,,,,,,None,980000000,980000000,,,,,,None,515000000,,1.975,0.0332,,,,-0.085,-0.03,1062000000,1577000000,0.52,2023-06-30,25.58,,7091000000.0,1503000000,756000000,175000000,,,None,306000000,133000000,,None,,,,,460000000,581000000,-306000000,None,0.396,,633000000,870000000,,,,,192000000,,,,,1.846,5.82,6.28,,,,,,,,0.205,,,2025-11-05,quarterly,0.49,USD,post-market,None,,0.0454,0.169,0.083,9.49,161000000,,,,59.36,59.92,-5.7692,,,,,,,2483000000,,30.84,,65.01,50.3
2025-12-28,WMB,1.93,11582000000.0,30.84,,0.637,10.22,,,,,,,,,,,,,,,None,1113000000,1113000000,,,,,,None,506000000,,1.975,0.0332,,,,-0.085,-0.03,1535000000,2041000000,0.52,2023-03-31,25.58,,7091000000.0,1968000000,1241000000,284000000,,,None,294000000,139000000,,None,,,,,927000000,957000000,-294000000,None,0.396,,608000000,1360000000,,,,,175000000,,,,,1.846,5.82,6.28,,,,,,,,0.205,,,2025-11-05,quarterly,0.49,USD,post-market,None,,0.0454,0.169,0.083,9.49,176000000,,,,59.36,59.92,-5.7692,,,,,,,3081000000,,30.84,,65.01,50.3
2025-12-28,WMB,1.93,11582000000.0,30.84,,0.637,10.22,,,,,,,,,,,,,,,None,1213000000,1213000000,,,,,,None,505000000,,1.975,0.0332,,,,-0.085,-0.03,1242000000,1747000000,0.52,2022-12-31,25.58,,7091000000.0,1717000000,953000000,256000000,,,None,289000000,132000000,,None,,,,,669000000,697000000,-289000000,None,0.396,,645000000,1072000000,,,,,None,,,,,1.846,5.82,6.28,,,,,,,,0.205,,,2025-11-05,quarterly,0.49,USD,post-market,None,,0.0454,0.169,0.083,9.49,631000000,,,,59.36,59.92,-5.7692,,,,,,,2930000000,,30.84,,65.01,50.3
2025-12-28,WMB,1.93,11582000000.0,30.84,,0.637,10.22,,,,,,,,,,,,,,,None,1519000000,1519000000,,,,,,None,500000000,,1.975,0.0332,,,,-0.085,-0.03,1008000000,1508000000,0.52,2022-09-30,25.58,,7091000000.0,1502000000,717000000,96000000,,,None,291000000,97000000,,None,,,,,600000000,621000000,-291000000,None,0.396,,682000000,820000000,,,,,None,,,,,1.846,5.82,6.28,,,,,,,,0.205,,,2025-11-05,quarterly,0.49,USD,post-market,None,,0.0454,0.169,0.083,9.49,163000000,,,,59.36,59.92,-5.7692,,,,,,,3021000000,,30.84,,65.01,50.3
2025-12-28,WMB,1.93,11582000000.0,30.84,,0.637,10.22,,,,,,,,,,,,,,,None,1403000000,1403000000,,,,,,None,506000000,,1.975,0.0332,,,,-0.085,-0.03,643000000,1149000000,0.52,2022-06-30,25.58,,7091000000.0,1087000000,362000000,-45000000,,,None,281000000,116000000,,None,,,,,400000000,407000000,-281000000,None,0.396,,615000000,472000000,,,,,171000000,,,,,1.846,5.82,6.28,,,,,,,,0.205,,,2025-11-05,quarterly,0.49,USD,post-market,None,,0.0454,0.169,0.083,9.49,160000000,,,,59.36,59.92,-5.7692,,,,,,,2490000000,,30.84,,65.01,50.3
2025-12-28,WMB,1.93,11582000000.0,30.84,,0.637,10.22,,,,,,,,,,,,,,,None,1331000000,1331000000,,,,,,None,498000000,,1.975,0.0332,,,,-0.085,-0.03,796000000,1294000000,0.52,2022-03-31,25.58,,7091000000.0,1193000000,510000000,118000000,,,None,286000000,149000000,,None,,,,,380000000,392000000,-286000000,None,0.396,,539000000,654000000,,,,,142000000,,,,,1.846,5.82,6.28,,,,,,,,0.205,,,2025-11-05,quarterly,0.49,USD,post-market,None,,0.0454,0.169,0.083,9.49,154000000,,,,59.36,59.92,-5.7692,,,,,,,2524000000,,30.84,,65.01,50.3
2025-12-28,WMB,1.93,11582000000.0,30.84,,0.637,10.22,,,,,,,,,,,,,,,None,1747000000,1747000000,,,,,,None,454000000,,1.975,0.0332,,,,-0.085,-0.03,1125000000,1579000000,0.52,2021-12-31,25.58,,7091000000.0,1510000000,830000000,198000000,,,None,295000000,109000000,,None,,,,,622000000,632000000,-295000000,None,0.396,,573000000,937000000,,,,,188000000,,,,,1.846,5.82,6.28,,,,,,,,0.205,,,2025-11-05,quarterly,0.49,USD,post-market,None,,0.0454,0.169,0.083,9.49,169000000,,,,59.36,59.92,-5.7692,,,,,,,3257000000,,30.84,,65.01,50.3
2025-12-28,WMB,1.93,11582000000.0,30.84,,0.637,10.22,,,,,,,,,,,,,,,None,1558000000,1558000000,,,,,,None,487000000,,1.975,0.0332,,,,-0.085,-0.03,518000000,1005000000,0.52,2021-09-30,25.58,,7091000000.0,917000000,226000000,53000000,,,None,292000000,133000000,,None,,,,,165000000,173000000,-292000000,None,0.396,,562000000,355000000,,,,,163000000,,,,,1.846,5.82,6.28,,,,,,,,0.205,,,2025-11-05,quarterly,0.49,USD,post-market,None,,0.0454,0.169,0.083,9.49,152000000,,,,59.36,59.92,-5.7692,,,,,,,2475000000,,30.84,,65.01,50.3
2025-12-28,WMB,1.93,11582000000.0,30.84,,0.637,10.22,,,,,,,,,,,,,,,None,1178000000,1178000000,,,,,,None,463000000,,1.975,0.0332,,,,-0.085,-0.03,739000000,1202000000,0.52,2021-06-30,25.58,,7091000000.0,1105000000,441000000,119000000,,,None,298000000,161000000,,None,,,,,304000000,322000000,-298000000,None,0.396,,505000000,600000000,,,,,139000000,,,,,1.846,5.82,6.28,,,,,,,,0.205,,,2025-11-05,quarterly,0.49,USD,post-market,None,,0.0454,0.169,0.083,9.49,114000000,,,,59.36,59.92,-5.7692,,,,,,,2283000000,,30.84,,65.01,50.3
2025-12-28,WMB,1.93,11582000000.0,30.84,,0.637,10.22,,,,,,,,,,,,,,,None,1391000000,1391000000,,,,,,None,438000000,,1.975,0.0332,,,,-0.085,-0.03,870000000,1308000000,0.52,2021-03-31,25.58,,7091000000.0,1221000000,576000000,141000000,,,None,294000000,161000000,,None,,,,,426000000,435000000,-294000000,None,0.396,,482000000,739000000,,,,,131000000,,,,,1.846,5.82,6.28,,,,,,,,0.205,,,2025-11-05,quarterly,0.49,USD,post-market,None,,0.0454,0.169,0.083,9.49,123000000,,,,59.36,59.92,-5.7692,,,,,,,2612000000,,30.84,,65.01,50.3
2025-12-28,WMB,1.93,11582000000.0,30.84,,0.637,10.22,,,,,,,,,,,,,,,None,953000000,953000000,,,,,,None,436000000,,1.975,0.0332,,,,-0.085,-0.03,475000000,911000000,0.52,2020-12-31,25.58,,7091000000.0,1139000000,185000000,55000000,,,None,290000000,196000000,,None,,,,,116000000,130000000,-290000000,None,0.396,,621000000,518000000,,,,,-43000000,,,,,1.846,5.82,6.28,,,,,,,,0.205,,,2025-11-05,quarterly,0.49,USD,post-market,None,,0.0454,0.169,0.083,9.49,466000000,,,,59.36,59.92,-5.7692,,,,,,,2092000000,,30.84,,65.01,50.3
2025-12-28,WMB,1.93,11582000000.0,30.84,,0.637,10.22,,,,,,,,,,,,,,,None,827000000,827000000,,,,,,None,426000000,,1.975,0.0332,,,,-0.085,-0.03,726000000,1152000000,0.52,2020-09-30,25.58,,7091000000.0,1106000000,434000000,111000000,,,None,292000000,184000000,,None,,,,,309000000,323000000,-292000000,None,0.396,,465000000,641000000,,,,,85000000,,,,,1.846,5.82,6.28,,,,,,,,0.205,,,2025-11-05,quarterly,0.49,USD,post-market,None,,0.0454,0.169,0.083,9.49,114000000,,,,59.36,59.92,-5.7692,,,,,,,1933000000,,30.84,,65.01,50.3
2025-12-28,WMB,1.93,11582000000.0,30.84,,0.637,10.22,,,,,,,,,,,,,,,None,716000000,716000000,,,,,,None,430000000,,1.975,0.0332,,,,-0.085,-0.03,726000000,1156000000,0.52,2020-06-30,25.58,,7091000000.0,1065000000,432000000,117000000,,,None,294000000,185000000,,None,,,,,303000000,315000000,-294000000,None,0.396,,453000000,612000000,,,,,114000000,,,,,1.846,5.82,6.28,,,,,,,,0.205,,,2025-11-05,quarterly,0.49,USD,post-market,None,,0.0454,0.169,0.083,9.49,127000000,,,,59.36,59.92,-5.7692,,,,,,,1781000000,,30.84,,65.01,50.3
2025-12-28,WMB,1.93,11582000000.0,30.84,,0.637,10.22,,,,,,,,,,,,,,,None,838000000,838000000,,,,,,None,429000000,,1.975,0.0332,,,,-0.085,-0.03,-478000000,-49000000,0.52,2020-03-31,25.58,,7091000000.0,1075000000,-774000000,-204000000,,,None,296000000,271000000,,None,,,,,-517000000,-570000000,-296000000,None,0.396,,644000000,431000000,,,,,-909000000,,,,,1.846,5.82,6.28,,,,,,,,0.205,,,2025-11-05,quarterly,0.49,USD,post-market,None,,0.0454,0.169,0.083,9.49,113000000,,,,59.36,59.92,-5.7692,,,,,,,1913000000,,30.84,,65.01,50.3
2025-12-28,WMB,1.93,11582000000.0,30.84,,0.637,10.22,,,,,,,,,,,,,,,None,980000000,980000000,,,,,,None,439000000,,1.975,0.0332,,,,-0.085,-0.03,338000000,777000000,0.52,2019-12-31,25.58,,7091000000.0,1127000000,40000000,91000000,,,None,298000000,208000000,,None,,,,,124000000,-51000000,-298000000,None,0.396,,893000000,234000000,,,,,104000000,,,,,1.846,5.82,6.28,,,,,,,,0.205,,,2025-11-05,quarterly,0.49,USD,post-market,None,,0.0454,0.169,0.083,9.49,148000000,,,,59.36,59.92,-5.7692,,,,,,,2107000000,,30.84,,65.01,50.3
2025-12-28,WMB,1.93,11582000000.0,30.84,,0.637,10.22,,,,,,,,,,,,,,,None,888000000,888000000,,,,,,None,435000000,,1.975,0.0332,,,,-0.085,-0.03,615000000,1050000000,0.52,2019-09-30,25.58,,7091000000.0,1111000000,319000000,77000000,,,None,296000000,196000000,,None,,,,,221000000,242000000,-296000000,None,0.396,,483000000,628000000,,,,,-13000000,,,,,1.846,5.82,6.28,,,,,,,,0.205,,,2025-11-05,quarterly,0.49,USD,post-market,None,,0.0454,0.169,0.083,9.49,130000000,,,,59.36,59.92,-5.7692,,,,,,,1999000000,,30.84,,65.01,50.3
2025-12-28,WMB,1.93,11582000000.0,30.84,,0.637,10.22,,,,,,,,,,,,,,,None,931000000,931000000,,,,,,None,424000000,,1.975,0.0332,,,,-0.085,-0.03,718000000,1142000000,0.52,2019-06-30,25.58,,7091000000.0,1110000000,422000000,98000000,,,None,296000000,85000000,,None,,,,,310000000,324000000,-296000000,None,0.396,,612000000,498000000,,,,,220000000,,,,,1.846,5.82,6.28,,,,,,,,0.205,,,2025-11-05,quarterly,0.49,USD,post-market,None,,0.0454,0.169,0.083,9.49,152000000,,,,59.36,59.92,-5.7692,,,,,,,2041000000,,30.84,,65.01,50.3
2025-12-28,WMB,1.93,11582000000.0,30.84,,0.637,10.22,,,,,,,,,,,,,,,None,981000000,981000000,,,,,,None,416000000,,1.975,0.0332,,,,-0.085,-0.03,579000000,995000000,0.52,2019-03-31,25.58,,7091000000.0,1073000000,283000000,69000000,,,None,296000000,215000000,,None,,,,,195000000,214000000,-296000000,None,0.396,,512000000,561000000,,,,,18000000,,,,,1.846,5.82,6.28,,,,,,,,0.205,,,2025-11-05,quarterly,0.49,USD,post-market,None,,0.0454,0.169,0.083,9.49,128000000,,,,59.36,59.92,-5.7692,,,,,,,2054000000,,30.84,,65.01,50.3
2025-12-28,WMB,1.93,11582000000.0,30.84,,0.637,10.22,,,,,,,,,,,,,,,None,1149000000,1149000000,,,,,,None,435000000,,1.975,0.0332,,,,-0.085,-0.03,-411000000,24000000,0.52,2018-12-31,25.58,,7091000000.0,1055000000,-705000000,-159000000,,,None,294000000,None,,None,,,,,-571000000,-546000000,None,None,0.396,,1689000000,-634000000,,,,,223000000,,,,,1.846,5.82,6.28,,,,,,,,0.205,,,2025-11-05,quarterly,0.49,USD,post-market,0,,0.0454,0.169,0.083,9.49,133000000,,,,59.36,59.92,-5.7692,,,,,,,2204000000,,30.84,,65.01,50.3
2025-12-28,WMB,1.93,11582000000.0,30.84,,0.637,10.22,,,,,,,,,,,,,,,None,1245000000,1245000000,,,,,,None,425000000,,1.975,0.0332,,,,-0.085,-0.03,660000000,1085000000,0.52,2018-09-30,25.58,,7091000000.0,1058000000,390000000,190000000,,,None,270000000,None,,None,,,,,129000000,200000000,None,None,0.396,,557000000,501000000,,,,,159000000,,,,,1.846,5.82,6.28,,,,,,,,0.205,,,2025-11-05,quarterly,0.49,USD,post-market,0,,0.0454,0.169,0.083,9.49,174000000,,,,59.36,59.92,-5.7692,,,,,,,2303000000,,30.84,,65.01,50.3
2025-12-28,WMB,1.93,11582000000.0,30.84,,0.637,10.22,,,,,,,,,,,,,,,None,1096000000,1096000000,,,,,,None,434000000,,1.975,0.0332,,,,-0.085,-0.03,596000000,1030000000,0.52,2018-06-30,25.58,,7091000000.0,995000000,321000000,52000000,,,None,275000000,None,,None,,,,,135000000,269000000,None,None,0.396,,585000000,410000000,,,,,186000000,,,,,1.846,5.82,6.28,,,,,,,,0.205,,,2025-11-05,quarterly,0.49,USD,post-market,0,,0.0454,0.169,0.083,9.49,130000000,,,,59.36,59.92,-5.7692,,,,,,,2091000000,,30.84,,65.01,50.3
2025-12-28,WMB,1.93,11582000000.0,30.84,,0.637,10.22,,,,,,,,,,,,,,,None,1079000000,1079000000,,,,,,None,431000000,,1.975,0.0332,,,,-0.085,-0.03,598000000,1029000000,0.52,2018-03-31,25.58,,7091000000.0,1009000000,325000000,55000000,,,None,273000000,None,,None,,,,,152000000,270000000,None,None,0.396,,518000000,491000000,,,,,107000000,,,,,1.846,5.82,6.28,,,,,,,,0.205,,,2025-11-05,quarterly,0.49,USD,post-market,0,,0.0454,0.169,0.083,9.49,132000000,,,,59.36,59.92,-5.7692,,,,,,,2088000000,,30.84,,65.01,50.3
2025-12-28,WMB,1.93,11582000000.0,30.84,,0.637,10.22,,,,,,,,,,,,,,,None,1108000000,1108000000,,,,,,None,428000000,,1.975,0.0332,,,,-0.085,-0.03,-213000000,215000000,0.52,2017-12-31,25.58,,7091000000.0,1120000000,-478000000,-2100000000,,,None,265000000,None,,None,,,,,1687000000,1622000000,None,None,0.396,,1307000000,-187000000,,,,,-26000000,,,,,1.846,5.82,6.28,,,,,,,,0.205,,,2025-11-05,quarterly,0.49,USD,post-market,0,,0.0454,0.169,0.083,9.49,156000000,,,,59.36,59.92,-5.7692,,,,,,,2228000000,,30.84,,65.01,50.3
2025-12-28,WMB,1.93,11582000000.0,30.84,,0.637,10.22,,,,,,,,,,,,,,,None,937000000,937000000,,,,,,None,433000000,,1.975,0.0332,,,,-0.085,-0.03,416000000,849000000,0.52,2017-09-30,25.58,,7091000000.0,954000000,149000000,24000000,,,None,267000000,None,,None,,,,,33000000,125000000,None,None,0.396,,680000000,274000000,,,,,139000000,,,,,1.846,5.82,6.28,,,,,,,,0.205,,,2025-11-05,quarterly,0.49,USD,post-market,0,,0.0454,0.169,0.083,9.49,138000000,,,,59.36,59.92,-5.7692,,,,,,,1891000000,,30.84,,65.01,50.3
2025-12-28,WMB,1.93,11582000000.0,30.84,,0.637,10.22,,,,,,,,,,,,,,,None,970000000,970000000,,,,,,None,433000000,,1.975,0.0332,,,,-0.085,-0.03,529000000,962000000,0.52,2017-06-30,25.58,,7091000000.0,954000000,258000000,65000000,,,None,271000000,None,,None,,,,,81000000,193000000,None,None,0.396,,576000000,378000000,,,,,148000000,,,,,1.846,5.82,6.28,,,,,,,,0.205,,,2025-11-05,quarterly,0.49,USD,post-market,0,,0.0454,0.169,0.083,9.49,153000000,,,,59.36,59.92,-5.7692,,,,,,,1924000000,,30.84,,65.01,50.3
2025-12-28,WMB,1.93,11582000000.0,30.84,,0.637,10.22,,,,,,,,,,,,,,,None,1021000000,1021000000,,,,,,None,442000000,,1.975,0.0332,,,,-0.085,-0.03,886000000,1328000000,0.52,2017-03-31,25.58,,7091000000.0,967000000,606000000,37000000,,,None,280000000,None,,None,,,,,373000000,569000000,None,None,0.396,,537000000,430000000,,,,,453000000,,,,,1.846,5.82,6.28,,,,,,,,0.205,,,2025-11-05,quarterly,0.49,USD,post-market,0,,0.0454,0.169,0.083,9.49,161000000,,,,59.36,59.92,-5.7692,,,,,,,1988000000,,30.84,,65.01,50.3
2025-12-28,WMB,1.93,11582000000.0,30.84,,0.637,10.22,,,,,,,,,,,,,,,None,982000000,982000000,,,,,,None,437000000,,1.975,0.0332,,,,-0.085,-0.03,379000000,816000000,0.52,2016-12-31,25.58,,7091000000.0,1216000000,86000000,49000000,,,None,293000000,None,,None,,,,,-15000000,37000000,None,None,0.396,,635000000,581000000,,,,,-202000000,,,,,1.846,5.82,6.28,,,,,,,,0.205,,,2025-11-05,quarterly,0.49,USD,post-market,0,,0.0454,0.169,0.083,9.49,167000000,,,,59.36,59.92,-5.7692,,,,,,,2198000000,,30.84,,65.01,50.3
2025-12-28,WMB,1.93,11582000000.0,30.84,,0.637,10.22,,,,,,,,,,,,,,,None,896000000,896000000,,,,,,None,435000000,,1.975,0.0332,,,,-0.085,-0.03,497000000,932000000,0.52,2016-09-30,25.58,,7091000000.0,1009000000,200000000,69000000,,,None,297000000,None,,None,,,,,61000000,131000000,None,None,0.396,,664000000,345000000,,,,,152000000,,,,,1.846,5.82,6.28,,,,,,,,0.205,,,2025-11-05,quarterly,0.49,USD,post-market,0,,0.0454,0.169,0.083,9.49,177000000,,,,59.36,59.92,-5.7692,,,,,,,1905000000,,30.84,,65.01,50.3
2025-12-28,WMB,1.93,11582000000.0,30.84,,0.637,10.22,,,,,,,,,,,,,,,None,847000000,847000000,,,,,,None,446000000,,1.975,0.0332,,,,-0.085,-0.03,-352000000,94000000,0.52,2016-06-30,25.58,,7091000000.0,889000000,-650000000,-145000000,,,None,298000000,None,,None,,,,,-405000000,-505000000,None,None,0.396,,1377000000,-488000000,,,,,136000000,,,,,1.846,5.82,6.28,,,,,,,,0.205,,,2025-11-05,quarterly,0.49,USD,post-market,0,,0.0454,0.169,0.083,9.49,158000000,,,,59.36,59.92,-5.7692,,,,,,,1736000000,,30.84,,65.01,50.3
2025-12-28,WMB,1.93,11582000000.0,30.84,,0.637,10.22,,,,,,,,,,,,,,,None,763000000,763000000,,,,,,None,445000000,,1.975,0.0332,,,,-0.085,-0.03,280000000,725000000,0.52,2016-03-31,25.58,,7091000000.0,897000000,-11000000,2000000,,,None,291000000,None,,None,,,,,-65000000,-13000000,None,None,0.396,,635000000,262000000,,,,,18000000,,,,,1.846,5.82,6.28,,,,,,,,0.205,,,2025-11-05,quarterly,0.49,USD,post-market,0,,0.0454,0.169,0.083,9.49,221000000,,,,59.36,59.92,-5.7692,,,,,,,1660000000,,30.84,,65.01,50.3
2025-12-28,WMB,1.93,11582000000.0,30.84,,0.637,10.22,,,,,,,,,,,,,,,None,848000000,848000000,,,,,,None,451000000,,1.975,0.0332,,,,-0.085,-0.03,-1516000000,-1065000000,0.52,2015-12-31,25.58,,7091000000.0,1158000000,-1784000000,-447000000,,,None,268000000,None,,None,,,,,-715000000,-1337000000,None,None,0.396,,1907000000,-749000000,,,,,-767000000,,,,,1.846,5.82,6.28,,,,,,,,0.205,,,2025-11-05,quarterly,0.49,USD,post-market,0,,0.0454,0.169,0.083,9.49,194000000,,,,59.36,59.92,-5.7692,,,,,,,2006000000,,30.84,,65.01,50.3
2025-12-28,WMB,1.93,11582000000.0,30.84,,0.637,10.22,,,,,,,,,,,,,,,None,858000000,858000000,,,,,,None,432000000,,1.975,0.0332,,,,-0.085,-0.03,25000000,457000000,0.52,2015-09-30,25.58,,7091000000.0,941000000,-238000000,-65000000,,,None,263000000,None,,None,,,,,-40000000,-173000000,None,None,0.396,,585000000,356000000,,,,,-331000000,,,,,1.846,5.82,6.28,,,,,,,,0.205,,,2025-11-05,quarterly,0.49,USD,post-market,0,,0.0454,0.169,0.083,9.49,177000000,,,,59.36,59.92,-5.7692,,,,,,,1799000000,,30.84,,65.01,50.3
2025-12-28,WMB,1.93,11582000000.0,30.84,,0.637,10.22,,,,,,,,,,,,,,,None,922000000,922000000,,,,,,None,428000000,,1.975,0.0332,,,,-0.085,-0.03,528000000,956000000,0.52,2015-06-30,25.58,,7091000000.0,917000000,266000000,83000000,,,None,262000000,None,,None,,,,,114000000,183000000,None,None,0.396,,525000000,392000000,,,,,136000000,,,,,1.846,5.82,6.28,,,,,,,,0.205,,,2025-11-05,quarterly,0.49,USD,post-market,0,,0.0454,0.169,0.083,9.49,174000000,,,,59.36,59.92,-5.7692,,,,,,,1839000000,,30.84,,65.01,50.3
2025-12-28,WMB,1.93,11582000000.0,30.84,,0.637,10.22,,,,,,,,,,,,,,,None,889000000,889000000,,,,,,None,427000000,,1.975,0.0332,,,,-0.085,-0.03,294000000,721000000,0.52,2015-03-31,25.58,,7091000000.0,827000000,43000000,30000000,,,None,251000000,None,,None,,,,,70000000,13000000,None,None,0.396,,600000000,227000000,,,,,67000000,,,,,1.846,5.82,6.28,,,,,,,,0.205,,,2025-11-05,quarterly,0.49,USD,post-market,0,,0.0454,0.169,0.083,9.49,196000000,,,,59.36,59.92,-5.7692,,,,,,,1716000000,,30.84,,65.01,50.3
2025-12-28,WMB,1.93,11582000000.0,30.84,,0.637,10.22,,,,,,,,,,,,,,,None,1095000000,1095000000,,,,,,None,379000000,,1.975,0.0332,,,,-0.085,-0.03,658000000,1037000000,0.52,2014-12-31,25.58,,7091000000.0,1046000000,424000000,116000000,,,None,234000000,None,,None,,,,,193000000,308000000,None,None,0.396,,515000000,531000000,,,,,127000000,,,,,1.846,5.82,6.28,,,,,,,,0.205,,,2025-11-05,quarterly,0.49,USD,post-market,0,,0.0454,0.169,0.083,9.49,204000000,,,,59.36,59.92,-5.7692,,,,,,,2141000000,,30.84,,65.01,50.3
2025-12-28,WMB,1.93,11582000000.0,30.84,,0.637,10.22,,,,,,,,,,,,,,,None,1176000000,1176000000,,,,,,None,369000000,,1.975,0.0332,,,,-0.085,-0.03,2916000000,3285000000,0.52,2014-09-30,25.58,,7091000000.0,893000000,2706000000,998000000,,,None,210000000,None,,None,,,,,1678000000,1708000000,None,None,0.396,,586000000,307000000,,,,,2609000000,,,,,1.846,5.82,6.28,,,,,,,,0.205,,,2025-11-05,quarterly,0.49,USD,post-market,0,,0.0454,0.169,0.083,9.49,171000000,,,,59.36,59.92,-5.7692,,,,,,,2069000000,,30.84,,65.01,50.3
2025-12-28,WMB,1.93,11582000000.0,30.84,,0.637,10.22,,,,,,,,,,,,,,,None,938000000,938000000,,,,,,None,214000000,,1.975,0.0332,,,,-0.085,-0.03,370000000,584000000,0.52,2014-06-30,25.58,,7091000000.0,740000000,207000000,84000000,,,None,163000000,None,,None,,,,,103000000,123000000,None,None,0.396,,429000000,311000000,,,,,59000000,,,,,1.846,5.82,6.28,,,,,,,,0.205,,,2025-11-05,quarterly,0.49,USD,post-market,0,,0.0454,0.169,0.083,9.49,136000000,,,,59.36,59.92,-5.7692,,,,,,,1678000000,,30.84,,65.01,50.3
2025-12-28,WMB,1.93,11582000000.0,30.84,,0.637,10.22,,,,,,,,,,,,,,,None,983000000,983000000,,,,,,None,214000000,,1.975,0.0332,,,,-0.085,-0.03,387000000,601000000,0.52,2014-03-31,25.58,,7091000000.0,766000000,247000000,51000000,,,None,140000000,None,,None,,,,,140000000,196000000,None,None,0.396,,346000000,420000000,,,,,-33000000,,,,,1.846,5.82,6.28,,,,,,,,0.205,,,2025-11-05,quarterly,0.49,USD,post-market,0,,0.0454,0.169,0.083,9.49,150000000,,,,59.36,59.92,-5.7692,,,,,,,1749000000,,30.84,,65.01,50.3
2025-12-28,WMB,1.93,11582000000.0,30.84,,0.637,10.22,,,,,,,,,,,,,,,None,935000000,935000000,,,,,,None,209000000,,1.975,0.0332,,,,-0.085,-0.03,322000000,531000000,0.52,2013-12-31,25.58,,7091000000.0,725000000,191000000,141000000,,,None,131000000,None,,None,,,,,-189000000,50000000,None,None,0.396,,462000000,263000000,,,,,59000000,,,,,1.846,5.82,6.28,,,,,,,,0.205,,,2025-11-05,quarterly,0.49,USD,post-market,0,,0.0454,0.169,0.083,9.49,127000000,,,,59.36,59.92,-5.7692,,,,,,,1660000000,,30.84,,65.01,50.3
2025-12-28,WMB,1.93,11582000000.0,30.84,,0.637,10.22,,,,,,,,,,,,,,,None,917000000,917000000,,,,,,None,207000000,,1.975,0.0332,,,,-0.085,-0.03,384000000,591000000,0.52,2013-09-30,25.58,,7091000000.0,706000000,260000000,62000000,,,None,124000000,None,,None,,,,,141000000,198000000,None,None,0.396,,370000000,336000000,,,,,48000000,,,,,1.846,5.82,6.28,,,,,,,,0.205,,,2025-11-05,quarterly,0.49,USD,post-market,0,,0.0454,0.169,0.083,9.49,130000000,,,,59.36,59.92,-5.7692,,,,,,,1623000000,,30.84,,65.01,50.3
2025-12-28,WMB,1.93,11582000000.0,30.84,,0.637,10.22,,,,,,,,,,,,,,,None,999000000,999000000,,,,,,None,198000000,,1.975,0.0332,,,,-0.085,-0.03,429000000,627000000,0.52,2013-06-30,25.58,,7091000000.0,768000000,302000000,102000000,,,None,127000000,None,,None,,,,,142000000,200000000,None,None,0.396,,418000000,350000000,,,,,79000000,,,,,1.846,5.82,6.28,,,,,,,,0.205,,,2025-11-05,quarterly,0.49,USD,post-market,0,,0.0454,0.169,0.083,9.49,123000000,,,,59.36,59.92,-5.7692,,,,,,,1767000000,,30.84,,65.01,50.3
2025-12-28,WMB,1.93,11582000000.0,30.84,,0.637,10.22,,,,,,,,,,,,,,,None,991000000,991000000,,,,,,None,201000000,,1.975,0.0332,,,,-0.085,-0.03,455000000,656000000,0.52,2013-03-31,25.58,,7091000000.0,819000000,327000000,96000000,,,None,128000000,None,,None,,,,,161000000,231000000,None,None,0.396,,393000000,426000000,,,,,29000000,,,,,1.846,5.82,6.28,,,,,,,,0.205,,,2025-11-05,quarterly,0.49,USD,post-market,0,,0.0454,0.169,0.083,9.49,132000000,,,,59.36,59.92,-5.7692,,,,,,,1810000000,,30.84,,65.01,50.3
2025-12-28,WMB,1.93,11582000000.0,30.84,,0.637,10.22,,,,,,,,,,,,,,,None,325000000,325000000,,,,,,None,184000000,,1.975,0.0332,,,,-0.085,-0.03,404000000,588000000,0.52,2012-12-31,25.58,,7091000000.0,1544000000,283000000,79000000,,,None,121000000,None,,None,,,,,149000000,204000000,None,None,0.396,,1164000000,380000000,,,,,187000000,,,,,1.846,5.82,6.28,,,,,,,,0.205,,,2025-11-05,quarterly,0.49,USD,post-market,0,,0.0454,0.169,0.083,9.49,144000000,,,,59.36,59.92,-5.7692,,,,,,,1869000000,,30.84,,65.01,50.3
2025-12-28,WMB,1.93,11582000000.0,30.84,,0.637,10.22,,,,,,,,,,,,,,,None,967000000,967000000,,,,,,None,196000000,,1.975,0.0332,,,,-0.085,-0.03,406000000,602000000,0.52,2012-09-30,25.58,,7091000000.0,785000000,277000000,77000000,,,None,129000000,None,,None,,,,,203000000,200000000,None,None,0.396,,412000000,373000000,,,,,None,,,,,1.846,5.82,6.28,,,,,,,,0.205,,,2025-11-05,quarterly,0.49,USD,post-market,0,,0.0454,0.169,0.083,9.49,139000000,,,,59.36,59.92,-5.7692,,,,,,,1752000000,,30.84,,65.01,50.3
2025-12-28,WMB,1.93,11582000000.0,30.84,,0.637,10.22,,,,,,,,,,,,,,,None,1081000000,1081000000,,,,,,None,181000000,,1.975,0.0332,,,,-0.085,-0.03,365000000,546000000,0.52,2012-06-30,25.58,,7091000000.0,765000000,237000000,71000000,,,None,128000000,None,,None,,,,,132000000,166000000,None,None,0.396,,433000000,332000000,,,,,3000000,,,,,1.846,5.82,6.28,,,,,,,,0.205,,,2025-11-05,quarterly,0.49,USD,post-market,0,,0.0454,0.169,0.083,9.49,155000000,,,,59.36,59.92,-5.7692,,,,,,,1846000000,,30.84,,65.01,50.3
2025-12-28,WMB,1.93,11582000000.0,30.84,,0.637,10.22,,,,,,,,,,,,,,,None,1125000000,1125000000,,,,,,None,168000000,,1.975,0.0332,,,,-0.085,-0.03,623000000,791000000,0.52,2012-03-31,25.58,,7091000000.0,894000000,492000000,133000000,,,None,131000000,None,,None,,,,,495000000,359000000,None,None,0.396,,367000000,527000000,,,,,-4000000,,,,,1.846,5.82,6.28,,,,,,,,0.205,,,2025-11-05,quarterly,0.49,USD,post-market,0,,0.0454,0.169,0.083,9.49,136000000,,,,59.36,59.92,-5.7692,,,,,,,2019000000,,30.84,,65.01,50.3
2025-12-28,WMB,1.93,11582000000.0,30.84,,0.637,10.22,,,,,,,,,,,,,,,None,-321000000,-321000000,,,,,,None,412000000,,1.975,0.0332,,,,-0.085,-0.03,101000000,513000000,0.52,2011-12-31,25.58,,7091000000.0,304000000,-31000000,-70000000,,,None,132000000,None,,None,,,,,-444000000,39000000,None,None,0.396,,-42000000,346000000,,,,,-264000000,,,,,1.846,5.82,6.28,,,,,,,,0.205,,,2025-11-05,quarterly,0.49,USD,post-market,0,,0.0454,0.169,0.083,9.49,41000000,,,,59.36,59.92,-5.7692,,,,,,,-17000000,,30.84,,65.01,50.3
2025-12-28,WMB,1.93,11582000000.0,30.84,,0.637,10.22,,,,,,,,,,,,,,,None,1392000000,1392000000,,,,,,None,429000000,,1.975,0.0332,,,,-0.085,-0.03,500000000,929000000,0.52,2011-09-30,25.58,,7091000000.0,580000000,354000000,33000000,,,None,146000000,None,,None,,,,,272000000,347000000,None,None,0.396,,123000000,457000000,,,,,None,,,,,1.846,5.82,6.28,,,,,,,,0.205,,,2025-11-05,quarterly,0.49,USD,post-market,0,,0.0454,0.169,0.083,9.49,184000000,,,,59.36,59.92,-5.7692,,,,,,,1972000000,,30.84,,65.01,50.3
2025-12-28,WMB,1.93,11582000000.0,30.84,,0.637,10.22,,,,,,,,,,,,,,,None,1398000000,1398000000,,,,,,None,414000000,,1.975,0.0332,,,,-0.085,-0.03,503000000,917000000,0.52,2011-06-30,25.58,,7091000000.0,586000000,348000000,109000000,,,None,155000000,None,,None,,,,,227000000,300000000,None,None,0.396,,126000000,460000000,,,,,None,,,,,1.846,5.82,6.28,,,,,,,,0.205,,,2025-11-05,quarterly,0.49,USD,post-market,0,,0.0454,0.169,0.083,9.49,181000000,,,,59.36,59.92,-5.7692,,,,,,,1984000000,,30.84,,65.01,50.3
2025-12-28,WMB,1.93,11582000000.0,30.84,,0.637,10.22,,,,,,,,,,,,,,,None,1309000000,1309000000,,,,,,None,395000000,,1.975,0.0332,,,,-0.085,-0.03,494000000,889000000,0.52,2011-03-31,25.58,,7091000000.0,562000000,338000000,-22000000,,,None,156000000,None,,None,,,,,321000000,392000000,None,None,0.396,,123000000,439000000,,,,,4000000,,,,,1.846,5.82,6.28,,,,,,,,0.205,,,2025-11-05,quarterly,0.49,USD,post-market,0,,0.0454,0.169,0.083,9.49,188000000,,,,59.36,59.92,-5.7692,,,,,,,1871000000,,30.84,,65.01,50.3
2025-12-28,WMB,1.93,11582000000.0,30.84,,0.637,10.22,,,,,,,,,,,,,,,None,1788000000,1788000000,,,,,,None,406000000,,1.975,0.0332,,,,-0.085,-0.03,497000000,903000000,0.52,2010-12-31,25.58,,7091000000.0,636000000,341000000,112000000,,,None,156000000,None,,None,,,,,174000000,229000000,None,None,0.396,,194000000,442000000,,,,,-606000000,,,,,1.846,5.82,6.28,,,,,,,,0.205,,,2025-11-05,quarterly,0.49,USD,post-market,0,,0.0454,0.169,0.083,9.49,190000000,,,,59.36,59.92,-5.7692,,,,,,,2424000000,,30.84,,65.01,50.3
2025-12-28,WMB,1.93,11582000000.0,30.84,,0.637,10.22,,,,,,,,,,,,,,,None,1748000000,1748000000,,,,,,None,374000000,,1.975,0.0332,,,,-0.085,-0.03,-1213000000,-839000000,0.52,2010-09-30,25.58,,7091000000.0,552000000,-1371000000,-150000000,,,None,158000000,None,,None,,,,,-1263000000,-1221000000,None,None,0.396,,1842000000,-1290000000,,,,,-4000000,,,,,1.846,5.82,6.28,,,,,,,,0.205,,,2025-11-05,quarterly,0.49,USD,post-market,0,,0.0454,0.169,0.083,9.49,166000000,,,,59.36,59.92,-5.7692,,,,,,,2300000000,,30.84,,65.01,50.3
2025-12-28,WMB,1.93,11582000000.0,30.84,,0.637,10.22,,,,,,,,,,,,,,,None,1717000000,1717000000,,,,,,None,366000000,,1.975,0.0332,,,,-0.085,-0.03,483000000,849000000,0.52,2010-06-30,25.58,,7091000000.0,572000000,329000000,104000000,,,None,154000000,None,,None,,,,,185000000,224000000,None,None,0.396,,156000000,416000000,,,,,-1000000,,,,,1.846,5.82,6.28,,,,,,,,0.205,,,2025-11-05,quarterly,0.49,USD,post-market,0,,0.0454,0.169,0.083,9.49,167000000,,,,59.36,59.92,-5.7692,,,,,,,2289000000,,30.84,,65.01,50.3
2025-12-28,WMB,1.93,11582000000.0,30.84,,0.637,10.22,,,,,,,,,,,,,,,None,1917000000,1917000000,,,,,,None,361000000,,1.975,0.0332,,,,-0.085,-0.03,-78000000,283000000,0.52,2010-03-31,25.58,,7091000000.0,674000000,-242000000,-94000000,,,None,164000000,None,,None,,,,,-193000000,-148000000,None,None,0.396,,195000000,479000000,,,,,599000000,,,,,1.846,5.82,6.28,,,,,,,,0.205,,,2025-11-05,quarterly,0.49,USD,post-market,0,,0.0454,0.169,0.083,9.49,196000000,,,,59.36,59.92,-5.7692,,,,,,,2591000000,,30.84,,65.01,50.3
2025-12-28,WMB,1.93,11582000000.0,30.84,,0.637,10.22,,,,,,,,,,,,,,,None,1708000000,1708000000,,,,,,None,382000000,,1.975,0.0332,,,,-0.085,-0.03,446000000,828000000,0.52,2009-12-31,25.58,,7091000000.0,618000000,358000000,136000000,,,None,88000000,None,,None,,,,,172000000,0,None,None,0.396,,162000000,456000000,,,,,None,,,,,1.846,5.82,6.28,,,,,,,,0.205,,,2025-11-05,quarterly,0.49,USD,post-market,0,,0.0454,0.169,0.083,9.49,3038000000,,,,59.36,59.92,-5.7692,,,,,,,2326000000,,30.84,,65.01,50.3
2025-12-28,WMB,1.93,11582000000.0,30.84,,0.637,10.22,,,,,,,,,,,,,,,None,1537000000,1537000000,,,,,,None,361000000,,1.975,0.0332,,,,-0.085,-0.03,447000000,808000000,0.52,2009-09-30,25.58,,7091000000.0,561000000,279000000,87000000,,,None,168000000,None,,None,,,,,143000000,192000000,None,None,0.396,,167000000,394000000,,,,,-1000000,,,,,1.846,5.82,6.28,,,,,,,,0.205,,,2025-11-05,quarterly,0.49,USD,post-market,0,,0.0454,0.169,0.083,9.49,531000000,,,,59.36,59.92,-5.7692,,,,,,,2098000000,,30.84,,65.01,50.3
2025-12-28,WMB,1.93,11582000000.0,30.84,,0.637,10.22,,,,,,,,,,,,,,,None,1392000000,1392000000,,,,,,None,359000000,,1.975,0.0332,,,,-0.085,-0.03,376000000,735000000,0.52,2009-06-30,25.58,,7091000000.0,517000000,231000000,80000000,,,None,145000000,None,,None,,,,,142000000,151000000,None,None,0.396,,166000000,351000000,,,,,25000000,,,,,1.846,5.82,6.28,,,,,,,,0.205,,,2025-11-05,quarterly,0.49,USD,post-market,0,,0.0454,0.169,0.083,9.49,431000000,,,,59.36,59.92,-5.7692,,,,,,,1909000000,,30.84,,65.01,50.3
2025-12-28,WMB,1.93,11582000000.0,30.84,,0.637,10.22,,,,,,,,,,,,,,,None,1444000000,1444000000,,,,,,None,367000000,,1.975,0.0332,,,,-0.085,-0.03,217000000,584000000,0.52,2009-03-31,25.58,,7091000000.0,478000000,75000000,56000000,,,None,142000000,None,,None,,,,,-172000000,0,None,None,0.396,,198000000,280000000,,,,,None,,,,,1.846,5.82,6.28,,,,,,,,0.205,,,2025-11-05,quarterly,0.49,USD,post-market,0,,0.0454,0.169,0.083,9.49,704000000,,,,59.36,59.92,-5.7692,,,,,,,1922000000,,30.84,,65.01,50.3
2025-12-28,WMB,1.93,11582000000.0,30.84,,0.637,10.22,,,,,,,,,,,,,,,None,-1064000000,-1064000000,,,,,,None,324000000,,1.975,0.0332,,,,-0.085,-0.03,420000000,744000000,0.52,2008-12-31,25.58,,7091000000.0,3196000000,105000000,-25000000,,,None,153000000,None,,None,,,,,115000000,0,None,None,0.396,,1728000000,404000000,,,,,None,,,,,1.846,5.82,6.28,,,,,,,,0.205,,,2025-11-05,quarterly,0.49,USD,post-market,0,,0.0454,0.169,0.083,9.49,6252000000,,,,59.36,59.92,-5.7692,,,,,,,2132000000,,30.84,,65.01,50.3
2025-12-28,WMB,1.93,11582000000.0,30.84,,0.637,10.22,,,,,,,,,,,,,,,None,2344000000,2344000000,,,,,,None,299000000,,1.975,0.0332,,,,-0.085,-0.03,772000000,1071000000,0.52,2008-09-30,25.58,,7091000000.0,857000000,610000000,199000000,,,None,162000000,None,,None,,,,,366000000,0,None,None,0.396,,168000000,689000000,,,,,None,,,,,1.846,5.82,6.28,,,,,,,,0.205,,,2025-11-05,quarterly,0.49,USD,post-market,0,,0.0454,0.169,0.083,9.49,1549000000,,,,59.36,59.92,-5.7692,,,,,,,3201000000,,30.84,,65.01,50.3
2025-12-28,WMB,1.93,11582000000.0,30.84,,0.637,10.22,,,,,,,,,,,,,,,None,2747000000,2747000000,,,,,,None,352000000,,1.975,0.0332,,,,-0.085,-0.03,809000000,1161000000,0.52,2008-06-30,25.58,,7091000000.0,982000000,687000000,268000000,,,None,161000000,None,,None,,,,,437000000,0,None,None,0.396,,2920000000,809000000,,,,,None,,,,,1.846,5.82,6.28,,,,,,,,0.205,,,2025-11-05,quarterly,0.49,USD,post-market,0,,0.0454,0.169,0.083,9.49,1837000000,,,,59.36,59.92,-5.7692,,,,,,,3729000000,,30.84,,65.01,50.3
2025-12-28,WMB,1.93,11582000000.0,30.84,,0.637,10.22,,,,,,,,,,,,,,,None,2353000000,2353000000,,,,,,None,302000000,,1.975,0.0332,,,,-0.085,-0.03,875000000,1177000000,0.52,2008-03-31,25.58,,7091000000.0,851000000,718000000,263000000,,,None,157000000,None,,None,,,,,500000000,0,None,None,0.396,,36000000,815000000,,,,,None,,,,,1.846,5.82,6.28,,,,,,,,0.205,,,2025-11-05,quarterly,0.49,USD,post-market,0,,0.0454,0.169,0.083,9.49,1497000000,,,,59.36,59.92,-5.7692,,,,,,,3204000000,,30.84,,65.01,50.3
2025-12-28,WMB,1.93,11582000000.0,30.84,,0.637,10.22,,,,,,,,,,,,,,,None,-456600000,-456600000,,,,,,None,231700000,,1.975,0.0332,,,,-0.085,-0.03,650100000,881800000,0.52,2007-12-31,25.58,,7091000000.0,2962800000,312600000,107100000,,,None,170100000,None,,None,,,,,224900000,0,None,None,0.396,,2015100000,491100000,,,,,None,,,,,1.846,5.82,6.28,,,,,,,,0.205,,,2025-11-05,quarterly,0.49,USD,post-market,0,,0.0454,0.169,0.083,9.49,4434100000,,,,59.36,59.92,-5.7692,,,,,,,2506200000,,30.84,,65.01,50.3
2025-12-28,WMB,1.93,11582000000.0,30.84,,0.637,10.22,,,,,,,,,,,,,,,None,2221300000,2221300000,,,,,,None,333000000,,1.975,0.0332,,,,-0.085,-0.03,491000000,824000000,0.52,2007-09-30,25.58,,7091000000.0,638800000,388000000,160000000,,,None,170800000,None,,None,,,,,198000000,0,None,None,0.396,,2369000000,491000000,,,,,None,,,,,1.846,5.82,6.28,,,,,,,,0.205,,,2025-11-05,quarterly,0.49,USD,post-market,0,,0.0454,0.169,0.083,9.49,1098900000,,,,59.36,59.92,-5.7692,,,,,,,2860000000,,30.84,,65.01,50.3
2025-12-28,WMB,1.93,11582000000.0,30.84,,0.637,10.22,,,,,,,,,,,,,,,None,2180200000,2180200000,,,,,,None,252000000,,1.975,0.0332,,,,-0.085,-0.03,501000000,753000000,0.52,2007-06-30,25.58,,7091000000.0,643200000,396000000,152000000,,,None,172100000,None,,None,,,,,433000000,0,None,None,0.396,,2323000000,501000000,,,,,None,,,,,1.846,5.82,6.28,,,,,,,,0.205,,,2025-11-05,quarterly,0.49,USD,post-market,0,,0.0454,0.169,0.083,9.49,1250200000,,,,59.36,59.92,-5.7692,,,,,,,2824000000,,30.84,,65.01,50.3
2025-12-28,WMB,1.93,11582000000.0,30.84,,0.637,10.22,,,,,,,,,,,,,,,None,2362700000,2362700000,,,,,,None,265000000,,1.975,0.0332,,,,-0.085,-0.03,383000000,648000000,0.52,2007-03-31,25.58,,7091000000.0,489400000,274000000,104000000,,,None,172000000,None,,None,,,,,134000000,0,None,None,0.396,,1985000000,383000000,,,,,None,,,,,1.846,5.82,6.28,,,,,,,,0.205,,,2025-11-05,quarterly,0.49,USD,post-market,0,,0.0454,0.169,0.083,9.49,156900000,,,,59.36,59.92,-5.7692,,,,,,,2368000000,,30.84,,65.01,50.3
2025-12-28,WMB,1.93,11582000000.0,30.84,,0.637,10.22,,,,,,,,,,,,,,,None,931000000,931000000,,,,,,None,249000000,,1.975,0.0332,,,,-0.085,-0.03,186200000,435200000,0.52,2006-12-31,25.58,,7091000000.0,1839300000,172200000,16700000,,,None,166300000,None,,None,,,,,146400000,0,None,None,0.396,,2584100000,186200000,,,,,None,,,,,1.846,5.82,6.28,,,,,,,,0.205,,,2025-11-05,quarterly,0.49,USD,post-market,0,,0.0454,0.169,0.083,9.49,273000000,,,,59.36,59.92,-5.7692,,,,,,,2770300000,,30.84,,65.01,50.3
2025-12-28,WMB,1.93,11582000000.0,30.84,,0.637,10.22,,,,,,,,,,,,,,,None,2822400000,2822400000,,,,,,None,220400000,,1.975,0.0332,,,,-0.085,-0.03,320800000,541200000,0.52,2006-09-30,25.58,,7091000000.0,477600000,213500000,100600000,,,None,160400000,None,,None,,,,,106200000,0,None,None,0.396,,2191000000,320800000,,,,,None,,,,,1.846,5.82,6.28,,,,,,,,0.205,,,2025-11-05,quarterly,0.49,USD,post-market,0,,0.0454,0.169,0.083,9.49,128000000,,,,59.36,59.92,-5.7692,,,,,,,2511800000,,30.84,,65.01,50.3
2025-12-28,WMB,1.93,11582000000.0,30.84,,0.637,10.22,,,,,,,,,,,,,,,None,2273800000,2273800000,,,,,,None,210500000,,1.975,0.0332,,,,-0.085,-0.03,148500000,359000000,0.52,2006-06-30,25.58,,7091000000.0,441300000,-54500000,4300000,,,None,159900000,None,,None,,,,,-76000000,0,None,None,0.396,,2071400000,148500000,,,,,None,,,,,1.846,5.82,6.28,,,,,,,,0.205,,,2025-11-05,quarterly,0.49,USD,post-market,0,,0.0454,0.169,0.083,9.49,143000000,,,,59.36,59.92,-5.7692,,,,,,,2219900000,,30.84,,65.01,50.3
2025-12-28,WMB,1.93,11582000000.0,30.84,,0.637,10.22,,,,,,,,,,,,,,,None,2588700000,2588700000,,,,,,None,197000000,,1.975,0.0332,,,,-0.085,-0.03,358300000,555300000,0.52,2006-03-31,25.58,,7091000000.0,438800000,219400000,88300000,,,None,166300000,None,,None,,,,,131900000,0,None,None,0.396,,2669200000,358300000,,,,,None,,,,,1.846,5.82,6.28,,,,,,,,0.205,,,2025-11-05,quarterly,0.49,USD,post-market,0,,0.0454,0.169,0.083,9.49,80500000,,,,59.36,59.92,-5.7692,,,,,,,3027500000,,30.84,,65.01,50.3
2025-12-28,WMB,1.93,11582000000.0,30.84,,0.637,10.22,,,,,,,,,,,,,,,None,1963500000,1963500000,,,,,,None,206800000,,1.975,0.0332,,,,-0.085,-0.03,366000000,572800000,0.52,2005-12-31,25.58,,7091000000.0,1712600000,114100000,45300000,,,None,176400000,None,,None,,,,,66800000,0,None,None,0.396,,3310100000,366000000,,,,,None,,,,,1.846,5.82,6.28,,,,,,,,0.205,,,2025-11-05,quarterly,0.49,USD,post-market,0,,0.0454,0.169,0.083,9.49,147200000,,,,59.36,59.92,-5.7692,,,,,,,3676100000,,30.84,,65.01,50.3
2025-12-28,WMB,1.93,11582000000.0,30.84,,0.637,10.22,,,,,,,,,,,,,,,None,2826200000,2826200000,,,,,,None,199500000,,1.975,0.0332,,,,-0.085,-0.03,122700000,322200000,0.52,2005-09-30,25.58,,7091000000.0,256100000,3100000,-2600000,,,None,166000000,None,,None,,,,,4400000,0,None,None,0.396,,2959600000,122700000,,,,,None,,,,,1.846,5.82,6.28,,,,,,,,0.205,,,2025-11-05,quarterly,0.49,USD,post-market,0,,0.0454,0.169,0.083,9.49,133400000,,,,59.36,59.92,-5.7692,,,,,,,3082300000,,30.84,,65.01,50.3
2025-12-28,WMB,1.93,11582000000.0,30.84,,0.637,10.22,,,,,,,,,,,,,,,None,4337000000,4337000000,,,,,,None,2219000000,,1.975,0.0332,,,,-0.085,-0.03,4350000000,6569000000,0.52,2024-12-31,25.58,,7091000000.0,6166000000,2986000000,640000000,,,None,1364000000,67000000,,None,,,,,2225000000,2346000000,-1297000000,None,0.396,,2827000000,3339000000,,,,,None,,,,,1.846,5.82,6.28,,,,,,,,0.205,,,2025-11-05,annual,0.49,USD,post-market,None,,0.0454,0.169,0.083,9.49,708000000,,,,59.36,59.92,-5.7692,,,,,,,10503000000,,30.84,,65.01,50.3
2025-12-28,WMB,1.93,11582000000.0,30.84,,0.637,10.22,,,,,,,,,,,,,,,None,4106000000,4106000000,,,,,,None,2071000000,,1.975,0.0332,,,,-0.085,-0.03,5641000000,7712000000,0.52,2023-12-31,25.58,,7091000000.0,6801000000,4405000000,1005000000,,,None,1236000000,79000000,,None,,,,,3179000000,2920000000,-1203000000,None,0.396,,2490000000,4311000000,,,,,None,,,,,1.846,5.82,6.28,,,,,,,,0.205,,,2025-11-05,annual,0.49,USD,post-market,None,,0.0454,0.169,0.083,9.49,642000000,,,,59.36,59.92,-5.7692,,,,,,,10907000000,,30.84,,65.01,50.3
2025-12-28,WMB,1.93,11582000000.0,30.84,,0.637,10.22,,,,,,,,,,,,,,,None,5466000000,5466000000,,,,,,None,2009000000,,1.975,0.0332,,,,-0.085,-0.03,3689000000,5698000000,0.52,2022-12-31,25.58,,7091000000.0,5499000000,2542000000,425000000,,,None,1147000000,494000000,,None,,,,,2049000000,2117000000,-1147000000,None,0.396,,2481000000,3018000000,,,,,None,,,,,1.846,5.82,6.28,,,,,,,,0.205,,,2025-11-05,annual,0.49,USD,post-market,None,,0.0454,0.169,0.083,9.49,2445000000,,,,59.36,59.92,-5.7692,,,,,,,10965000000,,30.84,,65.01,50.3
2025-12-28,WMB,1.93,11582000000.0,30.84,,0.637,10.22,,,,,,,,,,,,,,,None,5874000000,5874000000,,,,,,None,1842000000,,1.975,0.0332,,,,-0.085,-0.03,3252000000,5094000000,0.52,2021-12-31,25.58,,7091000000.0,4753000000,2073000000,511000000,,,None,1179000000,564000000,,None,,,,,1517000000,1562000000,-1179000000,None,0.396,,2122000000,2631000000,,,,,621000000,,,,,1.846,5.82,6.28,,,,,,,,0.205,,,2025-11-05,annual,0.49,USD,post-market,None,,0.0454,0.169,0.083,9.49,558000000,,,,59.36,59.92,-5.7692,,,,,,,10627000000,,30.84,,65.01,50.3
2025-12-28,WMB,1.93,11582000000.0,30.84,,0.637,10.22,,,,,,,,,,,,,,,None,3334000000,3334000000,,,,,,None,1721000000,,1.975,0.0332,,,,-0.085,-0.03,1449000000,3170000000,0.52,2020-12-31,25.58,,7091000000.0,4385000000,277000000,79000000,,,None,1172000000,836000000,,None,,,,,211000000,198000000,-1172000000,None,0.396,,2183000000,2202000000,,,,,-753000000,,,,,1.846,5.82,6.28,,,,,,,,0.205,,,2025-11-05,annual,0.49,USD,post-market,None,,0.0454,0.169,0.083,9.49,466000000,,,,59.36,59.92,-5.7692,,,,,,,7719000000,,30.84,,65.01,50.3
2025-12-28,WMB,1.93,11582000000.0,30.84,,0.637,10.22,,,,,,,,,,,,,,,None,3780000000,3780000000,,,,,,None,1714000000,,1.975,0.0332,,,,-0.085,-0.03,2250000000,3964000000,0.52,2019-12-31,25.58,,7091000000.0,4421000000,1064000000,335000000,,,None,1186000000,704000000,,None,,,,,850000000,729000000,-1186000000,None,0.396,,2500000000,1921000000,,,,,329000000,,,,,1.846,5.82,6.28,,,,,,,,0.205,,,2025-11-05,annual,0.49,USD,post-market,None,,0.0454,0.169,0.083,9.49,558000000,,,,59.36,59.92,-5.7692,,,,,,,8201000000,,30.84,,65.01,50.3
2025-12-28,WMB,1.93,11582000000.0,30.84,,0.637,10.22,,,,,,,,,,,,,,,None,4569000000,4569000000,,,,,,None,1725000000,,1.975,0.0332,,,,-0.085,-0.03,1443000000,3168000000,0.52,2018-12-31,25.58,,7091000000.0,4117000000,331000000,138000000,,,None,1112000000,497000000,,None,,,,,-155000000,193000000,-1112000000,None,0.396,,3349000000,768000000,,,,,675000000,,,,,1.846,5.82,6.28,,,,,,,,0.205,,,2025-11-05,annual,0.49,USD,post-market,0,,0.0454,0.169,0.083,9.49,569000000,,,,59.36,59.92,-5.7692,,,,,,,8686000000,,30.84,,65.01,50.3
2025-12-28,WMB,1.93,11582000000.0,30.84,,0.637,10.22,,,,,,,,,,,,,,,None,4036000000,4036000000,,,,,,None,1736000000,,1.975,0.0332,,,,-0.085,-0.03,1618000000,3354000000,0.52,2017-12-31,25.58,,7091000000.0,3995000000,535000000,-1974000000,,,None,1083000000,367000000,,None,,,,,2174000000,2509000000,-1083000000,None,0.396,,3068000000,927000000,,,,,714000000,,,,,1.846,5.82,6.28,,,,,,,,0.205,,,2025-11-05,annual,0.49,USD,post-market,0,,0.0454,0.169,0.083,9.49,608000000,,,,59.36,59.92,-5.7692,,,,,,,8031000000,,30.84,,65.01,50.3
2025-12-28,WMB,1.93,11582000000.0,30.84,,0.637,10.22,,,,,,,,,,,,,,,None,3488000000,3488000000,,,,,,None,1763000000,,1.975,0.0332,,,,-0.085,-0.03,804000000,2567000000,0.52,2016-12-31,25.58,,7091000000.0,4011000000,-375000000,-25000000,,,None,1179000000,719000000,,None,,,,,-424000000,-350000000,-1179000000,None,0.396,,3322000000,689000000,,,,,104000000,,,,,1.846,5.82,6.28,,,,,,,,0.205,,,2025-11-05,annual,0.49,USD,post-market,0,,0.0454,0.169,0.083,9.49,723000000,,,,59.36,59.92,-5.7692,,,,,,,7499000000,,30.84,,65.01,50.3
2025-12-28,WMB,1.93,11582000000.0,30.84,,0.637,10.22,,,,,,,,,,,,,,,None,3517000000,3517000000,,,,,,None,1738000000,,1.975,0.0332,,,,-0.085,-0.03,-669000000,1069000000,0.52,2015-12-31,25.58,,7091000000.0,3843000000,-1713000000,-399000000,,,None,1044000000,682000000,,None,,,,,-571000000,-1314000000,None,None,0.396,,3617000000,226000000,,,,,-895000000,,,,,1.846,5.82,6.28,,,,,,,,0.205,,,2025-11-05,annual,0.49,USD,post-market,0,,0.0454,0.169,0.083,9.49,741000000,,,,59.36,59.92,-5.7692,,,,,,,7360000000,,30.84,,65.01,50.3
2025-12-28,WMB,1.93,11582000000.0,30.84,,0.637,10.22,,,,,,,,,,,,,,,None,4192000000,4192000000,,,,,,None,1176000000,,1.975,0.0332,,,,-0.085,-0.03,4331000000,5507000000,0.52,2014-12-31,25.58,,7091000000.0,3445000000,3584000000,1249000000,,,None,747000000,None,,None,,,,,2114000000,2335000000,None,None,0.396,,1876000000,1569000000,,,,,2762000000,,,,,1.846,5.82,6.28,,,,,,,,0.205,,,2025-11-05,annual,0.49,USD,post-market,0,,0.0454,0.169,0.083,9.49,661000000,,,,59.36,59.92,-5.7692,,,,,,,7637000000,,30.84,,65.01,50.3
2025-12-28,WMB,1.93,11582000000.0,30.84,,0.637,10.22,,,,,,,,,,,,,,,None,3842000000,3842000000,,,,,,None,815000000,,1.975,0.0332,,,,-0.085,-0.03,1590000000,2405000000,0.52,2013-12-31,25.58,,7091000000.0,3018000000,1080000000,401000000,,,None,510000000,None,,None,,,,,430000000,679000000,None,None,0.396,,1643000000,1375000000,,,,,215000000,,,,,1.846,5.82,6.28,,,,,,,,0.205,,,2025-11-05,annual,0.49,USD,post-market,0,,0.0454,0.169,0.083,9.49,512000000,,,,59.36,59.92,-5.7692,,,,,,,6860000000,,30.84,,65.01,50.3
2025-12-28,WMB,1.93,11582000000.0,30.84,,0.637,10.22,,,,,,,,,,,,,,,None,4252000000,4252000000,,,,,,None,756000000,,1.975,0.0332,,,,-0.085,-0.03,1798000000,2554000000,0.52,2012-12-31,25.58,,7091000000.0,3234000000,1289000000,360000000,,,None,509000000,None,,None,,,,,859000000,929000000,None,None,0.396,,1622000000,1612000000,,,,,186000000,,,,,1.846,5.82,6.28,,,,,,,,0.205,,,2025-11-05,annual,0.49,USD,post-market,0,,0.0454,0.169,0.083,9.49,571000000,,,,59.36,59.92,-5.7692,,,,,,,7486000000,,30.84,,65.01,50.3
2025-12-28,WMB,1.93,11582000000.0,30.84,,0.637,10.22,,,,,,,,,,,,,,,None,4595000000,4595000000,,,,,,None,1614000000,,1.975,0.0332,,,,-0.085,-0.03,1775000000,3389000000,0.52,2011-12-31,25.58,,7091000000.0,3335000000,1202000000,124000000,,,None,573000000,None,,None,,,,,376000000,1078000000,None,None,0.396,,1468000000,1867000000,,,,,-260000000,,,,,1.846,5.82,6.28,,,,,,,,0.205,,,2025-11-05,annual,0.49,USD,post-market,0,,0.0454,0.169,0.083,9.49,512000000,,,,59.36,59.92,-5.7692,,,,,,,7930000000,,30.84,,65.01,50.3
2025-12-28,WMB,1.93,11582000000.0,30.84,,0.637,10.22,,,,,,,,,,,,,,,None,3872000000,3872000000,,,,,,None,1507000000,,1.975,0.0332,,,,-0.085,-0.03,977000000,2484000000,0.52,2010-12-31,25.58,,7091000000.0,2766000000,385000000,114000000,,,None,592000000,None,,None,,,,,-1097000000,-916000000,None,None,0.396,,1359000000,1407000000,,,,,-12000000,,,,,1.846,5.82,6.28,,,,,,,,0.205,,,2025-11-05,annual,0.49,USD,post-market,0,,0.0454,0.169,0.083,9.49,719000000,,,,59.36,59.92,-5.7692,,,,,,,6638000000,,30.84,,65.01,50.3
2025-12-28,WMB,1.93,11582000000.0,30.84,,0.637,10.22,,,,,,,,,,,,,,,None,3712000000,3712000000,,,,,,None,1469000000,,1.975,0.0332,,,,-0.085,-0.03,1206000000,2675000000,0.52,2009-12-31,25.58,,7091000000.0,1566000000,550000000,204000000,,,None,656000000,None,,None,,,,,285000000,584000000,None,None,0.396,,460000000,1106000000,,,,,3000000,,,,,1.846,5.82,6.28,,,,,,,,0.205,,,2025-11-05,annual,0.49,USD,post-market,0,,0.0454,0.169,0.083,9.49,2376000000,,,,59.36,59.92,-5.7692,,,,,,,5278000000,,30.84,,65.01,50.3
2025-12-28,WMB,1.93,11582000000.0,30.84,,0.637,10.22,,,,,,,,,,,,,,,None,8776000000,8776000000,,,,,,None,1310000000,,1.975,0.0332,,,,-0.085,-0.03,2721000000,4031000000,0.52,2008-12-31,25.58,,7091000000.0,3114000000,2144000000,677000000,,,None,577000000,None,,None,,,,,1418000000,None,None,None,0.396,,581000000,2533000000,,,,,None,,,,,1.846,5.82,6.28,,,,,,,,0.205,,,2025-11-05,annual,0.49,USD,post-market,None,,0.0454,0.169,0.083,9.49,5759000000,,,,59.36,59.92,-5.7692,,,,,,,11890000000,,30.84,,65.01,50.3
2025-12-28,WMB,1.93,11582000000.0,30.84,,0.637,10.22,,,,,,,,,,,,,,,None,8007000000,8007000000,,,,,,None,1082000000,,1.975,0.0332,,,,-0.085,-0.03,2024000000,3106000000,0.52,2007-12-31,25.58,,7091000000.0,2479000000,1371000000,524000000,,,None,653000000,None,,None,,,,,990000000,None,None,None,0.396,,614000000,1865000000,,,,,None,,,,,1.846,5.82,6.28,,,,,,,,0.205,,,2025-11-05,annual,0.49,USD,post-market,None,,0.0454,0.169,0.083,9.49,4001000000,,,,59.36,59.92,-5.7692,,,,,,,10486000000,,30.84,,65.01,50.3
2025-12-28,WMB,1.93,11582000000.0,30.84,,0.637,10.22,,,,,,,,,,,,,,,None,7566000000,7566000000,,,,,,None,866000000,,1.975,0.0332,,,,-0.085,-0.03,1211000000,2077000000,0.52,2006-12-31,25.58,,7091000000.0,1810000000,558000000,211000000,,,None,653000000,None,,None,,,,,309000000,None,None,None,0.396,,722000000,1088000000,,,,,None,,,,,1.846,5.82,6.28,,,,,,,,0.205,,,2025-11-05,annual,0.49,USD,post-market,None,,0.0454,0.169,0.083,9.49,581300000,,,,59.36,59.92,-5.7692,,,,,,,9376000000,,30.84,,65.01,50.3
2025-12-28,WMB,1.93,11582000000.0,30.84,,0.637,10.22,,,,,,,,,,,,,,,None,7885000000,7885000000,,,,,,None,740000000,,1.975,0.0332,,,,-0.085,-0.03,1434000000,2174000000,0.52,2005-12-31,25.58,,7091000000.0,1896000000,774000000,301000000,,,None,660000000,None,,None,,,,,314000000,None,None,None,0.396,,488000000,1408000000,,,,,None,,,,,1.846,5.82,6.28,,,,,,,,0.205,,,2025-11-05,annual,0.49,USD,post-market,None,,0.0454,0.169,0.083,9.49,480300000,,,,59.36,59.92,-5.7692,,,,,,,9781000000,,30.84,,65.01,50.3
2025-12-28,WMB,1.93,11582000000.0,30.84,None,0.637,10.22,,None,70000000,70000000,,,,,,,,,1261000000,1222000000,None,7885000000,7885000000,1406000000,None,2398000000,1480000000,None,None,740000000,,1.975,0.0332,,,,-0.085,-0.03,1434000000,2174000000,0.52,2025-09-30,25.58,None,7091000000.0,1896000000,774000000,301000000,7004000000,7004000000,None,660000000,None,339000000,None,None,25589000000,None,4188000000,314000000,None,None,None,0.396,,488000000,1408000000,382000000,-3511000000,None,5084000000,None,,,,,1.846,5.82,6.28,,,,,,,,0.205,,40385000000,2025-11-05,quarterly,0.49,USD,post-market,None,-12354000000,0.0454,0.169,0.083,9.49,480300000,27987000000,2398000000,None,59.36,59.92,-5.7692,55736000000,2271000000,5377000000,40876000000,53465000000,35499000000,9781000000,12520000000,30.84,None,65.01,50.3
2025-12-28,WMB,1.93,11582000000.0,30.84,None,0.637,10.22,,None,903000000,903000000,,,,,,,,,1260000000,1221650000,None,7885000000,7885000000,1414000000,None,2969000000,1563000000,None,None,740000000,,1.975,0.0332,,,,-0.085,-0.03,1434000000,2174000000,0.52,2025-06-30,25.58,None,7091000000.0,1896000000,774000000,301000000,7100000000,7100000000,None,660000000,None,335000000,None,None,25603000000,None,4209000000,314000000,None,None,None,0.396,,488000000,1408000000,420000000,1629000000,None,5158000000,None,,,,,1.846,5.82,6.28,,,,,,,,0.205,,39773000000,2025-11-05,quarterly,0.49,USD,post-market,None,-12387000000,0.0454,0.169,0.083,9.49,480300000,28572000000,2969000000,None,59.36,59.92,-5.7692,56141000000,3221000000,6012000000,41336000000,52920000000,35324000000,9781000000,12438000000,30.84,None,65.01,50.3
2025-12-28,WMB,1.93,11582000000.0,30.84,None,0.637,10.22,,None,100000000,100000000,,,,,,,,,1260000000,1220661000,None,7885000000,7885000000,1551000000,None,3289000000,1781000000,None,None,740000000,,1.975,0.0332,,,,-0.085,-0.03,1434000000,2174000000,0.52,2025-03-31,25.58,None,7091000000.0,1896000000,774000000,301000000,7115000000,7115000000,None,660000000,None,249000000,None,None,24122000000,None,4300000000,314000000,None,None,None,0.396,,488000000,1408000000,405000000,1426000000,None,5189000000,None,,,,,1.846,5.82,6.28,,,,,,,,0.205,,39155000000,2025-11-05,quarterly,0.49,USD,post-market,None,-12320000000,0.0454,0.169,0.083,9.49,480300000,27411000000,3289000000,None,59.36,59.92,-5.7692,54924000000,2535000000,6266000000,40059000000,52389000000,33793000000,9781000000,12487000000,30.84,None,65.01,50.3
2025-12-28,WMB,1.93,11582000000.0,30.84,None,0.637,10.22,,26000000,60000000,60000000,,,,,,,,,1258000000,1224472000,None,7885000000,7885000000,1613000000,None,2175000000,1863000000,None,None,740000000,,1.975,0.0332,,,,-0.085,-0.03,1434000000,2174000000,0.52,2024-12-31,25.58,466000000,7091000000.0,1896000000,774000000,301000000,6743000000,6743000000,None,660000000,None,279000000,None,None,24736000000,None,4140000000,314000000,None,None,None,0.396,,488000000,1408000000,459000000,1328000000,None,5268000000,None,,,,,1.846,5.82,6.28,,,,,,,,0.205,,38692000000,2025-11-05,quarterly,0.49,USD,post-market,None,-12396000000,0.0454,0.169,0.083,9.49,480300000,26937000000,2201000000,None,59.36,59.92,-5.7692,54532000000,2661000000,5312000000,39692000000,51871000000,34380000000,9781000000,12436000000,30.84,None,65.01,50.3
2025-12-28,WMB,1.93,11582000000.0,30.84,None,0.637,10.22,,None,762000000,762000000,,,,,,,,,1258000000,1219537000,None,7885000000,7885000000,1137000000,None,2284000000,1310000000,None,None,740000000,,1.975,0.0332,,,,-0.085,-0.03,1434000000,2174000000,0.52,2024-09-30,25.58,None,7091000000.0,1896000000,774000000,301000000,7305000000,7305000000,None,660000000,None,275000000,None,None,24825000000,None,4201000000,314000000,None,None,None,0.396,,488000000,1408000000,351000000,1298000000,None,5116000000,None,,,,,1.846,5.82,6.28,,,,,,,,0.205,,37974000000,2025-11-05,quarterly,0.49,USD,post-market,None,-12296000000,0.0454,0.169,0.083,9.49,480300000,27109000000,2284000000,None,59.36,59.92,-5.7692,53837000000,2698000000,4719000000,38972000000,51139000000,34253000000,9781000000,12428000000,30.84,None,65.01,50.3
2025-12-28,WMB,1.93,11582000000.0,30.84,None,0.637,10.22,,None,55000000,55000000,,,,,,,,,1258000000,1222236000,None,7885000000,7885000000,1192000000,None,2166000000,1398000000,None,None,740000000,,1.975,0.0332,,,,-0.085,-0.03,1434000000,2174000000,0.52,2024-06-30,25.58,None,7091000000.0,1896000000,774000000,301000000,7402000000,7402000000,None,660000000,None,274000000,None,None,24096000000,None,4612000000,314000000,None,None,None,0.396,,488000000,1408000000,388000000,1338000000,None,4764000000,None,,,,,1.846,5.82,6.28,,,,,,,,0.205,,None,2025-11-05,quarterly,0.49,USD,post-market,None,-12419000000,0.0454,0.169,0.083,9.49,480300000,26262000000,2166000000,None,59.36,59.92,-5.7692,52409000000,2115000000,4696000000,37663000000,50294000000,32967000000,9781000000,12296000000,30.84,None,65.01,50.3
2025-12-28,WMB,1.93,11582000000.0,30.84,None,0.637,10.22,,None,667000000,667000000,,,,,,,,,1258000000,1222222000,None,7885000000,7885000000,1042000000,None,2787000000,1355000000,None,None,740000000,,1.975,0.0332,,,,-0.085,-0.03,1434000000,2174000000,0.52,2024-03-31,25.58,None,7091000000.0,1896000000,774000000,301000000,7496000000,7496000000,None,660000000,None,239000000,None,None,24100000000,None,4639000000,314000000,None,None,None,0.396,,488000000,1408000000,349000000,1152000000,None,4735000000,None,,,,,1.846,5.82,6.28,,,,,,,,0.205,,None,2025-11-05,quarterly,0.49,USD,post-market,None,-12238000000,0.0454,0.169,0.083,9.49,480300000,26887000000,2787000000,None,59.36,59.92,-5.7692,52747000000,2610000000,4981000000,37817000000,50137000000,32836000000,9781000000,12449000000,30.84,None,65.01,50.3
2025-12-28,WMB,1.93,11582000000.0,30.84,None,0.637,10.22,,24000000,2150000000,2150000000,,,,,,,,,1256000000,1222831582,None,7885000000,7885000000,1379000000,None,3062000000,1655000000,None,None,740000000,,1.975,0.0332,,,,-0.085,-0.03,1434000000,2174000000,0.52,2023-12-31,25.58,463000000,7091000000.0,1896000000,774000000,301000000,7130000000,7130000000,None,660000000,None,274000000,None,None,23376000000,None,4637000000,314000000,None,None,None,0.396,,488000000,1408000000,434000000,1206000000,None,4684000000,None,,,,,1.846,5.82,6.28,,,,,,,,0.205,,None,2025-11-05,quarterly,0.49,USD,post-market,None,-12287000000,0.0454,0.169,0.083,9.49,480300000,26462000000,3086000000,None,59.36,59.92,-5.7692,52627000000,4513000000,5830000000,37736000000,48114000000,31906000000,9781000000,12402000000,30.84,None,65.01,50.3
2025-12-28,WMB,1.93,11582000000.0,30.84,None,0.637,10.22,,None,2074000000,2074000000,,,,,,,,,1256000000,1220073000,None,7885000000,7885000000,1358000000,None,2879000000,1419000000,None,None,740000000,,1.975,0.0332,,,,-0.085,-0.03,1434000000,2174000000,0.52,2023-09-30,25.58,None,7091000000.0,1896000000,774000000,301000000,7459000000,7459000000,None,660000000,None,266000000,None,None,22772000000,None,4998000000,314000000,None,None,None,0.396,,488000000,1408000000,497000000,1289000000,None,4651000000,None,,,,,1.846,5.82,6.28,,,,,,,,0.205,,32628000000,2025-11-05,quarterly,0.49,USD,post-market,None,-12876000000,0.0454,0.169,0.083,9.49,480300000,25651000000,2879000000,None,59.36,59.92,-5.7692,50788000000,4256000000,5526000000,36445000000,46532000000,30919000000,9781000000,11845000000,30.84,None,65.01,50.3
2025-12-28,WMB,1.93,11582000000.0,30.84,-17894000000,0.637,10.22,,None,551000000,551000000,,,,,,,,,1256000000,1219915000,None,7885000000,7885000000,1146000000,None,2877000000,1362000000,None,None,740000000,,1.975,0.0332,,,,-0.085,-0.03,1434000000,2174000000,0.52,2023-06-30,25.58,None,7091000000.0,1896000000,774000000,301000000,7573000000,7573000000,None,660000000,None,259000000,None,None,21532000000,None,5046000000,314000000,None,None,None,0.396,,488000000,1408000000,467000000,1361000000,None,4575000000,None,,,,,1.846,5.82,6.28,,,,,,,,0.205,,32346000000,2025-11-05,quarterly,0.49,USD,post-market,None,-12982000000,0.0454,0.169,0.083,9.49,480300000,24409000000,2877000000,None,59.36,59.92,-5.7692,49025000000,2639000000,5384000000,34816000000,46386000000,29432000000,9781000000,11679000000,30.84,-1180000000,65.01,50.3
2025-12-28,WMB,1.93,11582000000.0,30.84,-17451000000,0.637,10.22,,None,477000000,477000000,,,,,,,,,1256000000,1225781000,None,7885000000,7885000000,1258000000,None,1627000000,1524000000,None,None,740000000,,1.975,0.0332,,,,-0.085,-0.03,1434000000,2174000000,0.52,2023-03-31,25.58,None,7091000000.0,1896000000,774000000,301000000,7660000000,7660000000,None,660000000,None,244000000,None,None,22785000000,None,5067000000,314000000,None,None,None,0.396,,488000000,1408000000,512000000,1135000000,None,4631000000,None,,,,,1.846,5.82,6.28,,,,,,,,0.205,,32095000000,2025-11-05,quarterly,0.49,USD,post-market,None,-12895000000,0.0454,0.169,0.083,9.49,480300000,24412000000,1627000000,-5045000000,59.36,59.92,-5.7692,48936000000,2757000000,4020000000,34613000000,46179000000,30593000000,9781000000,11785000000,30.84,-1124000000,65.01,50.3
2025-12-28,WMB,1.93,11582000000.0,30.84,None,0.637,10.22,,25000000,152000000,152000000,,,,,,,,,1253000000,1223744025,None,7885000000,7885000000,2327000000,None,977000000,2723000000,None,None,740000000,,1.975,0.0332,,,,-0.085,-0.03,1434000000,2174000000,0.52,2022-12-31,25.58,None,7091000000.0,1896000000,774000000,301000000,7363000000,7363000000,None,660000000,None,320000000,None,None,21927000000,None,5065000000,314000000,None,None,None,0.396,,488000000,1408000000,602000000,1420000000,None,4684000000,None,,,,,1.846,5.82,6.28,,,,,,,,0.205,,30889000000,2025-11-05,quarterly,0.49,USD,post-market,None,-13271000000,0.0454,0.169,0.083,9.49,480300000,22904000000,1002000000,None,59.36,59.92,-5.7692,48433000000,3797000000,4890000000,34388000000,44636000000,29498000000,9781000000,11485000000,30.84,None,65.01,50.3
2025-12-28,WMB,1.93,11582000000.0,30.84,None,0.637,10.22,,None,859000000,859000000,,,,,,,,,1253000000,1222472000,None,7885000000,7885000000,2613000000,None,877000000,2659000000,None,None,740000000,,1.975,0.0332,,,,-0.085,-0.03,1434000000,2174000000,0.52,2022-09-30,25.58,None,7091000000.0,1896000000,774000000,301000000,7493000000,7493000000,None,660000000,None,447000000,None,None,22530000000,None,5066000000,314000000,None,None,None,0.396,,488000000,1408000000,473000000,1527000000,None,4578000000,None,,,,,1.846,5.82,6.28,,,,,,,,0.205,,30338000000,2025-11-05,quarterly,0.49,USD,post-market,None,-13419000000,0.0454,0.169,0.083,9.49,480300000,23407000000,877000000,None,59.36,59.92,-5.7692,48672000000,4438000000,5017000000,34762000000,44234000000,29745000000,9781000000,11319000000,30.84,None,65.01,50.3
2025-12-28,WMB,1.93,11582000000.0,30.84,-15535000000,0.637,10.22,,None,133000000,133000000,,,,,,,,,1253000000,1222694000,None,7885000000,7885000000,2496000000,None,1915000000,2784000000,None,None,740000000,,1.975,0.0332,,,,-0.085,-0.03,1434000000,2174000000,0.52,2022-06-30,25.58,None,7091000000.0,1896000000,774000000,301000000,7633000000,7633000000,None,660000000,None,371000000,None,None,20800000000,None,5116000000,314000000,None,None,None,0.396,,488000000,1408000000,499000000,1427000000,None,4534000000,None,,,,,1.846,5.82,6.28,,,,,,,,0.205,,29660000000,2025-11-05,quarterly,0.49,USD,post-market,None,-13498000000,0.0454,0.169,0.083,9.49,480300000,22715000000,1915000000,None,59.36,59.92,-5.7692,47555000000,3787000000,5838000000,33719000000,43768000000,27881000000,9781000000,11226000000,30.84,-1041000000,65.01,50.3
2025-12-28,WMB,1.93,11582000000.0,30.84,-15230000000,0.637,10.22,,None,604000000,604000000,,,,,,,,,1252000000,1221279000,None,7885000000,7885000000,1584000000,None,1625000000,1973000000,None,None,740000000,,1.975,0.0332,,,,-0.085,-0.03,1434000000,2174000000,0.52,2022-03-31,25.58,None,7091000000.0,1896000000,774000000,301000000,7278000000,7278000000,None,660000000,None,201000000,None,None,20801000000,None,5107000000,314000000,None,None,None,0.396,,488000000,1408000000,376000000,1099000000,None,4399000000,None,,,,,1.846,5.82,6.28,,,,,,,,0.205,,29186000000,2025-11-05,quarterly,0.49,USD,post-market,None,-13378000000,0.0454,0.169,0.083,9.49,480300000,22426000000,1625000000,None,59.36,59.92,-5.7692,46049000000,3154000000,4308000000,32078000000,42895000000,27770000000,9781000000,11316000000,30.84,-1041000000,65.01,50.3
2025-12-28,WMB,1.93,11582000000.0,30.84,None,0.637,10.22,,23000000,1680000000,1680000000,,,,,,,,,1250000000,1217979000,None,7885000000,7885000000,1746000000,None,2025000000,1978000000,None,None,740000000,,1.975,0.0332,,,,-0.085,-0.03,1434000000,2174000000,0.52,2021-12-31,25.58,None,7091000000.0,1896000000,774000000,301000000,7402000000,7402000000,None,660000000,None,379000000,None,None,21650000000,None,5127000000,314000000,None,None,None,0.396,,488000000,1408000000,512000000,1044000000,None,4436000000,None,,,,,1.846,5.82,6.28,,,,,,,,0.205,,29258000000,2025-11-05,quarterly,0.49,USD,post-market,None,-13237000000,0.0454,0.169,0.083,9.49,480300000,23675000000,2048000000,None,59.36,59.92,-5.7692,47612000000,4549000000,4972000000,33511000000,43063000000,28539000000,9781000000,11423000000,30.84,-1041000000,65.01,50.3
2025-12-28,WMB,1.93,11582000000.0,30.84,-14586000000,0.637,10.22,,None,214000000,214000000,,,,,,,,,1249000000,1217979000,None,7885000000,7885000000,1674000000,None,2024000000,1986000000,None,None,740000000,,1.975,0.0332,,,,-0.085,-0.03,1434000000,2174000000,0.52,2021-09-30,25.58,None,7091000000.0,1896000000,774000000,301000000,7481000000,7481000000,None,660000000,None,368000000,None,None,20338000000,None,5085000000,314000000,None,None,None,0.396,,488000000,1408000000,317000000,1242000000,None,4555000000,None,,,,,1.846,5.82,6.28,,,,,,,,0.205,,29314000000,2025-11-05,quarterly,0.49,USD,post-market,None,-13361000000,0.0454,0.169,0.083,9.49,480300000,22362000000,2024000000,5085000000,59.36,59.92,-5.7692,45985000000,2885000000,4940000000,32066000000,43100000000,27126000000,9781000000,11198000000,30.84,-1041000000,65.01,50.3
2025-12-28,WMB,1.93,11582000000.0,30.84,-14244000000,0.637,10.22,,None,1201000000,1201000000,,,,,,,,,1249000000,1217476000,None,7885000000,7885000000,611000000,None,2143000000,999000000,None,None,740000000,,1.975,0.0332,,,,-0.085,-0.03,1434000000,2174000000,0.52,2021-06-30,25.58,None,7091000000.0,1896000000,774000000,301000000,7277000000,7277000000,None,660000000,None,194000000,None,None,21091000000,None,5124000000,314000000,None,None,None,0.396,,488000000,1408000000,231000000,1005000000,None,4213000000,None,,,,,1.846,5.82,6.28,,,,,,,,0.205,,29299000000,2025-11-05,quarterly,0.49,USD,post-market,None,-13022000000,0.0454,0.169,0.083,9.49,480300000,23234000000,2143000000,5124000000,59.36,59.92,-5.7692,45507000000,2625000000,3759000000,31242000000,42882000000,27483000000,9781000000,11512000000,30.84,-1041000000,65.01,50.3
2025-12-28,WMB,1.93,11582000000.0,30.84,-13894000000,0.637,10.22,,None,1126000000,1126000000,,,,,,,,,1249000000,1217211000,None,7885000000,7885000000,538000000,None,2142000000,1058000000,None,None,740000000,,1.975,0.0332,,,,-0.085,-0.03,1434000000,2174000000,0.52,2021-03-31,25.58,None,7091000000.0,1896000000,774000000,301000000,7362000000,7362000000,None,660000000,None,144000000,None,None,21092000000,None,5129000000,314000000,None,None,None,0.396,,488000000,1408000000,169000000,855000000,None,4097000000,None,,,,,1.846,5.82,6.28,,,,,,,,0.205,,29076000000,2025-11-05,quarterly,0.49,USD,post-market,None,-12825000000,0.0454,0.169,0.083,9.49,480300000,23234000000,2142000000,5129000000,59.36,59.92,-5.7692,45262000000,2497000000,3535000000,30789000000,42765000000,27254000000,9781000000,11702000000,30.84,-1041000000,65.01,50.3
2025-12-28,WMB,1.93,11582000000.0,30.84,None,0.637,10.22,,28000000,142000000,142000000,,,,,,,,,1248000000,1217211000,None,7885000000,7885000000,482000000,None,893000000,999000000,None,None,740000000,,1.975,0.0332,,,,-0.085,-0.03,1434000000,2174000000,0.52,2020-12-31,25.58,None,7091000000.0,1896000000,774000000,301000000,7444000000,7444000000,None,660000000,None,136000000,None,None,21451000000,None,5159000000,314000000,None,None,None,0.396,,488000000,1408000000,152000000,787000000,None,3889000000,None,,,,,1.846,5.82,6.28,,,,,,,,0.205,,28929000000,2025-11-05,quarterly,0.49,USD,post-market,None,-12748000000,0.0454,0.169,0.083,9.49,480300000,22344000000,921000000,5159000000,59.36,59.92,-5.7692,44165000000,1429000000,2319000000,29582000000,42736000000,27263000000,9781000000,11769000000,30.84,-1041000000,65.01,50.3
2025-12-28,WMB,1.93,11582000000.0,30.84,-13277000000,0.637,10.22,,None,70000000,70000000,,,,,,,,,1248000000,1215335000,None,7885000000,7885000000,464000000,None,432000000,1011000000,None,None,740000000,,1.975,0.0332,,,,-0.085,-0.03,1434000000,2174000000,0.52,2020-09-30,25.58,None,7091000000.0,1896000000,774000000,301000000,7531000000,7531000000,None,660000000,None,157000000,None,None,21951000000,None,5176000000,314000000,None,None,None,0.396,,488000000,1408000000,165000000,965000000,None,3764000000,None,,,,,1.846,5.82,6.28,,,,,,,,0.205,,29107000000,2025-11-05,quarterly,0.49,USD,post-market,None,-12376000000,0.0454,0.169,0.083,9.49,480300000,22383000000,432000000,5176000000,59.36,59.92,-5.7692,44320000000,1403000000,1861000000,29422000000,42917000000,27561000000,9781000000,12065000000,30.84,-1041000000,65.01,50.3
2025-12-28,WMB,1.93,11582000000.0,30.84,-12955000000,0.637,10.22,,None,1133000000,1133000000,,,,,,,,,1248000000,1214581000,None,7885000000,7885000000,769000000,None,626000000,907000000,None,None,740000000,,1.975,0.0332,,,,-0.085,-0.03,1434000000,2174000000,0.52,2020-06-30,25.58,None,7091000000.0,1896000000,774000000,301000000,7609000000,7609000000,None,660000000,None,134000000,None,None,22323000000,None,5155000000,314000000,None,None,None,0.396,,488000000,1408000000,164000000,1043000000,None,3773000000,None,,,,,1.846,5.82,6.28,,,,,,,,0.205,,29137000000,2025-11-05,quarterly,0.49,USD,post-market,None,-12197000000,0.0454,0.169,0.083,9.49,480300000,22949000000,626000000,None,59.36,59.92,-5.7692,45343000000,2338000000,2438000000,30263000000,43005000000,27825000000,9781000000,12212000000,30.84,-1041000000,65.01,50.3
2025-12-28,WMB,1.93,11582000000.0,30.84,-12631000000,0.637,10.22,,None,400000000,400000000,,,,,,,,,1248000000,1213019000,None,7885000000,7885000000,359000000,None,628000000,930000000,None,None,740000000,,1.975,0.0332,,,,-0.085,-0.03,1434000000,2174000000,0.52,2020-03-31,25.58,None,7091000000.0,1896000000,774000000,301000000,7688000000,7688000000,None,660000000,None,105000000,None,None,21848000000,None,5179000000,314000000,None,None,None,0.396,,488000000,1408000000,130000000,1129000000,None,3804000000,None,,,,,1.846,5.82,6.28,,,,,,,,0.205,,29141000000,2025-11-05,quarterly,0.49,USD,post-market,None,-12013000000,0.0454,0.169,0.083,9.49,480300000,22476000000,628000000,None,59.36,59.92,-5.7692,44629000000,1565000000,2116000000,29370000000,43064000000,27254000000,9781000000,12354000000,30.84,-1041000000,65.01,50.3
2025-12-28,WMB,1.93,11582000000.0,30.84,None,0.637,10.22,,21000000,289000000,289000000,,,,,,,,,1247000000,1213019000,None,7885000000,7885000000,552000000,None,2140000000,996000000,None,None,740000000,,1.975,0.0332,,,,-0.085,-0.03,1434000000,2174000000,0.52,2019-12-31,25.58,188000000,7091000000.0,1896000000,774000000,301000000,7771000000,7771000000,None,660000000,None,125000000,None,None,20148000000,None,6235000000,314000000,None,None,None,0.396,,488000000,1408000000,170000000,1097000000,None,3778000000,None,,,,,1.846,5.82,6.28,,,,,,,,0.205,,29200000000,2025-11-05,quarterly,0.49,USD,post-market,None,-11002000000,0.0454,0.169,0.083,9.49,480300000,22288000000,2161000000,None,59.36,59.92,-5.7692,46040000000,1580000000,3968000000,29676000000,44460000000,25708000000,9781000000,13363000000,30.84,-1041000000,65.01,50.3
2025-12-28,WMB,1.93,11582000000.0,30.84,-12034000000,0.637,10.22,,None,247000000,247000000,,,,,,,,,1247000000,1214165000,None,7885000000,7885000000,602000000,None,1538000000,875000000,None,None,740000000,,1.975,0.0332,,,,-0.085,-0.03,1434000000,2174000000,0.52,2019-09-30,25.58,188000000,7091000000.0,1896000000,774000000,301000000,8041000000,8041000000,None,660000000,None,129000000,None,None,20719000000,None,6228000000,314000000,None,None,None,0.396,,488000000,1408000000,183000000,1184000000,None,3728000000,None,,,,,1.846,5.82,6.28,,,,,,,,0.205,,29826000000,2025-11-05,quarterly,0.49,USD,post-market,None,-10664000000,0.0454,0.169,0.083,9.49,480300000,22257000000,1538000000,None,59.36,59.92,-5.7692,46281000000,1434000000,3324000000,29422000000,44847000000,26098000000,9781000000,13621000000,30.84,-1041000000,65.01,50.3
2025-12-28,WMB,1.93,11582000000.0,30.84,-11737000000,0.637,10.22,,None,806000000,806000000,,,,,,,,,1246000000,1214065000,None,7885000000,7885000000,627000000,None,1563000000,879000000,None,None,740000000,,1.975,0.0332,,,,-0.085,-0.03,1434000000,2174000000,0.52,2019-06-30,25.58,188000000,7091000000.0,1896000000,774000000,301000000,8123000000,8123000000,None,660000000,None,134000000,None,None,20711000000,None,6261000000,314000000,None,None,None,0.396,,488000000,1408000000,209000000,1199000000,None,3761000000,None,,,,,1.846,5.82,6.28,,,,,,,,0.205,,29131000000,2025-11-05,quarterly,0.49,USD,post-market,None,-10423000000,0.0454,0.169,0.083,9.49,480300000,22274000000,1563000000,None,59.36,59.92,-5.7692,46509000000,2028000000,3389000000,29428000000,44481000000,26039000000,9781000000,13848000000,30.84,-1041000000,65.01,50.3
2025-12-28,WMB,1.93,11582000000.0,30.84,-11460000000,0.637,10.22,,None,43000000,43000000,,,,,,,,,1246000000,1213592000,None,7885000000,7885000000,620000000,None,2575000000,929000000,None,None,740000000,,1.975,0.0332,,,,-0.085,-0.03,1434000000,2174000000,0.52,2019-03-31,25.58,19000000,7091000000.0,1896000000,774000000,301000000,8077000000,8077000000,None,660000000,None,129000000,None,None,20703000000,None,6544000000,314000000,None,None,None,0.396,,488000000,1408000000,186000000,974000000,None,3772000000,None,,,,,1.846,5.82,6.28,,,,,,,,0.205,,29081000000,2025-11-05,quarterly,0.49,USD,post-market,None,-10270000000,0.0454,0.169,0.083,9.49,480300000,23278000000,2575000000,None,59.36,59.92,-5.7692,45970000000,1287000000,4169000000,30245000000,44683000000,26076000000,9781000000,14406000000,30.84,-1041000000,65.01,50.3
2025-12-28,WMB,1.93,11582000000.0,30.84,None,0.637,10.22,,None,168000000,168000000,,,,,,,,,1245000000,1210780000,None,7885000000,7885000000,662000000,None,47000000,992000000,None,None,740000000,,1.975,0.0332,,,,-0.085,-0.03,1434000000,2174000000,0.52,2018-12-31,25.58,None,7091000000.0,1896000000,774000000,301000000,7767000000,7767000000,None,660000000,None,130000000,None,None,22367000000,None,7821000000,314000000,None,None,None,0.396,,488000000,1408000000,174000000,858000000,None,3603000000,None,,,,,1.846,5.82,6.28,,,,,,,,0.205,,27504000000,2025-11-05,quarterly,0.49,USD,post-market,None,-10002000000,0.0454,0.169,0.083,9.49,480300000,22414000000,47000000,None,59.36,59.92,-5.7692,45302000000,1464000000,1811000000,29305000000,43838000000,27494000000,9781000000,14660000000,30.84,-1041000000,65.01,50.3
2025-12-28,WMB,1.93,11582000000.0,30.84,-11279000000,0.637,10.22,,None,42000000,42000000,,,,,,,,,1245000000,1026504000,None,7885000000,7885000000,739000000,None,33000000,883000000,None,None,740000000,,1.975,0.0332,,,,-0.085,-0.03,1434000000,2174000000,0.52,2018-09-30,25.58,47000000,7091000000.0,1896000000,774000000,301000000,8277000000,8277000000,None,660000000,None,153000000,None,None,21409000000,None,7427000000,314000000,None,None,None,0.396,,488000000,1408000000,906000000,1166000000,None,4376000000,None,,,,,1.846,5.82,6.28,,,,,,,,0.205,,28674000000,2025-11-05,quarterly,0.49,USD,post-market,None,-9018000000,0.0454,0.169,0.083,9.49,480300000,22265000000,856000000,0,59.36,59.92,-5.7692,47153000000,1984000000,2761000000,30194000000,45169000000,27433000000,9781000000,15610000000,30.84,-1041000000,65.01,50.3
2025-12-28,WMB,1.93,11582000000.0,30.84,-11910000000,0.637,10.22,,None,275000000,275000000,,,,,,,,,862000000,830107000,None,7885000000,7885000000,893000000,None,2000000,844000000,None,None,740000000,,1.975,0.0332,,,,-0.085,-0.03,1434000000,2174000000,0.52,2018-06-30,25.58,47000000,7091000000.0,1896000000,774000000,301000000,8359000000,8359000000,None,660000000,None,153000000,None,None,21313000000,None,6810000000,314000000,None,None,None,0.396,,488000000,1408000000,269000000,1063000000,None,4389000000,None,,,,,1.846,5.82,6.28,,,,,,,,0.205,,28953000000,2025-11-05,quarterly,0.49,USD,post-market,None,-8735000000,0.0454,0.169,0.083,9.49,480300000,21315000000,2000000,0,59.36,59.92,-5.7692,46374000000,1541000000,1958000000,30927000000,44833000000,28969000000,9781000000,9345000000,30.84,-1041000000,65.01,50.3
2025-12-28,WMB,1.93,11582000000.0,30.84,-11620000000,0.637,10.22,,None,1292000000,1292000000,,,,,,,,,862000000,830197000,None,7885000000,7885000000,776000000,None,501000000,743000000,None,None,740000000,,1.975,0.0332,,,,-0.085,-0.03,1434000000,2174000000,0.52,2018-03-31,25.58,0,7091000000.0,1896000000,774000000,301000000,8644000000,8644000000,None,660000000,None,160000000,None,None,21379000000,None,6513000000,314000000,None,None,None,0.396,,488000000,1408000000,204000000,887000000,None,4410000000,None,,,,,1.846,5.82,6.28,,,,,,,,0.205,,28847000000,2025-11-05,quarterly,0.49,USD,post-market,None,-8587000000,0.0454,0.169,0.083,9.49,480300000,21880000000,501000000,0,59.36,59.92,-5.7692,47052000000,2399000000,2164000000,31149000000,44653000000,28985000000,9781000000,9473000000,30.84,-1041000000,65.01,50.3
2025-12-28,WMB,1.93,11582000000.0,30.84,None,0.637,10.22,,None,899000000,899000000,,,,,,,,,861000000,829607000,None,7885000000,7885000000,978000000,None,501000000,976000000,None,None,740000000,,1.975,0.0332,,,,-0.085,-0.03,1434000000,2174000000,0.52,2017-12-31,25.58,47000000,7091000000.0,1896000000,774000000,301000000,8744000000,8744000000,None,660000000,None,113000000,None,None,20434000000,None,6552000000,314000000,None,None,None,0.396,,488000000,1408000000,191000000,743000000,None,3950000000,None,,,,,1.846,5.82,6.28,,,,,,,,0.205,,28211000000,2025-11-05,quarterly,0.49,USD,post-market,None,-8434000000,0.0454,0.169,0.083,9.49,480300000,20935000000,501000000,0,59.36,59.92,-5.7692,46352000000,2179000000,2646000000,30177000000,44173000000,27531000000,9781000000,9656000000,30.84,-1041000000,65.01,50.3
2025-12-28,WMB,1.93,11582000000.0,30.84,-11003000000,0.637,10.22,,None,1172000000,1172000000,,,,,,,,,861000000,829368000,None,7885000000,7885000000,773000000,None,502000000,783000000,None,None,740000000,,1.975,0.0332,,,,-0.085,-0.03,1434000000,2174000000,0.52,2017-09-30,25.58,47000000,7091000000.0,1896000000,774000000,301000000,8826000000,8826000000,None,660000000,None,144000000,None,None,20567000000,None,6615000000,314000000,None,None,None,0.396,,488000000,1408000000,194000000,1079000000,None,3106000000,None,,,,,1.846,5.82,6.28,,,,,,,,0.205,,27709000000,2025-11-05,quarterly,0.49,USD,post-market,None,-9872000000,0.0454,0.169,0.083,9.49,480300000,21069000000,502000000,0,59.36,59.92,-5.7692,46120000000,2293000000,2354000000,31238000000,43827000000,28884000000,9781000000,8109000000,30.84,-1041000000,65.01,50.3
2025-12-28,WMB,1.93,11582000000.0,30.84,-10856000000,0.637,10.22,,None,1918000000,1918000000,,,,,,,,,861000000,828575000,None,7885000000,7885000000,734000000,None,1951000000,693000000,None,None,740000000,,1.975,0.0332,,,,-0.085,-0.03,1434000000,2174000000,0.52,2017-06-30,25.58,47000000,7091000000.0,1896000000,774000000,301000000,9434000000,9434000000,None,660000000,None,150000000,None,None,21325000000,None,6675000000,314000000,None,None,None,0.396,,488000000,1408000000,1208000000,1311000000,None,3068000000,None,,,,,1.846,5.82,6.28,,,,,,,,0.205,,28042000000,2025-11-05,quarterly,0.49,USD,post-market,None,-9654000000,0.0454,0.169,0.083,9.49,480300000,23276000000,1951000000,0,59.36,59.92,-5.7692,48770000000,3969000000,3996000000,33589000000,44801000000,29593000000,9781000000,8306000000,30.84,-1041000000,65.01,50.3
2025-12-28,WMB,1.93,11582000000.0,30.84,-10580000000,0.637,10.22,,None,639000000,639000000,,,,,,,,,861000000,826476000,None,7885000000,7885000000,680000000,None,21825000000,867000000,None,None,740000000,,1.975,0.0332,,,,-0.085,-0.03,1434000000,2174000000,0.52,2017-03-31,25.58,47000000,7091000000.0,1896000000,774000000,301000000,9570000000,9570000000,None,660000000,None,148000000,None,None,21825000000,None,6738000000,314000000,None,None,None,0.396,,488000000,1408000000,168000000,43000000,None,3100000000,None,,,,,1.846,5.82,6.28,,,,,,,,0.205,,27762000000,2025-11-05,quarterly,0.49,USD,post-market,None,-9487000000,0.0454,0.169,0.083,9.49,480300000,23603000000,1778000000,0,59.36,59.92,-5.7692,47512000000,2845000000,2045000000,32103000000,44667000000,30058000000,9781000000,8444000000,30.84,-1041000000,65.01,50.3
2025-12-28,WMB,1.93,11582000000.0,30.84,None,0.637,10.22,,None,170000000,170000000,,,,,,,,,785000000,750954000,None,7885000000,7885000000,623000000,None,785000000,938000000,None,None,740000000,,1.975,0.0332,,,,-0.085,-0.03,1434000000,2174000000,0.52,2016-12-31,25.58,47000000,7091000000.0,1896000000,774000000,301000000,9616000000,9616000000,None,660000000,None,138000000,None,None,22624000000,None,6701000000,314000000,None,None,None,0.396,,488000000,1408000000,216000000,1000000000,None,2978000000,None,,,,,1.846,5.82,6.28,,,,,,,,0.205,,28428000000,2025-11-05,quarterly,0.49,USD,post-market,None,-9649000000,0.0454,0.169,0.083,9.49,480300000,23502000000,878000000,0,59.36,59.92,-5.7692,46835000000,1462000000,2949000000,32789000000,45373000000,29840000000,9781000000,4643000000,30.84,-1041000000,65.01,50.3
2025-12-28,WMB,1.93,11582000000.0,30.84,-10198000000,0.637,10.22,,None,77000000,77000000,,,,,,,,,785000000,751858000,None,7885000000,7885000000,619000000,None,787000000,854000000,None,None,740000000,,1.975,0.0332,,,,-0.085,-0.03,1434000000,2174000000,0.52,2016-09-30,25.58,0,7091000000.0,1896000000,774000000,301000000,9752000000,9752000000,None,660000000,None,120000000,None,None,23932000000,None,7084000000,314000000,None,None,None,0.396,,488000000,1408000000,576000000,1059000000,None,2396000000,None,,,,,1.846,5.82,6.28,,,,,,,,0.205,,28263000000,2025-11-05,quarterly,0.49,USD,post-market,None,-9483000000,0.0454,0.169,0.083,9.49,480300000,24719000000,787000000,0,59.36,59.92,-5.7692,47288000000,1627000000,2465000000,33064000000,45661000000,30599000000,9781000000,4860000000,30.84,-1041000000,65.01,50.3
2025-12-28,WMB,1.93,11582000000.0,30.84,None,0.637,10.22,,None,135000000,135000000,,,,,,,,,785000000,750649000,None,7885000000,7885000000,688000000,None,982000000,730000000,None,None,740000000,,1.975,0.0332,,,,-0.085,-0.03,1434000000,2174000000,0.52,2016-06-30,25.58,47000000,7091000000.0,1896000000,774000000,301000000,9792000000,9792000000,None,660000000,None,122000000,None,None,24394000000,None,7125000000,314000000,None,None,None,0.396,,488000000,1408000000,1370000000,1082000000,None,2477000000,None,,,,,1.846,5.82,6.28,,,,,,,,0.205,,28249000000,2025-11-05,quarterly,0.49,USD,post-market,None,-9394000000,0.0454,0.169,0.083,9.49,480300000,25376000000,982000000,0,59.36,59.92,-5.7692,48124000000,2357000000,2752000000,33702000000,45767000000,30950000000,9781000000,4830000000,30.84,-1041000000,65.01,50.3
2025-12-28,WMB,1.93,11582000000.0,30.84,None,0.637,10.22,,None,164000000,164000000,,,,,,,,,785000000,750322000,None,7885000000,7885000000,739000000,None,1111000000,733000000,None,None,740000000,,1.975,0.0332,,,,-0.085,-0.03,1434000000,2174000000,0.52,2016-03-31,25.58,47000000,7091000000.0,1896000000,774000000,301000000,9881000000,9881000000,None,660000000,None,142000000,None,None,23701000000,None,7181000000,314000000,None,None,None,0.396,,488000000,1408000000,222000000,939000000,None,2445000000,None,,,,,1.846,5.82,6.28,,,,,,,,0.205,,29823000000,2025-11-05,quarterly,0.49,USD,post-market,None,-8508000000,0.0454,0.169,0.083,9.49,480300000,24812000000,1111000000,0,59.36,59.92,-5.7692,48807000000,1261000000,2789000000,33183000000,47546000000,30394000000,9781000000,5691000000,30.84,-1041000000,65.01,50.3
2025-12-28,WMB,1.93,11582000000.0,30.84,None,0.637,10.22,,None,100000000,100000000,,,,,,,,,784000000,749902000,None,7885000000,7885000000,744000000,None,175000000,1041000000,None,None,740000000,,1.975,0.0332,,,,-0.085,-0.03,1434000000,2174000000,0.52,2015-12-31,25.58,47000000,7091000000.0,1896000000,774000000,301000000,9970000000,9970000000,None,660000000,None,127000000,None,None,23812000000,None,7336000000,314000000,None,None,None,0.396,,488000000,1408000000,259000000,984000000,None,2268000000,None,,,,,1.846,5.82,6.28,,,,,,,,0.205,,29579000000,2025-11-05,quarterly,0.49,USD,post-market,None,-7960000000,0.0454,0.169,0.083,9.49,480300000,24487000000,675000000,0,59.36,59.92,-5.7692,49020000000,1527000000,2497000000,32795000000,47493000000,30298000000,9781000000,6148000000,30.84,-1041000000,65.01,50.3
2025-12-28,WMB,1.93,11582000000.0,30.84,None,0.637,10.22,,None,125000000,125000000,,,,,,,,,784000000,749824000,None,7885000000,7885000000,726000000,None,None,704000000,None,None,740000000,,1.975,0.0332,,,,-0.085,-0.03,1434000000,2174000000,0.52,2015-09-30,25.58,1145000000,7091000000.0,1896000000,774000000,301000000,10053000000,10053000000,None,660000000,None,156000000,None,None,21805000000,None,8198000000,314000000,None,None,None,0.396,,488000000,1408000000,279000000,1225000000,None,2314000000,None,,,,,1.846,5.82,6.28,,,,,,,,0.205,,29476000000,2025-11-05,quarterly,0.49,USD,post-market,None,-6764000000,0.0454,0.169,0.083,9.49,480300000,23712000000,1907000000,0,59.36,59.92,-5.7692,50819000000,1264000000,3858000000,32559000000,49555000000,28701000000,9781000000,7387000000,30.84,-1041000000,65.01,50.3
2025-12-28,WMB,1.93,11582000000.0,30.84,None,0.637,10.22,,None,204000000,204000000,,,,,,,,,784000000,752775000,None,7885000000,7885000000,723000000,None,None,742000000,None,None,740000000,,1.975,0.0332,,,,-0.085,-0.03,1434000000,2174000000,0.52,2015-06-30,25.58,1145000000,7091000000.0,1896000000,774000000,301000000,10158000000,10158000000,None,660000000,None,168000000,None,None,21285000000,None,8712000000,314000000,None,None,None,0.396,,488000000,1408000000,312000000,924000000,None,2274000000,None,,,,,1.846,5.82,6.28,,,,,,,,0.205,,29089000000,2025-11-05,quarterly,0.49,USD,post-market,None,-6243000000,0.0454,0.169,0.083,9.49,480300000,23406000000,2121000000,0,59.36,59.92,-5.7692,51163000000,1426000000,3768000000,31992000000,49737000000,28224000000,9781000000,7928000000,30.84,-1041000000,65.01,50.3
2025-12-28,WMB,1.93,11582000000.0,30.84,None,0.637,10.22,,None,341000000,341000000,,,,,,,,,783000000,752028000,None,7885000000,7885000000,728000000,None,None,748000000,None,None,740000000,,1.975,0.0332,,,,-0.085,-0.03,1434000000,2174000000,0.52,2015-03-31,25.58,1145000000,7091000000.0,1896000000,774000000,301000000,10191000000,10191000000,None,660000000,None,200000000,None,None,21690000000,None,8319000000,314000000,None,None,None,0.396,,488000000,1408000000,333000000,801000000,None,2279000000,None,,,,,1.846,5.82,6.28,,,,,,,,0.205,,28536000000,2025-11-05,quarterly,0.49,USD,post-market,None,-5914000000,0.0454,0.169,0.083,9.49,480300000,22491000000,801000000,0,59.36,59.92,-5.7692,50457000000,1622000000,2330000000,30876000000,48835000000,28546000000,9781000000,8212000000,30.84,-1041000000,65.01,50.3
2025-12-28,WMB,1.93,11582000000.0,30.84,None,0.637,10.22,,None,240000000,240000000,,,,,,,,,782000000,751898000,None,7885000000,7885000000,865000000,None,21582000000,972000000,None,None,740000000,,1.975,0.0332,,,,-0.085,-0.03,1434000000,2174000000,0.52,2014-12-31,25.58,1120000000,7091000000.0,1896000000,774000000,301000000,10453000000,10453000000,None,660000000,None,231000000,None,None,20888000000,None,8400000000,314000000,None,None,None,0.396,,488000000,1408000000,447000000,818000000,None,2224000000,None,,,,,1.846,5.82,6.28,,,,,,,,0.205,,28081000000,2025-11-05,quarterly,0.49,USD,post-market,None,-5548000000,0.0454,0.169,0.083,9.49,480300000,21690000000,802000000,0,59.36,59.92,-5.7692,50563000000,1890000000,2567000000,30391000000,48673000000,27824000000,9781000000,8777000000,30.84,-1041000000,65.01,50.3
2025-12-28,WMB,1.93,11582000000.0,30.84,None,0.637,10.22,,None,302000000,302000000,,,,,,,,,782000000,752064000,None,7885000000,7885000000,1017000000,None,None,860000000,None,None,740000000,,1.975,0.0332,,,,-0.085,-0.03,1434000000,2174000000,0.52,2014-09-30,25.58,1658000000,7091000000.0,1896000000,774000000,301000000,11136000000,11136000000,None,660000000,None,284000000,None,None,19922000000,None,7085000000,314000000,None,None,None,0.396,,488000000,1408000000,452000000,895000000,None,1616000000,None,,,,,1.846,5.82,6.28,,,,,,,,0.205,,27398000000,2025-11-05,quarterly,0.49,USD,post-market,None,-5315000000,0.0454,0.169,0.083,9.49,480300000,20941000000,1019000000,0,59.36,59.92,-5.7692,49807000000,1898000000,2931000000,29126000000,47909000000,26195000000,9781000000,9129000000,30.84,-1041000000,65.01,50.3
2025-12-28,WMB,1.93,11582000000.0,30.84,None,0.637,10.22,,None,860000000,860000000,,,,,,,,,782000000,700696000,None,7885000000,7885000000,990000000,None,None,576000000,None,None,740000000,,1.975,0.0332,,,,-0.085,-0.03,1434000000,2174000000,0.52,2014-06-30,25.58,646000000,7091000000.0,1896000000,774000000,301000000,1616000000,1616000000,None,660000000,None,276000000,None,None,15539000000,None,4489000000,314000000,None,None,None,0.396,,488000000,1408000000,407000000,655000000,None,1434000000,None,,,,,1.846,5.82,6.28,,,,,,,,0.205,,19442000000,2025-11-05,quarterly,0.49,USD,post-market,None,-6574000000,0.0454,0.169,0.083,9.49,480300000,16290000000,751000000,0,59.36,59.92,-5.7692,34949000000,2119000000,2396000000,23027000000,32830000000,20631000000,9781000000,7863000000,30.84,-1041000000,65.01,50.3
2025-12-28,WMB,1.93,11582000000.0,30.84,None,0.637,10.22,,None,1064000000,1064000000,,,,,,,,,720000000,688904000,None,7885000000,7885000000,1094000000,None,None,629000000,None,None,740000000,,1.975,0.0332,,,,-0.085,-0.03,1434000000,2174000000,0.52,2014-03-31,25.58,646000000,7091000000.0,1896000000,774000000,301000000,1632000000,1632000000,None,660000000,None,222000000,None,None,12099000000,None,4520000000,314000000,None,None,None,0.396,,488000000,1408000000,263000000,704000000,None,1413000000,None,,,,,1.846,5.82,6.28,,,,,,,,0.205,,18711000000,2025-11-05,quarterly,0.49,USD,post-market,None,-6385000000,0.0454,0.169,0.083,9.49,480300000,12850000000,751000000,0,59.36,59.92,-5.7692,28306000000,2178000000,2549000000,19589000000,26128000000,17040000000,9781000000,4616000000,30.84,-1041000000,65.01,50.3
2025-12-28,WMB,1.93,11582000000.0,30.84,None,0.637,10.22,,None,681000000,681000000,,,,,,,,,718000000,683552000,None,7885000000,7885000000,960000000,None,None,600000000,None,None,740000000,,1.975,0.0332,,,,-0.085,-0.03,1434000000,2174000000,0.52,2013-12-31,25.58,646000000,7091000000.0,1896000000,774000000,301000000,1644000000,1644000000,None,660000000,None,194000000,None,None,11353000000,None,4360000000,314000000,None,None,None,0.396,,488000000,1408000000,208000000,750000000,None,1356000000,None,,,,,1.846,5.82,6.28,,,,,,,,0.205,,18210000000,2025-11-05,quarterly,0.49,USD,post-market,None,-6248000000,0.0454,0.169,0.083,9.49,480300000,11579000000,226000000,0,59.36,59.92,-5.7692,27142000000,1683000000,1983000000,18221000000,25459000000,16238000000,9781000000,4864000000,30.84,-1041000000,65.01,50.3
2025-12-28,WMB,1.93,11582000000.0,30.84,None,0.637,10.22,,None,732000000,732000000,,,,,,,,,718000000,687306000,None,7885000000,7885000000,1014000000,None,None,590000000,None,None,740000000,,1.975,0.0332,,,,-0.085,-0.03,1434000000,2174000000,0.52,2013-09-30,25.58,646000000,7091000000.0,1896000000,774000000,301000000,1659000000,1659000000,None,660000000,None,230000000,None,None,10359000000,None,4278000000,314000000,None,None,None,0.396,,488000000,1408000000,230000000,700000000,None,1650000000,None,,,,,1.846,5.82,6.28,,,,,,,,0.205,,17467000000,2025-11-05,quarterly,0.49,USD,post-market,None,-5973000000,0.0454,0.169,0.083,9.49,480300000,10731000000,372000000,0,59.36,59.92,-5.7692,26455000000,1782000000,2086000000,17509000000,24673000000,15423000000,9781000000,4948000000,30.84,-1041000000,65.01,50.3
2025-12-28,WMB,1.93,11582000000.0,30.84,None,0.637,10.22,,None,824000000,824000000,,,,,,,,,718000000,686924000,None,7885000000,7885000000,969000000,None,None,698000000,None,None,740000000,,1.975,0.0332,,,,-0.085,-0.03,1434000000,2174000000,0.52,2013-06-30,25.58,646000000,7091000000.0,1896000000,774000000,301000000,1674000000,1674000000,None,660000000,None,174000000,None,None,10359000000,None,4135000000,314000000,None,None,None,0.396,,488000000,1408000000,250000000,691000000,None,1774000000,None,,,,,1.846,5.82,6.28,,,,,,,,0.205,,16599000000,2025-11-05,quarterly,0.49,USD,post-market,None,-5863000000,0.0454,0.169,0.083,9.49,480300000,11070000000,711000000,0,59.36,59.92,-5.7692,25657000000,1946000000,2371000000,17686000000,23711000000,15315000000,9781000000,4694000000,30.84,-1041000000,65.01,50.3
2025-12-28,WMB,1.93,11582000000.0,30.84,None,0.637,10.22,,None,702000000,702000000,,,,,,,,,717000000,687143000,None,7885000000,7885000000,935000000,None,None,760000000,None,None,740000000,,1.975,0.0332,,,,-0.085,-0.03,1434000000,2174000000,0.52,2013-03-31,25.58,646000000,7091000000.0,1896000000,774000000,301000000,1689000000,1689000000,None,660000000,None,190000000,None,None,10610000000,None,4039000000,314000000,None,None,None,0.396,,488000000,1408000000,212000000,624000000,None,1761000000,None,,,,,1.846,5.82,6.28,,,,,,,,0.205,,15995000000,2025-11-05,quarterly,0.49,USD,post-market,None,-5765000000,0.0454,0.169,0.083,9.49,480300000,10611000000,1000000,0,59.36,59.92,-5.7692,24816000000,1864000000,1560000000,16946000000,22952000000,15386000000,9781000000,4795000000,30.84,-1041000000,65.01,50.3
2025-12-28,WMB,1.93,11582000000.0,30.84,None,0.637,10.22,,None,839000000,839000000,,,,,,,,,716000000,681000000,None,7885000000,7885000000,920000000,None,None,581000000,None,None,740000000,,1.975,0.0332,,,,-0.085,-0.03,1434000000,2174000000,0.52,2012-12-31,25.58,649000000,7091000000.0,1896000000,774000000,301000000,1704000000,1704000000,None,660000000,None,175000000,None,None,10735000000,None,3987000000,314000000,None,None,None,0.396,,488000000,1408000000,329000000,628000000,None,1775000000,None,,,,,1.846,5.82,6.28,,,,,,,,0.205,,15467000000,2025-11-05,quarterly,0.49,USD,post-market,None,-5695000000,0.0454,0.169,0.083,9.49,480300000,10736000000,1000000,0,59.36,59.92,-5.7692,24327000000,1924000000,1549000000,16900000000,22403000000,15351000000,9781000000,4752000000,30.84,-1041000000,65.01,50.3
2025-12-28,WMB,1.93,11582000000.0,30.84,-6916000000,0.637,10.22,,None,996000000,996000000,,,,,,,,,662000000,632019000,None,7885000000,7885000000,768000000,None,None,624000000,None,None,740000000,,1.975,0.0332,,,,-0.085,-0.03,1434000000,2174000000,0.52,2012-09-30,25.58,650000000,7091000000.0,1896000000,774000000,301000000,1726000000,1726000000,None,660000000,None,161000000,None,None,9512000000,None,1626000000,314000000,None,None,None,0.396,,488000000,1408000000,180000000,609000000,None,1733000000,None,,,,,1.846,5.82,6.28,,,,,,,,0.205,,14684000000,2025-11-05,quarterly,0.49,USD,post-market,None,-5648000000,0.0454,0.169,0.083,9.49,480300000,9514000000,2000000,0,59.36,59.92,-5.7692,21263000000,1961000000,1379000000,15272000000,19302000000,13893000000,9781000000,3092000000,30.84,-1041000000,65.01,50.3
2025-12-28,WMB,1.93,11582000000.0,30.84,None,0.637,10.22,,None,679000000,679000000,,,,,,,,,661000000,626620000,None,7885000000,7885000000,695000000,None,None,636000000,None,None,740000000,,1.975,0.0332,,,,-0.085,-0.03,1434000000,2174000000,0.52,2012-06-30,25.58,724000000,7091000000.0,1896000000,774000000,301000000,1662000000,1662000000,None,660000000,None,159000000,None,None,9033000000,None,None,314000000,None,None,None,0.396,,488000000,1408000000,208000000,599000000,None,1754000000,None,,,,,1.846,5.82,6.28,,,,,,,,0.205,,14056000000,2025-11-05,quarterly,0.49,USD,post-market,None,-5607000000,0.0454,0.169,0.083,9.49,480300000,9037000000,4000000,0,59.36,59.92,-5.7692,20267000000,1682000000,1298000000,14640000000,18585000000,13342000000,9781000000,2961000000,30.84,-1041000000,65.01,50.3
2025-12-28,WMB,1.93,11582000000.0,30.84,None,0.637,10.22,,None,1100000000,1100000000,,,,,,,,,630000000,600520000,None,7885000000,7885000000,676000000,None,None,641000000,None,None,740000000,,1.975,0.0332,,,,-0.085,-0.03,1434000000,2174000000,0.52,2012-03-31,25.58,641000000,7091000000.0,1896000000,774000000,301000000,668000000,668000000,None,660000000,None,186000000,None,None,8366000000,None,None,314000000,None,None,None,0.396,,488000000,1408000000,192000000,529000000,None,1731000000,None,,,,,1.846,5.82,6.28,,,,,,,,0.205,,12964000000,2025-11-05,quarterly,0.49,USD,post-market,None,-5551000000,0.0454,0.169,0.083,9.49,480300000,8695000000,329000000,0,59.36,59.92,-5.7692,17790000000,2119000000,1534000000,14066000000,15671000000,12532000000,9781000000,1940000000,30.84,-1041000000,65.01,50.3
2025-12-28,WMB,1.93,11582000000.0,30.84,None,0.637,10.22,,None,889000000,889000000,,,,,,,,,626000000,600520000,None,7885000000,7885000000,691000000,None,None,637000000,None,None,740000000,,1.975,0.0332,,,,-0.085,-0.03,1434000000,2174000000,0.52,2011-12-31,25.58,0,7091000000.0,1896000000,774000000,301000000,44000000,44000000,None,660000000,None,169000000,None,None,8369000000,None,None,314000000,None,None,None,0.396,,488000000,1408000000,199000000,607000000,None,1715000000,None,,,,,1.846,5.82,6.28,,,,,,,,0.205,,12580000000,2025-11-05,quarterly,0.49,USD,post-market,None,-5820000000,0.0454,0.169,0.083,9.49,480300000,8722000000,353000000,0,59.36,59.92,-5.7692,16502000000,1894000000,1675000000,13916000000,14608000000,12241000000,9781000000,1296000000,30.84,-1041000000,65.01,50.3
2025-12-28,WMB,1.93,11582000000.0,30.84,None,0.637,10.22,,None,996000000,996000000,,,,,,,,,623000000,597550000,None,7885000000,7885000000,1174000000,None,None,1039000000,None,None,740000000,,1.975,0.0332,,,,-0.085,-0.03,1434000000,2174000000,0.52,2011-09-30,25.58,0,7091000000.0,1896000000,774000000,301000000,0,0,None,660000000,None,287000000,None,None,9024000000,None,None,314000000,None,None,None,0.396,,488000000,1408000000,567000000,904000000,None,1748000000,None,,,,,1.846,5.82,6.28,,,,,,,,0.205,,20973000000,2025-11-05,quarterly,0.49,USD,post-market,None,33000000,0.0454,0.169,0.083,9.49,480300000,9385000000,361000000,0,59.36,59.92,-5.7692,26146000000,2889000000,2439000000,16893000000,23257000000,14454000000,9781000000,7909000000,30.84,-1041000000,65.01,50.3
2025-12-28,WMB,1.93,11582000000.0,30.84,None,0.637,10.22,,None,1166000000,1166000000,,,,,,,,,623000000,597633000,None,7885000000,7885000000,988000000,None,None,913000000,None,None,740000000,,1.975,0.0332,,,,-0.085,-0.03,1434000000,2174000000,0.52,2011-06-30,25.58,0,7091000000.0,1896000000,774000000,301000000,0,0,None,660000000,None,282000000,None,None,8927000000,None,None,314000000,None,None,None,0.396,,488000000,1408000000,469000000,1019000000,None,None,None,,,,,1.846,5.82,6.28,,,,,,,,0.205,,20600000000,2025-11-05,quarterly,0.49,USD,post-market,None,-122000000,0.0454,0.169,0.083,9.49,480300000,9310000000,383000000,0,59.36,59.92,-5.7692,25705000000,2830000000,2390000000,16660000000,22875000000,14270000000,9781000000,7716000000,30.84,-1041000000,65.01,50.3
2025-12-28,WMB,1.93,11582000000.0,30.84,None,0.637,10.22,,None,923000000,923000000,,,,,,,,,622000000,596567000,None,7885000000,7885000000,913000000,None,None,850000000,None,None,740000000,,1.975,0.0332,,,,-0.085,-0.03,1434000000,2174000000,0.52,2011-03-31,25.58,0,7091000000.0,1896000000,774000000,301000000,0,0,None,660000000,None,264000000,None,None,8577000000,None,None,314000000,None,None,None,0.396,,488000000,1408000000,468000000,1013000000,None,None,None,,,,,1.846,5.82,6.28,,,,,,,,0.205,,20341000000,2025-11-05,quarterly,0.49,USD,post-market,None,-230000000,0.0454,0.169,0.083,9.49,480300000,9109000000,532000000,0,59.36,59.92,-5.7692,25083000000,2505000000,2458000000,16204000000,22578000000,13746000000,9781000000,7537000000,30.84,-1041000000,65.01,50.3
2025-12-28,WMB,1.93,11582000000.0,30.84,None,0.637,10.22,,None,795000000,795000000,,,,,,,,,620000000,596567000,None,7885000000,7885000000,432000000,None,None,859000000,None,None,740000000,,1.975,0.0332,,,,-0.085,-0.03,1434000000,2174000000,0.52,2010-12-31,25.58,8000000,7091000000.0,1896000000,774000000,301000000,8000000,8000000,None,660000000,None,303000000,None,None,8600000000,None,None,314000000,None,None,None,0.396,,488000000,1408000000,573000000,1447000000,None,1588000000,None,,,,,1.846,5.82,6.28,,,,,,,,0.205,,20272000000,2025-11-05,quarterly,0.49,USD,post-market,None,-478000000,0.0454,0.169,0.083,9.49,480300000,9108000000,508000000,0,59.36,59.92,-5.7692,24972000000,2530000000,2574000000,16353000000,22442000000,13779000000,9781000000,7288000000,30.84,-1041000000,65.01,50.3
2025-12-28,WMB,1.93,11582000000.0,30.84,None,0.637,10.22,,None,1015000000,1015000000,,,,,,,,,619000000,584744000,None,7885000000,7885000000,869000000,None,None,744000000,None,None,740000000,,1.975,0.0332,,,,-0.085,-0.03,1434000000,2174000000,0.52,2010-09-30,25.58,8000000,7091000000.0,1896000000,774000000,301000000,8000000,8000000,None,660000000,None,270000000,None,None,8002000000,None,None,314000000,None,None,None,0.396,,488000000,1408000000,774000000,1172000000,None,1460000000,None,,,,,1.846,5.82,6.28,,,,,,,,0.205,,18909000000,2025-11-05,quarterly,0.49,USD,post-market,None,-578000000,0.0454,0.169,0.083,9.49,480300000,8510000000,508000000,0,59.36,59.92,-5.7692,23848000000,2803000000,2549000000,15672000000,21045000000,13123000000,9781000000,7025000000,30.84,-1041000000,65.01,50.3
2025-12-28,WMB,1.93,11582000000.0,30.84,-9666000000,0.637,10.22,,None,1601000000,1601000000,,,,,,,,,619000000,592498000,None,7885000000,7885000000,806000000,None,None,722000000,None,None,740000000,,1.975,0.0332,,,,-0.085,-0.03,1434000000,2174000000,0.52,2010-06-30,25.58,1011000000,7091000000.0,1896000000,774000000,301000000,1011000000,1011000000,None,660000000,None,279000000,None,None,8358000000,None,881000000,314000000,None,None,None,0.396,,488000000,1408000000,757000000,1153000000,None,1469000000,None,,,,,1.846,5.82,6.28,,,,,,,,0.205,,18831000000,2025-11-05,quarterly,0.49,USD,post-market,None,758000000,0.0454,0.169,0.083,9.49,480300000,8518000000,160000000,None,59.36,59.92,-5.7692,24947000000,3359000000,2119000000,15921000000,21588000000,13802000000,9781000000,7633000000,30.84,-1041000000,65.01,50.3
2025-12-28,WMB,1.93,11582000000.0,30.84,-9316000000,0.637,10.22,,None,1644000000,1644000000,,,,,,,,,619000000,584000000,None,7885000000,7885000000,907000000,None,None,831000000,None,None,740000000,,1.975,0.0332,,,,-0.085,-0.03,1434000000,2174000000,0.52,2010-03-31,25.58,1011000000,7091000000.0,1896000000,774000000,301000000,1011000000,1011000000,None,660000000,None,221000000,None,None,8615000000,None,888000000,314000000,None,None,None,0.396,,488000000,1408000000,893000000,1180000000,None,1443000000,None,,,,,1.846,5.82,6.28,,,,,,,,0.205,,18714000000,2025-11-05,quarterly,0.49,USD,post-market,None,646000000,0.0454,0.169,0.083,9.49,480300000,8625000000,10000000,0,59.36,59.92,-5.7692,25129000000,3589000000,2097000000,16167000000,21540000000,14070000000,9781000000,7573000000,30.84,-1041000000,65.01,50.3
2025-12-28,WMB,1.93,11582000000.0,30.84,None,0.637,10.22,,None,1867000000,1867000000,,,,,,,,,618000000,584000000,None,7885000000,7885000000,934000000,None,None,829000000,None,None,740000000,,1.975,0.0332,,,,-0.085,-0.03,1434000000,2174000000,0.52,2009-12-31,25.58,1011000000,7091000000.0,1896000000,774000000,301000000,1011000000,1011000000,None,660000000,None,222000000,None,None,8259000000,None,886000000,314000000,None,None,None,0.396,,488000000,1408000000,875000000,1526000000,None,1441000000,None,,,,,1.846,5.82,6.28,,,,,,,,0.205,,18644000000,2025-11-05,quarterly,0.49,USD,post-market,None,903000000,0.0454,0.169,0.083,9.49,480300000,8276000000,17000000,0,59.36,59.92,-5.7692,25280000000,3793000000,2477000000,16261000000,21487000000,13784000000,9781000000,8447000000,30.84,-1041000000,65.01,50.3
2025-12-28,WMB,1.93,11582000000.0,30.84,-8631000000,0.637,10.22,,None,1640000000,1640000000,,,,,,,,,618000000,590059000,None,7885000000,7885000000,799000000,None,None,705000000,None,None,740000000,,1.975,0.0332,,,,-0.085,-0.03,1434000000,2174000000,0.52,2009-09-30,25.58,1011000000,7091000000.0,1896000000,774000000,301000000,1011000000,1011000000,None,660000000,None,232000000,None,None,8258000000,None,894000000,314000000,None,None,None,0.396,,488000000,1408000000,913000000,1399000000,None,1550000000,None,,,,,1.846,5.82,6.28,,,,,,,,0.205,,18464000000,2025-11-05,quarterly,0.49,USD,post-market,None,795000000,0.0454,0.169,0.083,9.49,480300000,8277000000,19000000,0,59.36,59.92,-5.7692,24952000000,3490000000,2217000000,16097000000,21462000000,13880000000,9781000000,8307000000,30.84,-1041000000,65.01,50.3
2025-12-28,WMB,1.93,11582000000.0,30.84,-8289000000,0.637,10.22,,None,1853000000,1853000000,,,,,,,,,617000000,588780000,None,7885000000,7885000000,772000000,None,None,677000000,None,None,740000000,,1.975,0.0332,,,,-0.085,-0.03,1434000000,2174000000,0.52,2009-06-30,25.58,1011000000,7091000000.0,1896000000,774000000,301000000,1011000000,1011000000,None,660000000,None,249000000,None,None,8265000000,None,894000000,314000000,None,None,None,0.396,,488000000,1408000000,1120000000,1530000000,None,1505000000,None,,,,,1.846,5.82,6.28,,,,,,,,0.205,,17966000000,2025-11-05,quarterly,0.49,USD,post-market,None,716000000,0.0454,0.169,0.083,9.49,480300000,8278000000,13000000,None,59.36,59.92,-5.7692,25026000000,3899000000,2315000000,16173000000,21127000000,13858000000,9781000000,8324000000,30.84,-1041000000,65.01,50.3
2025-12-28,WMB,1.93,11582000000.0,30.84,None,0.637,10.22,,None,1786000000,1786000000,,,,,,,,,615000000,582361000,None,7885000000,7885000000,828000000,None,None,683000000,None,None,740000000,,1.975,0.0332,,,,-0.085,-0.03,1434000000,2174000000,0.52,2009-03-31,25.58,1011000000,7091000000.0,1896000000,774000000,301000000,1011000000,1011000000,None,660000000,None,242000000,None,None,8278000000,None,None,314000000,None,None,None,0.396,,488000000,1408000000,1348000000,1625000000,None,None,None,,,,,1.846,5.82,6.28,,,,,,,,0.205,,17994000000,2025-11-05,quarterly,0.49,USD,post-market,None,639000000,0.0454,0.169,0.083,9.49,480300000,8442000000,164000000,None,59.36,59.92,-5.7692,25368000000,4059000000,2617000000,16512000000,21309000000,13895000000,9781000000,8326000000,30.84,-1041000000,65.01,50.3
2025-12-28,WMB,1.93,11582000000.0,30.84,None,0.637,10.22,,None,1439000000,1439000000,,,,,,,,,613000000,579495000,None,7885000000,7885000000,1052000000,None,None,941000000,None,None,740000000,,1.975,0.0332,,,,-0.085,-0.03,1434000000,2174000000,0.52,2008-12-31,25.58,1011000000,7091000000.0,1896000000,774000000,301000000,1011000000,1011000000,None,660000000,None,260000000,None,None,7683000000,None,None,314000000,None,None,None,0.396,,488000000,1408000000,1771000000,2061000000,None,None,None,,,,,1.846,5.82,6.28,,,,,,,,0.205,,18065000000,2025-11-05,quarterly,0.49,USD,post-market,None,874000000,0.0454,0.169,0.083,9.49,480300000,7879000000,196000000,None,59.36,59.92,-5.7692,26006000000,4411000000,3519000000,17566000000,21595000000,14047000000,9781000000,8440000000,30.84,-1041000000,65.01,50.3
2025-12-28,WMB,1.93,11582000000.0,30.84,None,0.637,10.22,,None,1524000000,1524000000,,,,,,,,,613000000,589138000,None,7885000000,7885000000,1072000000,None,None,1089000000,None,None,740000000,,1.975,0.0332,,,,-0.085,-0.03,1434000000,2174000000,0.52,2008-09-30,25.58,1011000000,7091000000.0,1896000000,774000000,301000000,1011000000,1011000000,None,660000000,None,324000000,None,None,7827000000,None,None,314000000,None,None,None,0.396,,488000000,1408000000,2544000000,3125000000,None,None,None,,,,,1.846,5.82,6.28,,,,,,,,0.205,,17649000000,2025-11-05,quarterly,0.49,USD,post-market,None,823000000,0.0454,0.169,0.083,9.49,480300000,7911000000,84000000,None,59.36,59.92,-5.7692,26893000000,5481000000,4281000000,17680000000,21412000000,14038000000,9781000000,8574000000,30.84,-1041000000,65.01,50.3
2025-12-28,WMB,1.93,11582000000.0,30.84,None,0.637,10.22,,None,1937000000,1937000000,,,,,,,,,611000000,596187000,None,7885000000,7885000000,1473000000,None,None,1642000000,None,None,740000000,,1.975,0.0332,,,,-0.085,-0.03,1434000000,2174000000,0.52,2008-06-30,25.58,1011000000,7091000000.0,1896000000,774000000,301000000,1011000000,1011000000,None,660000000,None,341000000,None,None,7869000000,None,None,314000000,None,None,None,0.396,,488000000,1408000000,6016000000,7528000000,None,None,None,,,,,1.846,5.82,6.28,,,,,,,,0.205,,16933000000,2025-11-05,quarterly,0.49,USD,post-market,None,521000000,0.0454,0.169,0.083,9.49,480300000,7952000000,83000000,None,59.36,59.92,-5.7692,31216000000,9936000000,9084000000,22957000000,21280000000,14480000000,9781000000,7652000000,30.84,-932000000,65.01,50.3
2025-12-28,WMB,1.93,11582000000.0,30.84,None,0.637,10.22,,None,2240000000,2240000000,,,,,,,,,609000000,598627000,None,7885000000,7885000000,1285000000,None,None,1334000000,None,None,740000000,,1.975,0.0332,,,,-0.085,-0.03,1434000000,2174000000,0.52,2008-03-31,25.58,1011000000,7091000000.0,1896000000,774000000,301000000,1011000000,1011000000,None,660000000,None,289000000,None,None,7799000000,None,None,314000000,None,None,None,0.396,,488000000,1408000000,3289000000,4294000000,None,None,None,,,,,1.846,5.82,6.28,,,,,,,,0.205,,16257000000,2025-11-05,quarterly,0.49,USD,post-market,None,148000000,0.0454,0.169,0.083,9.49,480300000,7884000000,85000000,None,59.36,59.92,-5.7692,27172000000,7152000000,5664000000,18788000000,20020000000,13707000000,9781000000,7801000000,30.84,-693000000,65.01,50.3
2025-12-28,WMB,1.93,11582000000.0,30.84,None,0.637,10.22,,None,1699000000,1699000000,,,,,,,,,608000000,598627000,None,7885000000,7885000000,1131000000,None,None,1192000000,None,None,740000000,,1.975,0.0332,,,,-0.085,-0.03,1434000000,2174000000,0.52,2007-12-31,25.58,1011000000,7091000000.0,1896000000,774000000,301000000,1011000000,1011000000,None,660000000,None,209000000,None,None,7757000000,None,None,314000000,None,None,None,0.396,,488000000,1408000000,2438000000,2913000000,None,None,None,,,,,1.846,5.82,6.28,,,,,,,,0.205,,15981000000,2025-11-05,quarterly,0.49,USD,post-market,None,-293000000,0.0454,0.169,0.083,9.49,480300000,7900000000,143000000,None,59.36,59.92,-5.7692,25061000000,5538000000,4431000000,18686000000,19523000000,14255000000,9781000000,6375000000,30.84,-567000000,65.01,50.3
2025-12-28,WMB,1.93,11582000000.0,30.84,None,0.637,10.22,,None,1551500000,1551500000,,,,,,,,,606100000,610651000,None,7885000000,7885000000,1020500000,None,None,955100000,None,None,740000000,,1.975,0.0332,,,,-0.085,-0.03,1434000000,2174000000,0.52,2007-09-30,25.58,1011400000,7091000000.0,1896000000,774000000,301000000,1011400000,1011400000,None,660000000,None,214500000,None,None,7424600000,None,None,314000000,None,None,None,0.396,,488000000,1408000000,3661200000,3816600000,None,None,None,,,,,1.846,5.82,6.28,,,,,,,,0.205,,15599900000,2025-11-05,quarterly,0.49,USD,post-market,None,-459600000,0.0454,0.169,0.083,9.49,480300000,7890200000,465600000,None,59.36,59.92,-5.7692,25836700000,6286200000,5302700000,18287700000,19550500000,14078400000,9781000000,6455600000,30.84,-275200000,65.01,50.3
2025-12-28,WMB,1.93,11582000000.0,30.84,None,0.637,10.22,,None,1833800000,1833800000,,,,,,,,,605400000,613172000,None,7885000000,7885000000,1038600000,None,None,1030600000,None,None,740000000,,1.975,0.0332,,,,-0.085,-0.03,1434000000,2174000000,0.52,2007-06-30,25.58,1011400000,7091000000.0,1896000000,774000000,301000000,1011400000,1011400000,None,660000000,None,223500000,None,None,7443200000,None,None,314000000,None,None,None,0.396,,488000000,1408000000,4214900000,4156700000,None,None,None,,,,,1.846,5.82,6.28,,,,,,,,0.205,,14928100000,2025-11-05,quarterly,0.49,USD,post-market,None,-598000000,0.0454,0.169,0.083,9.49,480300000,7911300000,468100000,None,59.36,59.92,-5.7692,26046100000,7208000000,5663400000,18537100000,18838100000,13959400000,9781000000,6423300000,30.84,-41200000,65.01,50.3
2025-12-28,WMB,1.93,11582000000.0,30.84,None,0.637,10.22,,None,1868300000,1868300000,,,,,,,,,604200000,611470000,None,7885000000,7885000000,1164100000,None,None,1271800000,None,None,740000000,,1.975,0.0332,,,,-0.085,-0.03,1434000000,2174000000,0.52,2007-03-31,25.58,1011400000,7091000000.0,1896000000,774000000,301000000,1011400000,1011400000,None,660000000,None,266100000,None,None,7507500000,None,None,314000000,None,None,None,0.396,,488000000,1408000000,3071600000,3480700000,None,None,None,,,,,1.846,5.82,6.28,,,,,,,,0.205,,14451000000,2025-11-05,quarterly,0.49,USD,post-market,None,-970900000,0.0454,0.169,0.083,9.49,480300000,7895200000,387700000,None,59.36,59.92,-5.7692,25936000000,6420700000,5032500000,18666900000,19515300000,14711800000,9781000000,6191700000,30.84,-41200000,65.01,50.3
2025-12-28,WMB,1.93,11582000000.0,30.84,None,0.637,10.22,,None,2360200000,2360200000,,,,,,,,,602800000,611470000,None,7885000000,7885000000,906000000,None,None,1212900000,None,None,740000000,,1.975,0.0332,,,,-0.085,-0.03,1434000000,2174000000,0.52,2006-12-31,25.58,1011400000,7091000000.0,1896000000,774000000,301000000,1011400000,1011400000,None,660000000,None,241400000,None,None,7622000000,None,None,314000000,None,None,None,0.396,,488000000,1408000000,2599100000,3163000000,None,None,None,,,,,1.846,5.82,6.28,,,,,,,,0.205,,14180700000,2025-11-05,quarterly,0.49,USD,post-market,None,-1034000000,0.0454,0.169,0.083,9.49,480300000,8014100000,392100000,91600000,59.36,59.92,-5.7692,25402400000,6322000000,4693600000,18248400000,19080400000,14635600000,9781000000,6073200000,30.84,-41200000,65.01,50.3
2025-12-28,WMB,1.93,11582000000.0,30.84,None,0.637,10.22,,None,1074600000,1074600000,,,,,,,,,601800000,609062000,None,7885000000,7885000000,1055000000,None,None,1232900000,None,None,740000000,,1.975,0.0332,,,,-0.085,-0.03,1434000000,2174000000,0.52,2006-09-30,25.58,1011400000,7091000000.0,1896000000,774000000,301000000,1011400000,1011400000,None,660000000,None,260200000,None,None,7275200000,None,None,314000000,None,None,None,0.396,,488000000,1408000000,3122300000,3554200000,None,None,None,,,,,1.846,5.82,6.28,,,,,,,,0.205,,13651800000,2025-11-05,quarterly,0.49,USD,post-market,None,-1125600000,0.0454,0.169,0.083,9.49,480300000,7417500000,142300000,79300000,59.36,59.92,-5.7692,24821500000,5690000000,4751500000,18311900000,19131500000,13998800000,9781000000,6071200000,30.84,-41200000,65.01,50.3
2025-12-28,WMB,1.93,11582000000.0,30.84,None,0.637,10.22,,None,980400000,980400000,,,,,,,,,601200000,595561000,None,7885000000,7885000000,971300000,None,None,1164900000,None,None,740000000,,1.975,0.0332,,,,-0.085,-0.03,1434000000,2174000000,0.52,2006-06-30,25.58,1014500000,7091000000.0,1896000000,774000000,301000000,1014500000,1014500000,None,660000000,None,307700000,None,None,7292600000,None,None,314000000,None,None,None,0.396,,488000000,1408000000,3970700000,4097600000,None,None,None,,,,,1.846,5.82,6.28,,,,,,,,0.205,,13004000000,2025-11-05,quarterly,0.49,USD,post-market,None,-1178300000,0.0454,0.169,0.083,9.49,480300000,7463300000,170700000,79700000,59.36,59.92,-5.7692,25617200000,6423700000,5239600000,19297000000,19193500000,14495300000,9781000000,5882300000,30.84,-41200000,65.01,50.3
2025-12-28,WMB,1.93,11582000000.0,30.84,None,0.637,10.22,,None,1115000000,1115000000,,,,,,,,,600700000,607073000,None,7885000000,7885000000,994400000,None,None,1173700000,None,None,740000000,,1.975,0.0332,,,,-0.085,-0.03,1434000000,2174000000,0.52,2006-03-31,25.58,1014500000,7091000000.0,1896000000,774000000,301000000,1014500000,1014500000,None,660000000,None,277800000,None,None,7252800000,None,None,314000000,None,None,None,0.396,,488000000,1408000000,4198300000,4385400000,None,None,None,,,,,1.846,5.82,6.28,,,,,,,,0.205,,12682500000,2025-11-05,quarterly,0.49,USD,post-market,None,-1048600000,0.0454,0.169,0.083,9.49,480300000,7428500000,175700000,80200000,59.36,59.92,-5.7692,26029000000,6764800000,5555500000,19890000000,19264200000,14548000000,9781000000,5925500000,30.84,-41200000,65.01,50.3
2025-12-28,WMB,1.93,11582000000.0,30.84,None,0.637,10.22,,None,1597200000,1597200000,,,,,,,,,579100000,607073000,None,7885000000,7885000000,1361000000,None,None,1613800000,None,None,740000000,,1.975,0.0332,,,,-0.085,-0.03,1434000000,2174000000,0.52,2005-12-31,25.58,1014500000,7091000000.0,1896000000,774000000,301000000,1014500000,1014500000,None,660000000,None,272600000,None,None,7590500000,None,None,314000000,None,None,None,0.396,,488000000,1408000000,6213700000,6966000000,None,None,None,,,,,1.846,5.82,6.28,,,,,,,,0.205,,12409200000,2025-11-05,quarterly,0.49,USD,post-market,None,-1135900000,0.0454,0.169,0.083,9.49,480300000,7713100000,122600000,92900000,59.36,59.92,-5.7692,29442600000,9697300000,8450200000,23801000000,19745300000,15564900000,9781000000,5427500000,30.84,-41200000,65.01,50.3
2025-12-28,WMB,1.93,11582000000.0,30.84,None,0.637,10.22,,None,1360500000,1360500000,,,,,,,,,578600000,580735000,None,7885000000,7885000000,1217000000,None,None,1490100000,None,None,740000000,,1.975,0.0332,,,,-0.085,-0.03,1434000000,2174000000,0.52,2005-09-30,25.58,1014500000,7091000000.0,1896000000,774000000,301000000,1014500000,1014500000,None,660000000,None,302800000,None,None,7598700000,None,None,314000000,None,None,None,0.396,,488000000,1408000000,9475400000,10494900000,None,None,None,,,,,1.846,5.82,6.28,,,,,,,,0.205,,12203000000,2025-11-05,quarterly,0.49,USD,post-market,None,-1159700000,0.0454,0.169,0.083,9.49,480300000,7721100000,122400000,48400000,59.36,59.92,-5.7692,33655800000,12628800000,11834300000,28295300000,21027000000,16667100000,9781000000,5154400000,30.84,-41200000,65.01,50.3
2025-12-28,WMB,1.93,11582000000.0,30.84,None,0.637,10.22,,26000000,60000000,60000000,,,,,,,,,1258000000,1222954000,None,7885000000,7885000000,1613000000,None,2175000000,1863000000,None,None,740000000,,1.975,0.0332,,,,-0.085,-0.03,1434000000,2174000000,0.52,2024-12-31,25.58,466000000,7091000000.0,1896000000,774000000,301000000,6743000000,6743000000,None,660000000,None,279000000,None,None,24736000000,None,4140000000,314000000,None,None,None,0.396,,488000000,1408000000,459000000,1328000000,None,5268000000,None,,,,,1.846,5.82,6.28,,,,,,,,0.205,,38846000000,2025-11-05,annual,0.49,USD,post-market,None,-12396000000,0.0454,0.169,0.083,9.49,480300000,27079000000,2201000000,None,59.36,59.92,-5.7692,54532000000,2661000000,5312000000,39692000000,51871000000,34380000000,9781000000,12436000000,30.84,None,65.01,50.3
2025-12-28,WMB,1.93,11582000000.0,30.84,None,0.637,10.22,,24000000,2150000000,2150000000,,,,,,,,,1256000000,1222715000,None,7885000000,7885000000,1379000000,None,3062000000,1655000000,None,None,740000000,,1.975,0.0332,,,,-0.085,-0.03,1434000000,2174000000,0.52,2023-12-31,25.58,463000000,7091000000.0,1896000000,774000000,301000000,7130000000,7130000000,None,660000000,None,274000000,None,None,23376000000,None,4637000000,314000000,None,None,None,0.396,,488000000,1408000000,434000000,1206000000,None,4684000000,None,,,,,1.846,5.82,6.28,,,,,,,,0.205,,34470000000,2025-11-05,annual,0.49,USD,post-market,None,-12287000000,0.0454,0.169,0.083,9.49,480300000,26462000000,3086000000,None,59.36,59.92,-5.7692,52627000000,4513000000,5830000000,37736000000,48114000000,31906000000,9781000000,12402000000,30.84,None,65.01,50.3
2025-12-28,WMB,1.93,11582000000.0,30.84,None,0.637,10.22,,25000000,152000000,152000000,,,,,,,,,1253000000,1222672000,None,7885000000,7885000000,2327000000,None,977000000,2723000000,None,None,740000000,,1.975,0.0332,,,,-0.085,-0.03,1434000000,2174000000,0.52,2022-12-31,25.58,None,7091000000.0,1896000000,774000000,301000000,7363000000,7363000000,None,660000000,None,320000000,None,None,21927000000,None,5065000000,314000000,None,None,None,0.396,,488000000,1408000000,602000000,1420000000,None,4684000000,None,,,,,1.846,5.82,6.28,,,,,,,,0.205,,30889000000,2025-11-05,annual,0.49,USD,post-market,None,-13271000000,0.0454,0.169,0.083,9.49,480300000,22904000000,1002000000,None,59.36,59.92,-5.7692,48433000000,3797000000,4890000000,34388000000,44636000000,29498000000,9781000000,11485000000,30.84,None,65.01,50.3
2025-12-28,WMB,1.93,11582000000.0,30.84,None,0.637,10.22,,23000000,1680000000,1680000000,,,,,,,,,1250000000,1218215000,None,7885000000,7885000000,1746000000,None,2025000000,1978000000,None,None,740000000,,1.975,0.0332,,,,-0.085,-0.03,1434000000,2174000000,0.52,2021-12-31,25.58,None,7091000000.0,1896000000,774000000,301000000,7402000000,7402000000,None,660000000,None,379000000,None,None,21650000000,None,5127000000,314000000,None,None,None,0.396,,488000000,1408000000,512000000,1044000000,None,4436000000,None,,,,,1.846,5.82,6.28,,,,,,,,0.205,,29258000000,2025-11-05,annual,0.49,USD,post-market,None,-13237000000,0.0454,0.169,0.083,9.49,480300000,23675000000,2048000000,None,59.36,59.92,-5.7692,47612000000,4549000000,4972000000,33511000000,43063000000,28539000000,9781000000,11423000000,30.84,-1041000000,65.01,50.3
2025-12-28,WMB,1.93,11582000000.0,30.84,None,0.637,10.22,,28000000,142000000,142000000,,,,,,,,,1248000000,1215165000,None,7885000000,7885000000,482000000,None,893000000,999000000,None,None,740000000,,1.975,0.0332,,,,-0.085,-0.03,1434000000,2174000000,0.52,2020-12-31,25.58,None,7091000000.0,1896000000,774000000,301000000,7444000000,7444000000,None,660000000,None,136000000,None,None,21451000000,None,5159000000,314000000,None,None,None,0.396,,488000000,1408000000,152000000,787000000,None,3889000000,None,,,,,1.846,5.82,6.28,,,,,,,,0.205,,28929000000,2025-11-05,annual,0.49,USD,post-market,None,-12748000000,0.0454,0.169,0.083,9.49,480300000,22344000000,921000000,5159000000,59.36,59.92,-5.7692,44165000000,1429000000,2319000000,29582000000,42736000000,27263000000,9781000000,11769000000,30.84,-1041000000,65.01,50.3
2025-12-28,WMB,1.93,11582000000.0,30.84,None,0.637,10.22,,21000000,289000000,289000000,,,,,,,,,1247000000,1214011000,None,7885000000,7885000000,552000000,None,2140000000,996000000,None,None,740000000,,1.975,0.0332,,,,-0.085,-0.03,1434000000,2174000000,0.52,2019-12-31,25.58,188000000,7091000000.0,1896000000,774000000,301000000,7771000000,7771000000,None,660000000,None,125000000,None,None,20148000000,None,6235000000,314000000,None,None,None,0.396,,488000000,1408000000,170000000,1097000000,None,3778000000,None,,,,,1.846,5.82,6.28,,,,,,,,0.205,,29200000000,2025-11-05,annual,0.49,USD,post-market,None,-11002000000,0.0454,0.169,0.083,9.49,480300000,22288000000,2161000000,None,59.36,59.92,-5.7692,46040000000,1580000000,3968000000,29676000000,44460000000,25708000000,9781000000,13363000000,30.84,-1041000000,65.01,50.3
2025-12-28,WMB,1.93,11582000000.0,30.84,None,0.637,10.22,,None,168000000,168000000,,,,,,,,,1245000000,973626000,None,7885000000,7885000000,662000000,None,47000000,992000000,None,None,740000000,,1.975,0.0332,,,,-0.085,-0.03,1434000000,2174000000,0.52,2018-12-31,25.58,None,7091000000.0,1896000000,774000000,301000000,7767000000,7767000000,None,660000000,None,130000000,None,None,22367000000,None,7821000000,314000000,None,None,None,0.396,,488000000,1408000000,174000000,858000000,None,3603000000,None,,,,,1.846,5.82,6.28,,,,,,,,0.205,,27504000000,2025-11-05,annual,0.49,USD,post-market,None,-10002000000,0.0454,0.169,0.083,9.49,480300000,22414000000,47000000,None,59.36,59.92,-5.7692,45302000000,1464000000,1811000000,29305000000,43838000000,27494000000,9781000000,14660000000,30.84,-1041000000,65.01,50.3
2025-12-28,WMB,1.93,11582000000.0,30.84,None,0.637,10.22,,None,899000000,899000000,,,,,,,,,861000000,828518000,None,7885000000,7885000000,978000000,None,501000000,976000000,None,None,740000000,,1.975,0.0332,,,,-0.085,-0.03,1434000000,2174000000,0.52,2017-12-31,25.58,47000000,7091000000.0,1896000000,774000000,301000000,8744000000,8744000000,None,660000000,None,113000000,None,None,20434000000,None,6552000000,314000000,None,None,None,0.396,,488000000,1408000000,191000000,743000000,None,3950000000,None,,,,,1.846,5.82,6.28,,,,,,,,0.205,,28211000000,2025-11-05,annual,0.49,USD,post-market,None,-8434000000,0.0454,0.169,0.083,9.49,480300000,20935000000,501000000,0,59.36,59.92,-5.7692,46352000000,2179000000,2646000000,30177000000,44173000000,27531000000,9781000000,9656000000,30.84,-1041000000,65.01,50.3
2025-12-28,WMB,1.93,11582000000.0,30.84,None,0.637,10.22,,None,170000000,170000000,,,,,,,,,785000000,750673000,None,7885000000,7885000000,623000000,None,878000000,938000000,None,None,740000000,,1.975,0.0332,,,,-0.085,-0.03,1434000000,2174000000,0.52,2016-12-31,25.58,47000000,7091000000.0,1896000000,774000000,301000000,9616000000,9616000000,None,660000000,None,138000000,None,None,22624000000,None,6701000000,314000000,None,None,None,0.396,,488000000,1408000000,216000000,1055000000,None,2978000000,None,,,,,1.846,5.82,6.28,,,,,,,,0.205,,28428000000,2025-11-05,annual,0.49,USD,post-market,None,-9649000000,0.0454,0.169,0.083,9.49,480300000,23502000000,878000000,0,59.36,59.92,-5.7692,46835000000,1462000000,2949000000,32789000000,45373000000,29840000000,9781000000,4643000000,30.84,-1041000000,65.01,50.3
2025-12-28,WMB,1.93,11582000000.0,30.84,None,0.637,10.22,,None,100000000,100000000,,,,,,,,,784000000,749271000,None,7885000000,7885000000,744000000,None,175000000,1041000000,None,None,740000000,,1.975,0.0332,,,,-0.085,-0.03,1434000000,2174000000,0.52,2015-12-31,25.58,47000000,7091000000.0,1896000000,774000000,301000000,9970000000,9970000000,None,660000000,None,127000000,None,None,23812000000,None,7336000000,314000000,None,None,None,0.396,,488000000,1408000000,259000000,984000000,None,2268000000,None,,,,,1.846,5.82,6.28,,,,,,,,0.205,,29579000000,2025-11-05,annual,0.49,USD,post-market,None,-7960000000,0.0454,0.169,0.083,9.49,480300000,24487000000,675000000,0,59.36,59.92,-5.7692,49020000000,1527000000,2497000000,32795000000,47493000000,30298000000,9781000000,6148000000,30.84,-1041000000,65.01,50.3
2025-12-28,WMB,1.93,11582000000.0,30.84,None,0.637,10.22,,None,240000000,240000000,,,,,,,,,782000000,747000000,None,7885000000,7885000000,865000000,None,21582000000,1139000000,None,None,740000000,,1.975,0.0332,,,,-0.085,-0.03,1434000000,2174000000,0.52,2014-12-31,25.58,1120000000,7091000000.0,1896000000,774000000,301000000,10453000000,10453000000,None,660000000,None,231000000,None,None,20888000000,None,8400000000,314000000,None,None,None,0.396,,488000000,1408000000,280000000,818000000,None,2224000000,None,,,,,1.846,5.82,6.28,,,,,,,,0.205,,28081000000,2025-11-05,annual,0.49,USD,post-market,None,-5548000000,0.0454,0.169,0.083,9.49,480300000,21690000000,802000000,0,59.36,59.92,-5.7692,50563000000,1890000000,2567000000,30391000000,48673000000,27824000000,9781000000,8777000000,30.84,-1041000000,65.01,50.3
2025-12-28,WMB,1.93,11582000000.0,30.84,None,0.637,10.22,,None,681000000,681000000,,,,,,,,,718000000,687185000,None,7885000000,7885000000,960000000,None,None,674000000,None,None,740000000,,1.975,0.0332,,,,-0.085,-0.03,1434000000,2174000000,0.52,2013-12-31,25.58,646000000,7091000000.0,1896000000,774000000,301000000,1644000000,1644000000,None,660000000,None,194000000,None,None,11353000000,None,4360000000,314000000,None,None,None,0.396,,488000000,1408000000,134000000,750000000,None,1356000000,None,,,,,1.846,5.82,6.28,,,,,,,,0.205,,18210000000,2025-11-05,annual,0.49,USD,post-market,None,-6248000000,0.0454,0.169,0.083,9.49,480300000,11579000000,226000000,0,59.36,59.92,-5.7692,27142000000,1683000000,1983000000,18221000000,25459000000,16238000000,9781000000,4864000000,30.84,-1041000000,65.01,50.3
2025-12-28,WMB,1.93,11582000000.0,30.84,None,0.637,10.22,,None,839000000,839000000,,,,,,,,,716000000,681000000,None,7885000000,7885000000,920000000,None,None,688000000,None,None,740000000,,1.975,0.0332,,,,-0.085,-0.03,1434000000,2174000000,0.52,2012-12-31,25.58,649000000,7091000000.0,1896000000,774000000,301000000,1704000000,1704000000,None,660000000,None,175000000,None,None,10735000000,None,3987000000,314000000,None,None,None,0.396,,488000000,1408000000,222000000,628000000,None,1775000000,None,,,,,1.846,5.82,6.28,,,,,,,,0.205,,15467000000,2025-11-05,annual,0.49,USD,post-market,None,-5695000000,0.0454,0.169,0.083,9.49,480300000,10736000000,1000000,0,59.36,59.92,-5.7692,24327000000,1924000000,1549000000,16900000000,22403000000,15351000000,9781000000,4752000000,30.84,-1041000000,65.01,50.3
2025-12-28,WMB,1.93,11582000000.0,30.84,None,0.637,10.22,,None,889000000,889000000,,,,,,,,,626000000,598175000,None,7885000000,7885000000,691000000,None,None,637000000,None,None,740000000,,1.975,0.0332,,,,-0.085,-0.03,1434000000,2174000000,0.52,2011-12-31,25.58,0,7091000000.0,1896000000,774000000,301000000,44000000,44000000,None,660000000,None,169000000,None,None,8369000000,None,None,314000000,None,None,None,0.396,,488000000,1408000000,199000000,607000000,None,1715000000,None,,,,,1.846,5.82,6.28,,,,,,,,0.205,,12580000000,2025-11-05,annual,0.49,USD,post-market,None,-5820000000,0.0454,0.169,0.083,9.49,480300000,8722000000,353000000,0,59.36,59.92,-5.7692,16502000000,1894000000,1675000000,13916000000,14608000000,12241000000,9781000000,1296000000,30.84,-1041000000,65.01,50.3
2025-12-28,WMB,1.93,11582000000.0,30.84,None,0.637,10.22,,None,795000000,795000000,,,,,,,,,620000000,585000000,None,7885000000,7885000000,918000000,None,None,859000000,None,None,740000000,,1.975,0.0332,,,,-0.085,-0.03,1434000000,2174000000,0.52,2010-12-31,25.58,8000000,7091000000.0,1896000000,774000000,301000000,8000000,8000000,None,660000000,None,303000000,None,None,8600000000,None,None,314000000,None,None,None,0.396,,488000000,1408000000,173000000,1722000000,None,1588000000,None,,,,,1.846,5.82,6.28,,,,,,,,0.205,,20272000000,2025-11-05,annual,0.49,USD,post-market,None,-478000000,0.0454,0.169,0.083,9.49,480300000,9108000000,508000000,0,59.36,59.92,-5.7692,24972000000,2530000000,2574000000,16353000000,22442000000,13779000000,9781000000,7288000000,30.84,-1041000000,65.01,50.3
2025-12-28,WMB,1.93,11582000000.0,30.84,None,0.637,10.22,,None,1867000000,1867000000,,,,,,,,,618000000,589385000,None,7885000000,7885000000,934000000,None,None,829000000,None,None,740000000,,1.975,0.0332,,,,-0.085,-0.03,1434000000,2174000000,0.52,2009-12-31,25.58,1011000000,7091000000.0,1896000000,774000000,301000000,1011000000,1011000000,None,660000000,None,222000000,None,None,8259000000,None,886000000,314000000,None,None,None,0.396,,488000000,1408000000,875000000,1638000000,None,1441000000,None,,,,,1.846,5.82,6.28,,,,,,,,0.205,,18644000000,2025-11-05,annual,0.49,USD,post-market,None,903000000,0.0454,0.169,0.083,9.49,480300000,8276000000,17000000,0,59.36,59.92,-5.7692,25280000000,3793000000,2477000000,16261000000,21487000000,13784000000,9781000000,8447000000,30.84,-1041000000,65.01,50.3
2025-12-28,WMB,1.93,11582000000.0,30.84,None,0.637,10.22,,None,1439000000,1439000000,,,,,,,,,613000000,592719000,None,7885000000,7885000000,1052000000,None,None,941000000,None,None,740000000,,1.975,0.0332,,,,-0.085,-0.03,1434000000,2174000000,0.52,2008-12-31,25.58,1011000000,7091000000.0,1896000000,774000000,301000000,1011000000,1011000000,None,660000000,None,260000000,None,None,7683000000,None,None,314000000,None,None,None,0.396,,488000000,1408000000,1771000000,2061000000,None,None,None,,,,,1.846,5.82,6.28,,,,,,,,0.205,,18065000000,2025-11-05,annual,0.49,USD,post-market,None,874000000,0.0454,0.169,0.083,9.49,480300000,7879000000,196000000,None,59.36,59.92,-5.7692,26006000000,4411000000,3519000000,17566000000,21595000000,14047000000,9781000000,8440000000,30.84,-1041000000,65.01,50.3
2025-12-28,WMB,1.93,11582000000.0,30.84,None,0.637,10.22,,None,1699000000,1699000000,,,,,,,,,608000000,609866000,None,7885000000,7885000000,1131000000,None,None,1192000000,None,None,740000000,,1.975,0.0332,,,,-0.085,-0.03,1434000000,2174000000,0.52,2007-12-31,25.58,1011000000,7091000000.0,1896000000,774000000,301000000,1011000000,1011000000,None,660000000,None,209000000,None,None,7757000000,None,None,314000000,None,None,None,0.396,,488000000,1408000000,2438000000,2913000000,None,None,None,,,,,1.846,5.82,6.28,,,,,,,,0.205,,15981000000,2025-11-05,annual,0.49,USD,post-market,None,-293000000,0.0454,0.169,0.083,9.49,480300000,7900000000,143000000,None,59.36,59.92,-5.7692,25061000000,5538000000,4431000000,18686000000,19523000000,14255000000,9781000000,6375000000,30.84,-567000000,65.01,50.3
2025-12-28,WMB,1.93,11582000000.0,30.84,None,0.637,10.22,,None,2360200000,2360200000,,,,,,,,,602800000,608627000,None,7885000000,7885000000,1148500000,None,None,1212900000,None,None,740000000,,1.975,0.0332,,,,-0.085,-0.03,1434000000,2174000000,0.52,2006-12-31,25.58,1011400000,7091000000.0,1896000000,774000000,301000000,1011400000,1011400000,None,660000000,None,241400000,None,None,7622000000,None,None,314000000,None,None,None,0.396,,488000000,1408000000,2599100000,3153500000,None,None,None,,,,,1.846,5.82,6.28,,,,,,,,0.205,,14180700000,2025-11-05,annual,0.49,USD,post-market,None,-1034000000,0.0454,0.169,0.083,9.49,480300000,8014100000,392100000,91600000,59.36,59.92,-5.7692,25402400000,6322000000,4693600000,18248400000,19080400000,14635600000,9781000000,6073200000,30.84,-41200000,65.01,50.3
2025-12-28,WMB,1.93,11582000000.0,30.84,None,0.637,10.22,,None,1597200000,1597200000,,,,,,,,,579100000,605847000,None,7885000000,7885000000,1360600000,None,None,1613800000,None,None,740000000,,1.975,0.0332,,,,-0.085,-0.03,1434000000,2174000000,0.52,2005-12-31,25.58,1014500000,7091000000.0,1896000000,774000000,301000000,1014500000,1014500000,None,660000000,None,272600000,None,None,7590500000,None,None,314000000,None,None,None,0.396,,488000000,1408000000,471900000,7024200000,None,None,None,,,,,1.846,5.82,6.28,,,,,,,,0.205,,12409200000,2025-11-05,annual,0.49,USD,post-market,None,-1135900000,0.0454,0.169,0.083,9.49,480300000,7713100000,122600000,92900000,59.36,59.92,-5.7692,29442600000,9697300000,8450200000,23801000000,19745300000,15564900000,9781000000,5427500000,30.84,-41200000,65.01,50.3
2025-12-28,WMB,1.93,11582000000.0,30.84,None,0.637,10.22,954000000,None,1597200000,1597200000,-1250000000,-1022000000,None,None,66000000,None,None,None,579100000,605847000,None,7885000000,7885000000,1360600000,None,None,1613800000,None,None,740000000,564000000,1.975,0.0332,611000000,611000000,None,-0.085,-0.03,1434000000,2174000000,0.52,2025-09-30,25.58,1014500000,7091000000.0,1896000000,774000000,301000000,1014500000,1014500000,None,660000000,None,272600000,None,None,7590500000,None,None,683000000,None,None,None,0.396,1439000000,488000000,1408000000,471900000,7024200000,None,None,None,None,None,None,None,1.846,5.82,6.28,None,None,None,None,None,9000000,None,0.205,None,12409200000,2025-11-05,quarterly,0.49,USD,post-market,None,-1135900000,0.0454,0.169,0.083,9.49,480300000,7713100000,122600000,92900000,59.36,59.92,-5.7692,29442600000,9697300000,8450200000,23801000000,19745300000,15564900000,9781000000,5427500000,30.84,-41200000,65.01,50.3
2025-12-28,WMB,1.93,11582000000.0,30.84,None,0.637,10.22,972000000,None,1597200000,1597200000,363000000,-1010000000,None,None,-89000000,None,None,None,579100000,605847000,None,7885000000,7885000000,1360600000,None,None,1613800000,None,None,740000000,605000000,1.975,0.0332,611000000,611000000,None,-0.085,-0.03,1434000000,2174000000,0.52,2025-06-30,25.58,1014500000,7091000000.0,1896000000,774000000,301000000,1014500000,1014500000,None,660000000,None,272600000,None,None,7590500000,None,None,583000000,None,None,None,0.396,1450000000,488000000,1408000000,471900000,7024200000,None,None,None,None,None,None,None,1.846,5.82,6.28,None,None,None,None,None,5000000,None,0.205,None,12409200000,2025-11-05,quarterly,0.49,USD,post-market,None,-1135900000,0.0454,0.169,0.083,9.49,480300000,7713100000,122600000,92900000,59.36,59.92,-5.7692,29442600000,9697300000,8450200000,23801000000,19745300000,15564900000,9781000000,5427500000,30.84,-41200000,65.01,50.3
2025-12-28,WMB,1.93,11582000000.0,30.84,None,0.637,10.22,1012000000,None,1597200000,1597200000,-223000000,-1170000000,None,None,28000000,None,None,None,579100000,605847000,None,7885000000,7885000000,1360600000,None,None,1613800000,None,None,740000000,585000000,1.975,0.0332,610000000,610000000,None,-0.085,-0.03,1434000000,2174000000,0.52,2025-03-31,25.58,1014500000,7091000000.0,1896000000,774000000,301000000,1014500000,1014500000,None,660000000,None,272600000,None,None,7590500000,None,None,729000000,None,None,None,0.396,1433000000,488000000,1408000000,471900000,7024200000,None,None,None,None,None,None,None,1.846,5.82,6.28,None,None,None,None,None,5000000,None,0.205,None,12409200000,2025-11-05,quarterly,0.49,USD,post-market,None,-1135900000,0.0454,0.169,0.083,9.49,480300000,7713100000,122600000,92900000,59.36,59.92,-5.7692,29442600000,9697300000,8450200000,23801000000,19745300000,15564900000,9781000000,5427500000,30.84,-41200000,65.01,50.3
2025-12-28,WMB,1.93,11582000000.0,30.84,None,0.637,10.22,800000000,None,1597200000,1597200000,-850000000,-1070000000,None,None,-3000000,None,None,None,579100000,605847000,None,7885000000,7885000000,1360600000,None,None,1613800000,None,None,740000000,565000000,1.975,0.0332,579000000,579000000,None,-0.085,-0.03,1434000000,2174000000,0.52,2024-12-31,25.58,1014500000,7091000000.0,1896000000,774000000,301000000,1014500000,1014500000,None,660000000,None,272600000,None,None,7590500000,None,None,517000000,None,None,None,0.396,1218000000,488000000,1408000000,471900000,7024200000,None,None,None,None,None,None,None,1.846,5.82,6.28,None,None,None,None,None,10000000,None,0.205,None,12409200000,2025-11-05,quarterly,0.49,USD,post-market,None,-1135900000,0.0454,0.169,0.083,9.49,480300000,7713100000,122600000,92900000,59.36,59.92,-5.7692,29442600000,9697300000,8450200000,23801000000,19745300000,15564900000,9781000000,5427500000,30.84,-41200000,65.01,50.3
2025-12-28,WMB,1.93,11582000000.0,30.84,None,0.637,10.22,682000000,None,1597200000,1597200000,237000000,-773000000,None,None,11000000,None,None,None,579100000,605847000,None,7885000000,7885000000,1360600000,None,None,1613800000,None,None,740000000,527000000,1.975,0.0332,579000000,579000000,None,-0.085,-0.03,1434000000,2174000000,0.52,2024-09-30,25.58,1014500000,7091000000.0,1896000000,774000000,301000000,1014500000,1014500000,None,660000000,None,272600000,None,None,7590500000,None,None,796000000,None,None,None,0.396,1243000000,488000000,1408000000,471900000,7024200000,None,None,None,None,None,None,None,1.846,5.82,6.28,None,None,None,None,None,8000000,None,0.205,None,12409200000,2025-11-05,quarterly,0.49,USD,post-market,None,-1135900000,0.0454,0.169,0.083,9.49,480300000,7713100000,122600000,92900000,59.36,59.92,-5.7692,29442600000,9697300000,8450200000,23801000000,19745300000,15564900000,9781000000,5427500000,30.84,-41200000,65.01,50.3
2025-12-28,WMB,1.93,11582000000.0,30.84,None,0.637,10.22,579000000,None,1597200000,1597200000,-1281000000,-610000000,None,None,-37000000,None,None,None,579100000,605847000,None,7885000000,7885000000,1360600000,None,None,1613800000,None,None,740000000,540000000,1.975,0.0332,579000000,579000000,None,-0.085,-0.03,1434000000,2174000000,0.52,2024-06-30,25.58,1014500000,7091000000.0,1896000000,774000000,301000000,1014500000,1014500000,None,660000000,None,272600000,None,None,7590500000,None,None,401000000,None,None,None,0.396,1279000000,488000000,1408000000,471900000,7024200000,None,None,None,None,None,None,None,1.846,5.82,6.28,None,None,None,None,None,0,None,0.205,None,12409200000,2025-11-05,quarterly,0.49,USD,post-market,None,-1135900000,0.0454,0.169,0.083,9.49,480300000,7713100000,122600000,92900000,59.36,59.92,-5.7692,29442600000,9697300000,8450200000,23801000000,19745300000,15564900000,9781000000,5427500000,30.84,-41200000,65.01,50.3
2025-12-28,WMB,1.93,11582000000.0,30.84,None,0.637,10.22,544000000,None,1597200000,1597200000,-281000000,-2436000000,None,None,34000000,None,None,None,579100000,605847000,None,7885000000,7885000000,1360600000,None,None,1613800000,None,None,740000000,548000000,1.975,0.0332,579000000,579000000,None,-0.085,-0.03,1434000000,2174000000,0.52,2024-03-31,25.58,1014500000,7091000000.0,1896000000,774000000,301000000,1014500000,1014500000,None,660000000,None,272600000,None,None,7590500000,None,None,632000000,None,None,None,0.396,1234000000,488000000,1408000000,471900000,7024200000,None,None,None,None,None,None,None,1.846,5.82,6.28,None,None,None,None,None,0,None,0.205,None,12409200000,2025-11-05,quarterly,0.49,USD,post-market,None,-1135900000,0.0454,0.169,0.083,9.49,480300000,7713100000,122600000,92900000,59.36,59.92,-5.7692,29442600000,9697300000,8450200000,23801000000,19745300000,15564900000,9781000000,5427500000,30.84,-41200000,65.01,50.3
2025-12-28,WMB,1.93,11582000000.0,30.84,None,0.637,10.22,689000000,None,1597200000,1597200000,-477000000,-1260000000,None,None,-16000000,None,None,None,579100000,605847000,None,7885000000,7885000000,1360600000,None,None,1613800000,None,None,740000000,529000000,1.975,0.0332,544000000,544000000,None,-0.085,-0.03,1434000000,2174000000,0.52,2023-12-31,25.58,1014500000,7091000000.0,1896000000,774000000,301000000,1014500000,1014500000,None,660000000,None,272600000,None,None,7590500000,None,None,1146000000,None,None,None,0.396,1813000000,488000000,1408000000,471900000,7024200000,None,None,None,None,None,None,None,1.846,5.82,6.28,None,None,None,None,None,-2000000,None,0.205,None,12409200000,2025-11-05,quarterly,0.49,USD,post-market,None,-1135900000,0.0454,0.169,0.083,9.49,480300000,7713100000,122600000,92900000,59.36,59.92,-5.7692,29442600000,9697300000,8450200000,23801000000,19745300000,15564900000,9781000000,5427500000,30.84,-41200000,65.01,50.3
2025-12-28,WMB,1.93,11582000000.0,30.84,None,0.637,10.22,702000000,None,1597200000,1597200000,632000000,-2631000000,None,None,-12000000,None,None,None,579100000,605847000,None,7885000000,7885000000,1360600000,None,None,1613800000,None,None,740000000,521000000,1.975,0.0332,544000000,544000000,None,-0.085,-0.03,1434000000,2174000000,0.52,2023-09-30,25.58,1014500000,7091000000.0,1896000000,774000000,301000000,1014500000,1014500000,None,660000000,None,272600000,None,None,7590500000,None,None,684000000,None,None,None,0.396,1234000000,488000000,1408000000,471900000,7024200000,None,None,None,None,None,None,None,1.846,5.82,6.28,None,None,None,None,None,1251000000,None,0.205,None,12409200000,2025-11-05,quarterly,0.49,USD,post-market,None,-1135900000,0.0454,0.169,0.083,9.49,480300000,7713100000,122600000,92900000,59.36,59.92,-5.7692,29442600000,9697300000,8450200000,23801000000,19745300000,15564900000,9781000000,5427500000,30.84,-41200000,65.01,50.3
2025-12-28,WMB,1.93,11582000000.0,30.84,None,0.637,10.22,624000000,None,1597200000,1597200000,-654000000,-649000000,74000000,None,14000000,None,None,154000000,579100000,605847000,None,7885000000,7885000000,1360600000,None,None,1613800000,None,None,740000000,515000000,1.975,0.0332,545000000,545000000,None,-0.085,-0.03,1434000000,2174000000,0.52,2023-06-30,25.58,1014500000,7091000000.0,1896000000,774000000,301000000,1014500000,1014500000,None,660000000,None,272600000,None,None,7590500000,None,None,494000000,None,None,None,0.396,1377000000,488000000,1408000000,471900000,7024200000,None,None,None,None,None,None,None,1.846,5.82,6.28,None,None,None,None,None,-56000000,None,0.205,None,12409200000,2025-11-05,quarterly,0.49,USD,post-market,None,-1135900000,0.0454,0.169,0.083,9.49,480300000,7713100000,122600000,92900000,59.36,59.92,-5.7692,29442600000,9697300000,8450200000,23801000000,19745300000,15564900000,9781000000,5427500000,30.84,-41200000,65.01,50.3
2025-12-28,WMB,1.93,11582000000.0,30.84,None,0.637,10.22,552000000,None,1597200000,1597200000,450000000,-1639000000,325000000,None,27000000,None,None,1269000000,579100000,605847000,None,7885000000,7885000000,1360600000,None,None,1613800000,None,None,740000000,506000000,1.975,0.0332,546000000,546000000,None,-0.085,-0.03,1434000000,2174000000,0.52,2023-03-31,25.58,1014500000,7091000000.0,1896000000,774000000,301000000,1014500000,1014500000,None,660000000,None,272600000,None,None,7590500000,None,None,957000000,None,None,None,0.396,1514000000,488000000,1408000000,471900000,7024200000,None,None,None,None,None,None,None,1.846,5.82,6.28,None,None,None,None,None,-74000000,None,0.205,None,12409200000,2025-11-05,quarterly,0.49,USD,post-market,None,-1135900000,0.0454,0.169,0.083,9.49,480300000,7713100000,122600000,92900000,59.36,59.92,-5.7692,29442600000,9697300000,8450200000,23801000000,19745300000,15564900000,9781000000,5427500000,30.84,-41200000,65.01,50.3
2025-12-28,WMB,1.93,11582000000.0,30.84,None,0.637,10.22,817000000,None,1597200000,1597200000,-1086000000,-3375000000,None,None,-34000000,None,None,None,579100000,605847000,None,7885000000,7885000000,1360600000,None,None,1613800000,None,None,740000000,505000000,1.975,0.0332,518000000,518000000,None,-0.085,-0.03,1434000000,2174000000,0.52,2022-12-31,25.58,1014500000,7091000000.0,1896000000,774000000,301000000,1014500000,1014500000,None,660000000,None,272600000,None,None,7590500000,None,None,697000000,None,None,None,0.396,1219000000,488000000,1408000000,471900000,7024200000,None,None,None,None,None,None,None,1.846,5.82,6.28,None,None,None,None,None,54000000,None,0.205,None,12409200000,2025-11-05,quarterly,0.49,USD,post-market,None,-1135900000,0.0454,0.169,0.083,9.49,480300000,7713100000,122600000,92900000,59.36,59.92,-5.7692,29442600000,9697300000,8450200000,23801000000,19745300000,15564900000,9781000000,5427500000,30.84,-41200000,65.01,50.3
2025-12-28,WMB,1.93,11582000000.0,30.84,None,0.637,10.22,849000000,None,1597200000,1597200000,119000000,-883000000,None,None,-77000000,None,None,None,579100000,605847000,None,7885000000,7885000000,1360600000,None,None,1613800000,None,None,740000000,500000000,1.975,0.0332,518000000,518000000,None,-0.085,-0.03,1434000000,2174000000,0.52,2022-09-30,25.58,1014500000,7091000000.0,1896000000,774000000,301000000,1014500000,1014500000,None,660000000,None,272600000,None,None,7590500000,None,None,621000000,None,None,None,0.396,1490000000,488000000,1408000000,471900000,7024200000,None,None,None,None,None,None,None,1.846,5.82,6.28,None,None,None,None,None,-9000000,None,0.205,None,12409200000,2025-11-05,quarterly,0.49,USD,post-market,None,-1135900000,0.0454,0.169,0.083,9.49,480300000,7713100000,122600000,92900000,59.36,59.92,-5.7692,29442600000,9697300000,8450200000,23801000000,19745300000,15564900000,9781000000,5427500000,30.84,-41200000,65.01,50.3
2025-12-28,WMB,1.93,11582000000.0,30.84,None,0.637,10.22,320000000,None,1597200000,1597200000,-282000000,-1287000000,-471000000,None,-177000000,None,None,-794000000,579100000,605847000,None,7885000000,7885000000,1360600000,None,None,1613800000,None,None,740000000,519000000,1.975,0.0332,517000000,517000000,None,-0.085,-0.03,1434000000,2174000000,0.52,2022-06-30,25.58,1014500000,7091000000.0,1896000000,774000000,301000000,1014500000,1014500000,None,660000000,None,272600000,None,None,7590500000,None,None,400000000,None,None,None,0.396,1098000000,488000000,1408000000,471900000,7024200000,None,None,None,None,None,None,None,1.846,5.82,6.28,None,None,None,None,None,566000000,None,0.205,None,12409200000,2025-11-05,quarterly,0.49,USD,post-market,None,-1135900000,0.0454,0.169,0.083,9.49,480300000,7713100000,122600000,92900000,59.36,59.92,-5.7692,29442600000,9697300000,8450200000,23801000000,19745300000,15564900000,9781000000,5427500000,30.84,-41200000,65.01,50.3
2025-12-28,WMB,1.93,11582000000.0,30.84,None,0.637,10.22,297000000,None,1597200000,1597200000,-1798000000,-357000000,-1076000000,None,178000000,None,None,-3000000,579100000,605847000,None,7885000000,7885000000,1360600000,None,None,1613800000,None,None,740000000,509000000,1.975,0.0332,518000000,518000000,None,-0.085,-0.03,1434000000,2174000000,0.52,2022-03-31,25.58,1014500000,7091000000.0,1896000000,774000000,301000000,1014500000,1014500000,None,660000000,None,272600000,None,None,7590500000,None,None,380000000,None,None,None,0.396,1082000000,488000000,1408000000,471900000,7024200000,None,None,None,None,None,None,None,1.846,5.82,6.28,None,None,None,None,None,40000000,None,0.205,None,12409200000,2025-11-05,quarterly,0.49,USD,post-market,None,-1135900000,0.0454,0.169,0.083,9.49,480300000,7713100000,122600000,92900000,59.36,59.92,-5.7692,29442600000,9697300000,8450200000,23801000000,19745300000,15564900000,9781000000,5427500000,30.84,-41200000,65.01,50.3
2025-12-28,WMB,1.93,11582000000.0,30.84,None,0.637,10.22,290000000,None,1597200000,1597200000,684000000,-357000000,1466000000,None,-12000000,None,None,-7000000,579100000,605847000,None,7885000000,7885000000,1360600000,None,None,1613800000,None,None,740000000,454000000,1.975,0.0332,498000000,498000000,None,-0.085,-0.03,1434000000,2174000000,0.52,2021-12-31,25.58,1014500000,7091000000.0,1896000000,774000000,301000000,1014500000,1014500000,None,660000000,None,272600000,None,None,7590500000,None,None,632000000,None,None,None,0.396,1139000000,488000000,1408000000,471900000,7024200000,None,None,None,None,None,None,None,1.846,5.82,6.28,None,None,None,None,None,1257000000,None,0.205,None,12409200000,2025-11-05,quarterly,0.49,USD,post-market,None,-1135900000,0.0454,0.169,0.083,9.49,480300000,7713100000,122600000,92900000,59.36,59.92,-5.7692,29442600000,9697300000,8450200000,23801000000,19745300000,15564900000,9781000000,5427500000,30.84,-41200000,65.01,50.3
2025-12-28,WMB,1.93,11582000000.0,30.84,None,0.637,10.22,267000000,None,1597200000,1597200000,-1413000000,-408000000,-987000000,None,-54000000,None,None,-488000000,579100000,605847000,None,7885000000,7885000000,1360600000,None,None,1613800000,None,None,740000000,487000000,1.975,0.0332,498000000,498000000,None,-0.085,-0.03,1434000000,2174000000,0.52,2021-09-30,25.58,1014500000,7091000000.0,1896000000,774000000,301000000,1014500000,1014500000,None,660000000,None,272600000,None,None,7590500000,None,None,173000000,None,None,None,0.396,834000000,488000000,1408000000,471900000,7024200000,None,None,None,None,None,None,None,1.846,5.82,6.28,None,None,None,None,None,3000000,None,0.205,None,12409200000,2025-11-05,quarterly,0.49,USD,post-market,None,-1135900000,0.0454,0.169,0.083,9.49,480300000,7713100000,122600000,92900000,59.36,59.92,-5.7692,29442600000,9697300000,8450200000,23801000000,19745300000,15564900000,9781000000,5427500000,30.84,-41200000,65.01,50.3
2025-12-28,WMB,1.93,11582000000.0,30.84,None,0.637,10.22,429000000,None,1597200000,1597200000,-539000000,-443000000,75000000,None,-50000000,None,None,9000000,579100000,605847000,None,7885000000,7885000000,1360600000,None,None,1613800000,None,None,740000000,463000000,1.975,0.0332,498000000,498000000,None,-0.085,-0.03,1434000000,2174000000,0.52,2021-06-30,25.58,1014500000,7091000000.0,1896000000,774000000,301000000,1014500000,1014500000,None,660000000,None,272600000,None,None,7590500000,None,None,322000000,None,None,None,0.396,1057000000,488000000,1408000000,471900000,7024200000,None,None,None,None,None,None,None,1.846,5.82,6.28,None,None,None,None,None,3000000,None,0.205,None,12409200000,2025-11-05,quarterly,0.49,USD,post-market,None,-1135900000,0.0454,0.169,0.083,9.49,480300000,7713100000,122600000,92900000,59.36,59.92,-5.7692,29442600000,9697300000,8450200000,23801000000,19745300000,15564900000,9781000000,5427500000,30.84,-41200000,65.01,50.3
2025-12-28,WMB,1.93,11582000000.0,30.84,None,0.637,10.22,261000000,None,1597200000,1597200000,326000000,-257000000,984000000,None,-8000000,None,None,-59000000,579100000,605847000,None,7885000000,7885000000,1360600000,None,None,1613800000,None,None,740000000,438000000,1.975,0.0332,498000000,498000000,None,-0.085,-0.03,1434000000,2174000000,0.52,2021-03-31,25.58,1014500000,7091000000.0,1896000000,774000000,301000000,1014500000,1014500000,None,660000000,None,272600000,None,None,7590500000,None,None,435000000,None,None,None,0.396,915000000,488000000,1408000000,471900000,7024200000,None,None,None,None,None,None,None,1.846,5.82,6.28,None,None,None,None,None,897000000,None,0.205,None,12409200000,2025-11-05,quarterly,0.49,USD,post-market,None,-1135900000,0.0454,0.169,0.083,9.49,480300000,7713100000,122600000,92900000,59.36,59.92,-5.7692,29442600000,9697300000,8450200000,23801000000,19745300000,15564900000,9781000000,5427500000,30.84,-41200000,65.01,50.3
2025-12-28,WMB,1.93,11582000000.0,30.84,None,0.637,10.22,307000000,None,1597200000,1597200000,-566000000,-476000000,72000000,None,22000000,None,None,16000000,579100000,605847000,None,7885000000,7885000000,1360600000,None,None,1613800000,None,None,740000000,436000000,1.975,0.0332,485000000,485000000,None,-0.085,-0.03,1434000000,2174000000,0.52,2020-12-31,25.58,1014500000,7091000000.0,1896000000,774000000,301000000,1014500000,1014500000,None,660000000,None,272600000,None,None,7590500000,None,None,130000000,None,None,None,0.396,1114000000,488000000,1408000000,471900000,7024200000,None,None,None,None,None,None,None,1.846,5.82,6.28,None,None,None,None,None,2000000,None,0.205,None,12409200000,2025-11-05,quarterly,0.49,USD,post-market,None,-1135900000,0.0454,0.169,0.083,9.49,480300000,7713100000,122600000,92900000,59.36,59.92,-5.7692,29442600000,9697300000,8450200000,23801000000,19745300000,15564900000,9781000000,5427500000,30.84,-41200000,65.01,50.3
2025-12-28,WMB,1.93,11582000000.0,30.84,None,0.637,10.22,339000000,None,1597200000,1597200000,-1103000000,-412000000,-1063000000,None,-24000000,None,None,-103000000,579100000,605847000,None,7885000000,7885000000,1360600000,None,None,1613800000,None,None,740000000,426000000,1.975,0.0332,485000000,485000000,None,-0.085,-0.03,1434000000,2174000000,0.52,2020-09-30,25.58,1014500000,7091000000.0,1896000000,774000000,301000000,1014500000,1014500000,None,660000000,None,272600000,None,None,7590500000,None,None,323000000,None,None,None,0.396,452000000,488000000,1408000000,471900000,7024200000,None,None,None,None,None,None,None,1.846,5.82,6.28,None,None,None,None,None,42000000,None,0.205,None,12409200000,2025-11-05,quarterly,0.49,USD,post-market,None,-1135900000,0.0454,0.169,0.083,9.49,480300000,7713100000,122600000,92900000,59.36,59.92,-5.7692,29442600000,9697300000,8450200000,23801000000,19745300000,15564900000,9781000000,5427500000,30.84,-41200000,65.01,50.3
2025-12-28,WMB,1.93,11582000000.0,30.84,None,0.637,10.22,320000000,None,1597200000,1597200000,-69000000,-341000000,733000000,None,-28000000,None,None,18000000,579100000,605847000,None,7885000000,7885000000,1360600000,None,None,1613800000,None,None,740000000,430000000,1.975,0.0332,486000000,486000000,None,-0.085,-0.03,1434000000,2174000000,0.52,2020-06-30,25.58,1014500000,7091000000.0,1896000000,774000000,301000000,1014500000,1014500000,None,660000000,None,272600000,None,None,7590500000,None,None,315000000,None,None,None,0.396,1143000000,488000000,1408000000,471900000,7024200000,None,None,None,None,None,None,None,1.846,5.82,6.28,None,None,None,None,None,2000000,None,0.205,None,12409200000,2025-11-05,quarterly,0.49,USD,post-market,None,-1135900000,0.0454,0.169,0.083,9.49,480300000,7713100000,122600000,92900000,59.36,59.92,-5.7692,29442600000,9697300000,8450200000,23801000000,19745300000,15564900000,9781000000,5427500000,30.84,-41200000,65.01,50.3
2025-12-28,WMB,1.93,11582000000.0,30.84,None,0.637,10.22,309000000,None,1597200000,1597200000,-347000000,-329000000,111000000,None,19000000,None,None,67000000,579100000,605847000,None,7885000000,7885000000,1360600000,None,None,1613800000,None,None,740000000,429000000,1.975,0.0332,485000000,485000000,None,-0.085,-0.03,1434000000,2174000000,0.52,2020-03-31,25.58,1014500000,7091000000.0,1896000000,774000000,301000000,1014500000,1014500000,None,660000000,None,272600000,None,None,7590500000,None,None,-570000000,None,None,None,0.396,787000000,488000000,1408000000,471900000,7024200000,None,None,None,None,None,None,None,1.846,5.82,6.28,None,None,None,None,None,1702000000,None,0.205,None,12409200000,2025-11-05,quarterly,0.49,USD,post-market,None,-1135900000,0.0454,0.169,0.083,9.49,480300000,7713100000,122600000,92900000,59.36,59.92,-5.7692,29442600000,9697300000,8450200000,23801000000,19745300000,15564900000,9781000000,5427500000,30.84,-41200000,65.01,50.3
2025-12-28,WMB,1.93,11582000000.0,30.84,None,0.637,10.22,412000000,None,1597200000,1597200000,-466000000,-483000000,42000000,None,-2000000,None,None,-125000000,579100000,605847000,None,7885000000,7885000000,1360600000,None,None,1613800000,None,None,740000000,439000000,1.975,0.0332,460000000,460000000,None,-0.085,-0.03,1434000000,2174000000,0.52,2019-12-31,25.58,1014500000,7091000000.0,1896000000,774000000,301000000,1014500000,1014500000,None,660000000,None,272600000,None,None,7590500000,None,None,-66000000,None,None,None,0.396,991000000,488000000,1408000000,471900000,7024200000,None,None,None,None,None,None,None,1.846,5.82,6.28,None,None,None,None,None,8000000,None,0.205,None,12409200000,2025-11-05,quarterly,0.49,USD,post-market,None,-1135900000,0.0454,0.169,0.083,9.49,480300000,7713100000,122600000,92900000,59.36,59.92,-5.7692,29442600000,9697300000,8450200000,23801000000,19745300000,15564900000,9781000000,5427500000,30.84,-41200000,65.01,50.3
2025-12-28,WMB,1.93,11582000000.0,30.84,None,0.637,10.22,803000000,None,1597200000,1597200000,-497000000,-920000000,-559000000,None,3000000,None,None,10000000,579100000,605847000,None,7885000000,7885000000,1360600000,None,None,1613800000,None,None,740000000,435000000,1.975,0.0332,461000000,461000000,None,-0.085,-0.03,1434000000,2174000000,0.52,2019-09-30,25.58,1014500000,7091000000.0,1896000000,774000000,301000000,1014500000,1014500000,None,660000000,None,272600000,None,None,7590500000,None,None,242000000,None,None,None,0.396,858000000,488000000,1408000000,471900000,7024200000,None,None,None,None,None,None,None,1.846,5.82,6.28,None,None,None,None,None,16000000,None,0.205,None,12409200000,2025-11-05,quarterly,0.49,USD,post-market,None,-1135900000,0.0454,0.169,0.083,9.49,480300000,7713100000,122600000,92900000,59.36,59.92,-5.7692,29442600000,9697300000,8450200000,23801000000,19745300000,15564900000,9781000000,5427500000,30.84,-41200000,65.01,50.3
2025-12-28,WMB,1.93,11582000000.0,30.84,None,0.637,10.22,508000000,None,1597200000,1597200000,-140000000,-166000000,763000000,None,3000000,None,None,52000000,579100000,605847000,None,7885000000,7885000000,1360600000,None,None,1613800000,None,None,740000000,424000000,1.975,0.0332,461000000,461000000,None,-0.085,-0.03,1434000000,2174000000,0.52,2019-06-30,25.58,1014500000,7091000000.0,1896000000,774000000,301000000,1014500000,1014500000,None,660000000,None,272600000,None,None,7590500000,None,None,324000000,None,None,None,0.396,1069000000,488000000,1408000000,471900000,7024200000,None,None,None,None,None,None,None,1.846,5.82,6.28,None,None,None,None,None,1358000000,None,0.205,None,12409200000,2025-11-05,quarterly,0.49,USD,post-market,None,-1135900000,0.0454,0.169,0.083,9.49,480300000,7713100000,122600000,92900000,59.36,59.92,-5.7692,29442600000,9697300000,8450200000,23801000000,19745300000,15564900000,9781000000,5427500000,30.84,-41200000,65.01,50.3
2025-12-28,WMB,1.93,11582000000.0,30.84,None,0.637,10.22,426000000,None,1597200000,1597200000,358000000,-1258000000,-125000000,None,1000000,None,None,97000000,579100000,605847000,None,7885000000,7885000000,1360600000,None,None,1613800000,None,None,740000000,416000000,1.975,0.0332,460000000,460000000,None,-0.085,-0.03,1434000000,2174000000,0.52,2019-03-31,25.58,1014500000,7091000000.0,1896000000,774000000,301000000,1014500000,1014500000,None,660000000,None,272600000,None,None,7590500000,None,None,214000000,None,None,None,0.396,775000000,488000000,1408000000,471900000,7024200000,None,None,None,None,None,None,None,1.846,5.82,6.28,None,None,None,None,None,1722000000,None,0.205,None,12409200000,2025-11-05,quarterly,0.49,USD,post-market,None,-1135900000,0.0454,0.169,0.083,9.49,480300000,7713100000,122600000,92900000,59.36,59.92,-5.7692,29442600000,9697300000,8450200000,23801000000,19745300000,15564900000,9781000000,5427500000,30.84,-41200000,65.01,50.3
2025-12-28,WMB,1.93,11582000000.0,30.84,None,0.637,10.22,602000000,None,1597200000,1597200000,-1094000000,258000000,126000000,None,23000000,None,None,-111000000,579100000,605847000,None,7885000000,7885000000,1360600000,None,None,1613800000,None,None,740000000,435000000,1.975,0.0332,412000000,412000000,None,-0.085,-0.03,1434000000,2174000000,0.52,2018-12-31,25.58,1014500000,7091000000.0,1896000000,774000000,301000000,1014500000,1014500000,None,660000000,None,272600000,None,None,7590500000,None,None,-546000000,None,None,None,0.396,962000000,488000000,1408000000,471900000,7024200000,None,None,None,None,None,None,None,1.846,5.82,6.28,None,None,None,None,None,-15000000,None,0.205,None,12409200000,2025-11-05,quarterly,0.49,USD,post-market,None,-1135900000,0.0454,0.169,0.083,9.49,480300000,7713100000,122600000,92900000,59.36,59.92,-5.7692,29442600000,9697300000,8450200000,23801000000,19745300000,15564900000,9781000000,5427500000,30.84,-41200000,65.01,50.3
2025-12-28,WMB,1.93,11582000000.0,30.84,None,0.637,10.22,771000000,None,1597200000,1597200000,335000000,-1314000000,-233000000,None,-6000000,None,None,-46000000,579100000,605847000,None,7885000000,7885000000,1360600000,None,None,1613800000,None,None,740000000,425000000,1.975,0.0332,411000000,411000000,None,-0.085,-0.03,1434000000,2174000000,0.52,2018-09-30,25.58,1014500000,7091000000.0,1896000000,774000000,301000000,1014500000,1014500000,None,660000000,None,272600000,None,None,7590500000,None,None,200000000,None,None,None,0.396,746000000,488000000,1408000000,471900000,7024200000,None,None,None,None,None,None,None,1.846,5.82,6.28,None,None,None,None,None,2387000000,None,0.205,None,12409200000,2025-11-05,quarterly,0.49,USD,post-market,None,-1135900000,0.0454,0.169,0.083,9.49,480300000,7713100000,122600000,92900000,59.36,59.92,-5.7692,29442600000,9697300000,8450200000,23801000000,19745300000,15564900000,9781000000,5427500000,30.84,-41200000,65.01,50.3
2025-12-28,WMB,1.93,11582000000.0,30.84,None,0.637,10.22,932000000,None,1597200000,1597200000,-1037000000,-871000000,-1017000000,None,7000000,None,None,-117000000,579100000,605847000,None,7885000000,7885000000,1360600000,None,None,1613800000,None,None,740000000,434000000,1.975,0.0332,282000000,282000000,None,-0.085,-0.03,1434000000,2174000000,0.52,2018-06-30,25.58,1014500000,7091000000.0,1896000000,774000000,301000000,1014500000,1014500000,None,660000000,None,272600000,None,None,7590500000,None,None,269000000,None,None,None,0.396,891000000,488000000,1408000000,471900000,7024200000,None,None,None,None,None,None,None,1.846,5.82,6.28,None,None,None,None,None,131000000,None,0.205,None,12409200000,2025-11-05,quarterly,0.49,USD,post-market,None,-1135900000,0.0454,0.169,0.083,9.49,480300000,7713100000,122600000,92900000,59.36,59.92,-5.7692,29442600000,9697300000,8450200000,23801000000,19745300000,15564900000,9781000000,5427500000,30.84,-41200000,65.01,50.3
2025-12-28,WMB,1.93,11582000000.0,30.84,None,0.637,10.22,958000000,None,1597200000,1597200000,497000000,-798000000,393000000,None,-40000000,None,None,238000000,579100000,605847000,None,7885000000,7885000000,1360600000,None,None,1613800000,None,None,740000000,431000000,1.975,0.0332,281000000,281000000,None,-0.085,-0.03,1434000000,2174000000,0.52,2018-03-31,25.58,1014500000,7091000000.0,1896000000,774000000,301000000,1014500000,1014500000,None,660000000,None,272600000,None,None,7590500000,None,None,270000000,None,None,None,0.396,694000000,488000000,1408000000,471900000,7024200000,None,None,None,None,None,None,None,1.846,5.82,6.28,None,None,None,None,None,2048000000,None,0.205,None,12409200000,2025-11-05,quarterly,0.49,USD,post-market,None,-1135900000,0.0454,0.169,0.083,9.49,480300000,7713100000,122600000,92900000,59.36,59.92,-5.7692,29442600000,9697300000,8450200000,23801000000,19745300000,15564900000,9781000000,5427500000,30.84,-41200000,65.01,50.3
2025-12-28,WMB,1.93,11582000000.0,30.84,None,0.637,10.22,713000000,None,1597200000,1597200000,-569000000,-423000000,-273000000,None,31000000,None,None,-206000000,579100000,605847000,None,7885000000,7885000000,1360600000,None,None,1613800000,None,None,740000000,428000000,1.975,0.0332,248000000,248000000,None,-0.085,-0.03,1434000000,2174000000,0.52,2017-12-31,25.58,1014500000,7091000000.0,1896000000,774000000,301000000,1014500000,1014500000,None,660000000,None,272600000,None,None,7590500000,None,None,1622000000,None,None,None,0.396,719000000,488000000,1408000000,471900000,7024200000,None,None,None,None,None,None,None,1.846,5.82,6.28,None,None,None,None,None,320000000,None,0.205,None,12409200000,2025-11-05,quarterly,0.49,USD,post-market,None,-1135900000,0.0454,0.169,0.083,9.49,480300000,7713100000,122600000,92900000,59.36,59.92,-5.7692,29442600000,9697300000,8450200000,23801000000,19745300000,15564900000,9781000000,5427500000,30.84,-41200000,65.01,50.3
2025-12-28,WMB,1.93,11582000000.0,30.84,None,0.637,10.22,657000000,None,1597200000,1597200000,-2881000000,1566000000,-746000000,None,7000000,None,None,-83000000,579100000,605847000,None,7885000000,7885000000,1360600000,None,None,1613800000,None,None,740000000,433000000,1.975,0.0332,248000000,248000000,None,-0.085,-0.03,1434000000,2174000000,0.52,2017-09-30,25.58,1014500000,7091000000.0,1896000000,774000000,301000000,1014500000,1014500000,None,660000000,None,272600000,None,None,7590500000,None,None,125000000,None,None,None,0.396,569000000,488000000,1408000000,471900000,7024200000,None,None,None,None,None,None,None,1.846,5.82,6.28,None,None,None,None,None,370000000,None,0.205,None,12409200000,2025-11-05,quarterly,0.49,USD,post-market,None,-1135900000,0.0454,0.169,0.083,9.49,480300000,7713100000,122600000,92900000,59.36,59.92,-5.7692,29442600000,9697300000,8450200000,23801000000,19745300000,15564900000,9781000000,5427500000,30.84,-41200000,65.01,50.3
2025-12-28,WMB,1.93,11582000000.0,30.84,None,0.637,10.22,557000000,None,1597200000,1597200000,1005000000,-388000000,1279000000,None,30000000,None,None,172000000,579100000,605847000,None,7885000000,7885000000,1360600000,None,None,1613800000,None,None,740000000,433000000,1.975,0.0332,248000000,248000000,None,-0.085,-0.03,1434000000,2174000000,0.52,2017-06-30,25.58,1014500000,7091000000.0,1896000000,774000000,301000000,1014500000,1014500000,None,660000000,None,272600000,None,None,7590500000,None,None,193000000,None,None,None,0.396,662000000,488000000,1408000000,471900000,7024200000,None,None,None,None,None,None,None,1.846,5.82,6.28,None,None,None,None,None,2173000000,None,0.205,None,12409200000,2025-11-05,quarterly,0.49,USD,post-market,None,-1135900000,0.0454,0.169,0.083,9.49,480300000,7713100000,122600000,92900000,59.36,59.92,-5.7692,29442600000,9697300000,8450200000,23801000000,19745300000,15564900000,9781000000,5427500000,30.84,-41200000,65.01,50.3
2025-12-28,WMB,1.93,11582000000.0,30.84,None,0.637,10.22,513000000,None,1597200000,1597200000,-15000000,-122000000,469000000,None,-30000000,None,None,29000000,579100000,605847000,None,7885000000,7885000000,1360600000,None,None,1613800000,None,None,740000000,442000000,1.975,0.0332,248000000,248000000,None,-0.085,-0.03,1434000000,2174000000,0.52,2017-03-31,25.58,1014500000,7091000000.0,1896000000,774000000,301000000,1014500000,1014500000,None,660000000,None,272600000,None,None,7590500000,None,None,569000000,None,None,None,0.396,606000000,488000000,1408000000,471900000,7024200000,None,None,None,None,None,None,None,1.846,5.82,6.28,None,None,None,None,None,377000000,None,0.205,None,12409200000,2025-11-05,quarterly,0.49,USD,post-market,None,-1135900000,0.0454,0.169,0.083,9.49,480300000,7713100000,122600000,92900000,59.36,59.92,-5.7692,29442600000,9697300000,8450200000,23801000000,19745300000,15564900000,9781000000,5427500000,30.84,-41200000,65.01,50.3
2025-12-28,WMB,1.93,11582000000.0,30.84,None,0.637,10.22,474000000,None,1597200000,1597200000,-1474000000,-16000000,93000000,None,-18000000,None,None,-90000000,579100000,605847000,None,7885000000,7885000000,1360600000,None,None,1613800000,None,None,740000000,437000000,1.975,0.0332,150000000,150000000,None,-0.085,-0.03,1434000000,2174000000,0.52,2016-12-31,25.58,1014500000,7091000000.0,1896000000,774000000,301000000,1014500000,1014500000,None,660000000,None,272600000,None,None,7590500000,None,None,37000000,None,None,None,0.396,1582000000,488000000,1408000000,471900000,7024200000,None,None,None,None,None,None,None,1.846,5.82,6.28,None,None,None,None,None,910000000,None,0.205,None,12409200000,2025-11-05,quarterly,0.49,USD,post-market,None,-1135900000,0.0454,0.169,0.083,9.49,480300000,7713100000,122600000,92900000,59.36,59.92,-5.7692,29442600000,9697300000,8450200000,23801000000,19745300000,15564900000,9781000000,5427500000,30.84,-41200000,65.01,50.3
2025-12-28,WMB,1.93,11582000000.0,30.84,None,0.637,10.22,508000000,None,1597200000,1597200000,-1046000000,346000000,-72000000,None,-4000000,None,None,-118000000,579100000,605847000,None,7885000000,7885000000,1360600000,None,None,1613800000,None,None,740000000,435000000,1.975,0.0332,150000000,150000000,None,-0.085,-0.03,1434000000,2174000000,0.52,2016-09-30,25.58,1014500000,7091000000.0,1896000000,774000000,301000000,1014500000,1014500000,None,660000000,None,272600000,None,None,7590500000,None,None,131000000,None,None,None,0.396,618000000,488000000,1408000000,471900000,7024200000,None,None,None,None,None,None,None,1.846,5.82,6.28,None,None,None,None,None,1010000000,None,0.205,None,12409200000,2025-11-05,quarterly,0.49,USD,post-market,None,-1135900000,0.0454,0.169,0.083,9.49,480300000,7713100000,122600000,92900000,59.36,59.92,-5.7692,29442600000,9697300000,8450200000,23801000000,19745300000,15564900000,9781000000,5427500000,30.84,-41200000,65.01,50.3
2025-12-28,WMB,1.93,11582000000.0,30.84,None,0.637,10.22,556000000,None,1597200000,1597200000,-301000000,-400000000,-15000000,None,13000000,None,None,-8000000,579100000,605847000,None,7885000000,7885000000,1360600000,None,None,1613800000,None,None,740000000,446000000,1.975,0.0332,481000000,481000000,None,-0.085,-0.03,1434000000,2174000000,0.52,2016-06-30,25.58,1014500000,7091000000.0,1896000000,774000000,301000000,1014500000,1014500000,None,660000000,None,272600000,None,None,7590500000,None,None,-505000000,None,None,None,0.396,685000000,488000000,1408000000,471900000,7024200000,None,None,None,None,None,None,None,1.846,5.82,6.28,None,None,None,None,None,6000000,None,0.205,None,12409200000,2025-11-05,quarterly,0.49,USD,post-market,None,-1135900000,0.0454,0.169,0.083,9.49,480300000,7713100000,122600000,92900000,59.36,59.92,-5.7692,29442600000,9697300000,8450200000,23801000000,19745300000,15564900000,9781000000,5427500000,30.84,-41200000,65.01,50.3
2025-12-28,WMB,1.93,11582000000.0,30.84,None,0.637,10.22,513000000,None,1597200000,1597200000,-373000000,-346000000,64000000,None,-16000000,None,None,298000000,579100000,605847000,None,7885000000,7885000000,1360600000,None,None,1613800000,None,None,740000000,445000000,1.975,0.0332,480000000,480000000,None,-0.085,-0.03,1434000000,2174000000,0.52,2016-03-31,25.58,1014500000,7091000000.0,1896000000,774000000,301000000,1014500000,1014500000,None,660000000,None,272600000,None,None,7590500000,None,None,-13000000,None,None,None,0.396,779000000,488000000,1408000000,471900000,7024200000,None,None,None,None,None,None,None,1.846,5.82,6.28,None,None,None,None,None,2323000000,None,0.205,None,12409200000,2025-11-05,quarterly,0.49,USD,post-market,None,-1135900000,0.0454,0.169,0.083,9.49,480300000,7713100000,122600000,92900000,59.36,59.92,-5.7692,29442600000,9697300000,8450200000,23801000000,19745300000,15564900000,9781000000,5427500000,30.84,-41200000,65.01,50.3
2025-12-28,WMB,1.93,11582000000.0,30.84,None,0.637,10.22,742000000,None,1597200000,1597200000,-25000000,-592000000,-25000000,None,29000000,None,None,-335000000,579100000,605847000,None,7885000000,7885000000,1360600000,None,None,1613800000,None,None,740000000,451000000,1.975,0.0332,480000000,480000000,None,-0.085,-0.03,1434000000,2174000000,0.52,2015-12-31,25.58,1014500000,7091000000.0,1896000000,774000000,301000000,1014500000,1014500000,None,660000000,None,272600000,None,None,7590500000,None,None,-1337000000,None,None,None,0.396,592000000,488000000,1408000000,471900000,7024200000,None,None,None,None,None,None,None,1.846,5.82,6.28,None,None,None,None,None,1854000000,None,0.205,None,12409200000,2025-11-05,quarterly,0.49,USD,post-market,None,-1135900000,0.0454,0.169,0.083,9.49,480300000,7713100000,122600000,92900000,59.36,59.92,-5.7692,29442600000,9697300000,8450200000,23801000000,19745300000,15564900000,9781000000,5427500000,30.84,-41200000,65.01,50.3
2025-12-28,WMB,1.93,11582000000.0,30.84,None,0.637,10.22,771000000,None,1597200000,1597200000,23000000,-705000000,-79000000,None,12000000,None,None,24000000,579100000,605847000,None,7885000000,7885000000,1360600000,None,None,1613800000,None,None,740000000,432000000,1.975,0.0332,480000000,480000000,None,-0.085,-0.03,1434000000,2174000000,0.52,2015-09-30,25.58,1014500000,7091000000.0,1896000000,774000000,301000000,1014500000,1014500000,None,660000000,None,272600000,None,None,7590500000,None,None,-173000000,None,None,None,0.396,603000000,488000000,1408000000,471900000,7024200000,None,None,None,None,None,None,None,1.846,5.82,6.28,None,None,None,None,None,950000000,None,0.205,None,12409200000,2025-11-05,quarterly,0.49,USD,post-market,None,-1135900000,0.0454,0.169,0.083,9.49,480300000,7713100000,122600000,92900000,59.36,59.92,-5.7692,29442600000,9697300000,8450200000,23801000000,19745300000,15564900000,9781000000,5427500000,30.84,-41200000,65.01,50.3
2025-12-28,WMB,1.93,11582000000.0,30.84,None,0.637,10.22,822000000,None,1597200000,1597200000,295000000,-1246000000,-137000000,None,32000000,None,None,50000000,579100000,605847000,None,7885000000,7885000000,1360600000,None,None,1613800000,None,None,740000000,428000000,1.975,0.0332,442000000,442000000,None,-0.085,-0.03,1434000000,2174000000,0.52,2015-06-30,25.58,1014500000,7091000000.0,1896000000,774000000,301000000,1014500000,1014500000,None,660000000,None,272600000,None,None,7590500000,None,None,183000000,None,None,None,0.396,814000000,488000000,1408000000,471900000,7024200000,None,None,None,None,None,None,None,1.846,5.82,6.28,None,None,None,None,None,2206000000,None,0.205,None,12409200000,2025-11-05,quarterly,0.49,USD,post-market,None,-1135900000,0.0454,0.169,0.083,9.49,480300000,7713100000,122600000,92900000,59.36,59.92,-5.7692,29442600000,9697300000,8450200000,23801000000,19745300000,15564900000,9781000000,5427500000,30.84,-41200000,65.01,50.3
2025-12-28,WMB,1.93,11582000000.0,30.84,None,0.637,10.22,832000000,None,1597200000,1597200000,188000000,-756000000,101000000,None,32000000,None,None,300000000,579100000,605847000,None,7885000000,7885000000,1360600000,None,None,1613800000,None,None,740000000,427000000,1.975,0.0332,434000000,434000000,None,-0.085,-0.03,1434000000,2174000000,0.52,2015-03-31,25.58,1014500000,7091000000.0,1896000000,774000000,301000000,1014500000,1014500000,None,660000000,None,272600000,None,None,7590500000,None,None,13000000,None,None,None,0.396,669000000,488000000,1408000000,471900000,7024200000,None,None,None,None,None,None,None,1.846,5.82,6.28,None,None,None,None,None,4456000000,None,0.205,None,12409200000,2025-11-05,quarterly,0.49,USD,post-market,None,-1135900000,0.0454,0.169,0.083,9.49,480300000,7713100000,122600000,92900000,59.36,59.92,-5.7692,29442600000,9697300000,8450200000,23801000000,19745300000,15564900000,9781000000,5427500000,30.84,-41200000,65.01,50.3
2025-12-28,WMB,1.93,11582000000.0,30.84,None,0.637,10.22,1088000000,None,1597200000,1597200000,74000000,-1147000000,-62000000,None,53000000,None,None,-170000000,579100000,605847000,None,7885000000,7885000000,1360600000,None,None,1613800000,None,None,740000000,379000000,1.975,0.0332,426000000,426000000,None,-0.085,-0.03,1434000000,2174000000,0.52,2014-12-31,25.58,1014500000,7091000000.0,1896000000,774000000,301000000,1014500000,1014500000,None,660000000,None,272600000,None,None,7590500000,None,None,308000000,None,None,None,0.396,1011000000,488000000,1408000000,471900000,7024200000,None,None,None,None,None,None,None,1.846,5.82,6.28,None,None,None,None,None,1720000000,None,0.205,None,12409200000,2025-11-05,quarterly,0.49,USD,post-market,None,-1135900000,0.0454,0.169,0.083,9.49,480300000,7713100000,122600000,92900000,59.36,59.92,-5.7692,29442600000,9697300000,8450200000,23801000000,19745300000,15564900000,9781000000,5427500000,30.84,-41200000,65.01,50.3
2025-12-28,WMB,1.93,11582000000.0,30.84,None,0.637,10.22,1104000000,None,1597200000,1597200000,171000000,-1074000000,-558000000,None,-8000000,None,None,-123000000,579100000,605847000,None,7885000000,7885000000,1360600000,None,None,1613800000,None,None,740000000,369000000,1.975,0.0332,419000000,419000000,None,-0.085,-0.03,1434000000,2174000000,0.52,2014-09-30,25.58,1014500000,7091000000.0,1896000000,774000000,301000000,1014500000,1014500000,None,660000000,None,272600000,None,None,7590500000,None,None,1708000000,None,None,None,0.396,345000000,488000000,1408000000,471900000,7024200000,None,None,None,None,None,None,None,1.846,5.82,6.28,None,None,None,None,None,1464000000,None,0.205,None,12409200000,2025-11-05,quarterly,0.49,USD,post-market,None,-1135900000,0.0454,0.169,0.083,9.49,480300000,7713100000,122600000,92900000,59.36,59.92,-5.7692,29442600000,9697300000,8450200000,23801000000,19745300000,15564900000,9781000000,5427500000,30.84,-41200000,65.01,50.3
2025-12-28,WMB,1.93,11582000000.0,30.84,None,0.637,10.22,1046000000,None,1597200000,1597200000,6427000000,-6944000000,-204000000,None,-54000000,None,None,1000000,579100000,605847000,None,7885000000,7885000000,1360600000,None,None,1613800000,None,None,740000000,214000000,1.975,0.0332,291000000,291000000,None,-0.085,-0.03,1434000000,2174000000,0.52,2014-06-30,25.58,1014500000,7091000000.0,1896000000,774000000,301000000,1014500000,1014500000,None,660000000,None,272600000,None,None,7590500000,None,None,127000000,None,None,None,0.396,313000000,488000000,1408000000,471900000,7024200000,None,None,None,None,None,None,None,1.846,5.82,6.28,None,None,None,None,None,3453000000,None,0.205,None,12409200000,2025-11-05,quarterly,0.49,USD,post-market,None,-1135900000,0.0454,0.169,0.083,9.49,480300000,7713100000,122600000,92900000,59.36,59.92,-5.7692,29442600000,9697300000,8450200000,23801000000,19745300000,15564900000,9781000000,5427500000,30.84,-41200000,65.01,50.3
2025-12-28,WMB,1.93,11582000000.0,30.84,None,0.637,10.22,793000000,None,1597200000,1597200000,929000000,-992000000,383000000,None,-27000000,None,None,16000000,579100000,605847000,None,7885000000,7885000000,1360600000,None,None,1613800000,None,None,740000000,214000000,1.975,0.0332,276000000,276000000,None,-0.085,-0.03,1434000000,2174000000,0.52,2014-03-31,25.58,1014500000,7091000000.0,1896000000,774000000,301000000,1014500000,1014500000,None,660000000,None,272600000,None,None,7590500000,None,None,196000000,None,None,None,0.396,446000000,488000000,1408000000,471900000,7024200000,None,None,None,None,None,None,None,1.846,5.82,6.28,None,None,None,None,None,1496000000,None,0.205,None,12409200000,2025-11-05,quarterly,0.49,USD,post-market,None,-1135900000,0.0454,0.169,0.083,9.49,480300000,7713100000,122600000,92900000,59.36,59.92,-5.7692,29442600000,9697300000,8450200000,23801000000,19745300000,15564900000,9781000000,5427500000,30.84,-41200000,65.01,50.3
2025-12-28,WMB,1.93,11582000000.0,30.84,None,0.637,10.22,1030000000,None,1597200000,1597200000,583000000,-1149000000,-51000000,None,36000000,None,None,-50000000,579100000,605847000,None,7885000000,7885000000,1360600000,None,None,1613800000,None,None,740000000,209000000,1.975,0.0332,260000000,260000000,None,-0.085,-0.03,1434000000,2174000000,0.52,2013-12-31,25.58,1014500000,7091000000.0,1896000000,774000000,301000000,1014500000,1014500000,None,660000000,None,272600000,None,None,7590500000,None,None,49000000,None,None,None,0.396,515000000,488000000,1408000000,471900000,7024200000,None,None,None,None,None,None,None,1.846,5.82,6.28,None,None,None,None,None,2705000000,None,0.205,None,12409200000,2025-11-05,quarterly,0.49,USD,post-market,None,-1135900000,0.0454,0.169,0.083,9.49,480300000,7713100000,122600000,92900000,59.36,59.92,-5.7692,29442600000,9697300000,8450200000,23801000000,19745300000,15564900000,9781000000,5427500000,30.84,-41200000,65.01,50.3
2025-12-28,WMB,1.93,11582000000.0,30.84,None,0.637,10.22,1012000000,None,1597200000,1597200000,546000000,-1177000000,-92000000,None,-55000000,None,None,95000000,579100000,605847000,None,7885000000,7885000000,1360600000,None,None,1613800000,None,None,740000000,207000000,1.975,0.0332,250000000,250000000,None,-0.085,-0.03,1434000000,2174000000,0.52,2013-09-30,25.58,1014500000,7091000000.0,1896000000,774000000,301000000,1014500000,1014500000,None,660000000,None,272600000,None,None,7590500000,None,None,197000000,None,None,None,0.396,539000000,488000000,1408000000,471900000,7024200000,None,None,None,None,None,None,None,1.846,5.82,6.28,None,None,None,None,None,1262000000,None,0.205,None,12409200000,2025-11-05,quarterly,0.49,USD,post-market,None,-1135900000,0.0454,0.169,0.083,9.49,480300000,7713100000,122600000,92900000,59.36,59.92,-5.7692,29442600000,9697300000,8450200000,23801000000,19745300000,15564900000,9781000000,5427500000,30.84,-41200000,65.01,50.3
2025-12-28,WMB,1.93,11582000000.0,30.84,None,0.637,10.22,817000000,None,1597200000,1597200000,372000000,-918000000,122000000,None,15000000,None,None,62000000,579100000,605847000,None,7885000000,7885000000,1360600000,None,None,1613800000,None,None,740000000,189000000,1.975,0.0332,241000000,241000000,None,-0.085,-0.03,1434000000,2174000000,0.52,2013-06-30,25.58,1014500000,7091000000.0,1896000000,774000000,301000000,1014500000,1014500000,None,660000000,None,272600000,None,None,7590500000,None,None,192000000,None,None,None,0.396,668000000,488000000,1408000000,471900000,7024200000,None,None,None,None,None,None,None,1.846,5.82,6.28,None,None,None,None,None,1645000000,None,0.205,None,12409200000,2025-11-05,quarterly,0.49,USD,post-market,None,-1135900000,0.0454,0.169,0.083,9.49,480300000,7713100000,122600000,92900000,59.36,59.92,-5.7692,29442600000,9697300000,8450200000,23801000000,19745300000,15564900000,9781000000,5427500000,30.84,-41200000,65.01,50.3
2025-12-28,WMB,1.93,11582000000.0,30.84,None,0.637,10.22,713000000,None,1597200000,1597200000,176000000,-808000000,-137000000,None,-13000000,None,None,-72000000,579100000,605847000,None,7885000000,7885000000,1360600000,None,None,1613800000,None,None,740000000,210000000,1.975,0.0332,231000000,231000000,None,-0.085,-0.03,1434000000,2174000000,0.52,2013-03-31,25.58,1014500000,7091000000.0,1896000000,774000000,301000000,1014500000,1014500000,None,660000000,None,272600000,None,None,7590500000,None,None,230000000,None,None,None,0.396,495000000,488000000,1408000000,471900000,7024200000,None,None,None,None,None,None,None,1.846,5.82,6.28,None,None,None,None,None,770000000,None,0.205,None,12409200000,2025-11-05,quarterly,0.49,USD,post-market,None,-1135900000,0.0454,0.169,0.083,9.49,480300000,7713100000,122600000,92900000,59.36,59.92,-5.7692,29442600000,9697300000,8450200000,23801000000,19745300000,15564900000,9781000000,5427500000,30.84,-41200000,65.01,50.3
2025-12-28,WMB,1.93,11582000000.0,30.84,None,0.637,10.22,877000000,None,1597200000,1597200000,2538000000,-3241000000,-157000000,None,-14000000,None,None,-55000000,579100000,605847000,None,7885000000,7885000000,1360600000,None,None,1613800000,None,None,740000000,184000000,1.975,0.0332,204000000,204000000,None,-0.085,-0.03,1434000000,2174000000,0.52,2012-12-31,25.58,1014500000,7091000000.0,1896000000,774000000,301000000,1014500000,1014500000,None,660000000,None,272600000,None,None,7590500000,None,None,202000000,None,None,None,0.396,546000000,488000000,1408000000,471900000,7024200000,None,None,None,None,None,None,None,1.846,5.82,6.28,None,None,None,None,None,1377000000,None,0.205,None,12409200000,2025-11-05,quarterly,0.49,USD,post-market,None,-1135900000,0.0454,0.169,0.083,9.49,480300000,7713100000,122600000,92900000,59.36,59.92,-5.7692,29442600000,9697300000,8450200000,23801000000,19745300000,15564900000,9781000000,5427500000,30.84,-41200000,65.01,50.3
2025-12-28,WMB,1.93,11582000000.0,30.84,None,0.637,10.22,730000000,None,1597200000,1597200000,676000000,-790000000,317000000,None,9000000,None,None,-6000000,579100000,605847000,None,7885000000,7885000000,1360600000,None,None,1613800000,None,None,740000000,205000000,1.975,0.0332,196000000,196000000,None,-0.085,-0.03,1434000000,2174000000,0.52,2012-09-30,25.58,1014500000,7091000000.0,1896000000,774000000,301000000,1014500000,1014500000,None,660000000,None,272600000,None,None,7590500000,None,None,203000000,None,None,None,0.396,431000000,488000000,1408000000,471900000,7024200000,None,None,None,None,None,None,None,1.846,5.82,6.28,None,None,None,None,None,1609000000,None,0.205,None,12409200000,2025-11-05,quarterly,0.49,USD,post-market,None,-1135900000,0.0454,0.169,0.083,9.49,480300000,7713100000,122600000,92900000,59.36,59.92,-5.7692,29442600000,9697300000,8450200000,23801000000,19745300000,15564900000,9781000000,5427500000,30.84,-41200000,65.01,50.3
2025-12-28,WMB,1.93,11582000000.0,30.84,None,0.637,10.22,593000000,None,1597200000,1597200000,1554000000,-2399000000,-421000000,None,27000000,None,None,36000000,579100000,605847000,None,7885000000,7885000000,1360600000,None,None,1613800000,None,None,740000000,190000000,1.975,0.0332,188000000,188000000,None,-0.085,-0.03,1434000000,2174000000,0.52,2012-06-30,25.58,1014500000,7091000000.0,1896000000,774000000,301000000,1014500000,1014500000,None,660000000,None,272600000,None,None,7590500000,None,None,165000000,None,None,None,0.396,424000000,488000000,1408000000,471900000,7024200000,None,None,None,None,None,None,None,1.846,5.82,6.28,None,None,None,None,None,500000000,None,0.205,None,12409200000,2025-11-05,quarterly,0.49,USD,post-market,None,-1135900000,0.0454,0.169,0.083,9.49,480300000,7713100000,122600000,92900000,59.36,59.92,-5.7692,29442600000,9697300000,8450200000,23801000000,19745300000,15564900000,9781000000,5427500000,30.84,-41200000,65.01,50.3
2025-12-28,WMB,1.93,11582000000.0,30.84,None,0.637,10.22,329000000,None,1597200000,1597200000,268000000,-491000000,211000000,None,-17000000,None,None,52000000,579100000,605847000,None,7885000000,7885000000,1360600000,None,None,1613800000,None,None,740000000,177000000,1.975,0.0332,154000000,154000000,None,-0.085,-0.03,1434000000,2174000000,0.52,2012-03-31,25.58,1014500000,7091000000.0,1896000000,774000000,301000000,1014500000,1014500000,None,660000000,None,272600000,None,None,7590500000,None,None,495000000,None,None,None,0.396,434000000,488000000,1408000000,471900000,7024200000,None,None,None,None,None,None,None,1.846,5.82,6.28,None,None,None,None,None,516000000,None,0.205,None,12409200000,2025-11-05,quarterly,0.49,USD,post-market,None,-1135900000,0.0454,0.169,0.083,9.49,480300000,7713100000,122600000,92900000,59.36,59.92,-5.7692,29442600000,9697300000,8450200000,23801000000,19745300000,15564900000,9781000000,5427500000,30.84,-41200000,65.01,50.3
2025-12-28,WMB,1.93,11582000000.0,30.84,None,0.637,10.22,963000000,None,1597200000,1597200000,-179000000,-1015000000,-107000000,None,45000000,None,None,-17000000,579100000,605847000,None,7885000000,7885000000,1360600000,None,None,1613800000,None,None,740000000,1614000000,1.975,0.0332,148000000,148000000,None,-0.085,-0.03,1434000000,2174000000,0.52,2011-12-31,25.58,1014500000,7091000000.0,1896000000,774000000,301000000,1014500000,1014500000,None,660000000,None,272600000,None,None,7590500000,None,None,-362000000,None,None,None,0.396,1087000000,488000000,1408000000,471900000,7024200000,None,None,None,None,None,None,None,1.846,5.82,6.28,None,None,None,None,None,0,None,0.205,None,12409200000,2025-11-05,quarterly,0.49,USD,post-market,None,-1135900000,0.0454,0.169,0.083,9.49,480300000,7713100000,122600000,92900000,59.36,59.92,-5.7692,29442600000,9697300000,8450200000,23801000000,19745300000,15564900000,9781000000,5427500000,30.84,-41200000,65.01,50.3
2025-12-28,WMB,1.93,11582000000.0,30.84,None,0.637,10.22,739000000,None,1597200000,1597200000,-49000000,-789000000,-170000000,None,-5000000,None,None,-124000000,579100000,605847000,None,7885000000,7885000000,1360600000,None,None,1613800000,None,None,740000000,-12000000,1.975,0.0332,118000000,118000000,None,-0.085,-0.03,1434000000,2174000000,0.52,2011-09-30,25.58,1014500000,7091000000.0,1896000000,774000000,301000000,1014500000,1014500000,None,660000000,None,272600000,None,None,7590500000,None,None,342000000,None,None,None,0.396,668000000,488000000,1408000000,471900000,7024200000,None,None,None,None,None,None,None,1.846,5.82,6.28,None,None,None,None,None,674000000,None,0.205,None,12409200000,2025-11-05,quarterly,0.49,USD,post-market,None,-1135900000,0.0454,0.169,0.083,9.49,480300000,7713100000,122600000,92900000,59.36,59.92,-5.7692,29442600000,9697300000,8450200000,23801000000,19745300000,15564900000,9781000000,5427500000,30.84,-41200000,65.01,50.3
2025-12-28,WMB,1.93,11582000000.0,30.84,None,0.637,10.22,568000000,None,1597200000,1597200000,-10000000,-620000000,243000000,None,-18000000,None,None,-62000000,579100000,605847000,None,7885000000,7885000000,1360600000,None,None,1613800000,None,None,740000000,417000000,1.975,0.0332,118000000,118000000,None,-0.085,-0.03,1434000000,2174000000,0.52,2011-06-30,25.58,1014500000,7091000000.0,1896000000,774000000,301000000,1014500000,1014500000,None,660000000,None,272600000,None,None,7590500000,None,None,297000000,None,None,None,0.396,873000000,488000000,1408000000,471900000,7024200000,None,None,None,None,None,None,None,1.846,5.82,6.28,None,None,None,None,None,348000000,None,0.205,None,12409200000,2025-11-05,quarterly,0.49,USD,post-market,None,-1135900000,0.0454,0.169,0.083,9.49,480300000,7713100000,122600000,92900000,59.36,59.92,-5.7692,29442600000,9697300000,8450200000,23801000000,19745300000,15564900000,9781000000,5427500000,30.84,-41200000,65.01,50.3
2025-12-28,WMB,1.93,11582000000.0,30.84,None,0.637,10.22,526000000,None,1597200000,1597200000,-104000000,-579000000,128000000,None,38000000,None,None,6000000,579100000,605847000,None,7885000000,7885000000,1360600000,None,None,1613800000,None,None,740000000,381000000,1.975,0.0332,73000000,73000000,None,-0.085,-0.03,1434000000,2174000000,0.52,2011-03-31,25.58,1014500000,7091000000.0,1896000000,774000000,301000000,1014500000,1014500000,None,660000000,None,272600000,None,None,7590500000,None,None,384000000,None,None,None,0.396,811000000,488000000,1408000000,471900000,7024200000,None,None,None,None,None,None,None,1.846,5.82,6.28,None,None,None,None,None,0,None,0.205,None,12409200000,2025-11-05,quarterly,0.49,USD,post-market,None,-1135900000,0.0454,0.169,0.083,9.49,480300000,7713100000,122600000,92900000,59.36,59.92,-5.7692,29442600000,9697300000,8450200000,23801000000,19745300000,15564900000,9781000000,5427500000,30.84,-41200000,65.01,50.3
2025-12-28,WMB,1.93,11582000000.0,30.84,None,0.637,10.22,677000000,None,1597200000,1597200000,894000000,-1824000000,-220000000,None,-32000000,None,None,-56000000,579100000,605847000,None,7885000000,7885000000,1360600000,None,None,1613800000,None,None,740000000,1507000000,1.975,0.0332,120000000,120000000,None,-0.085,-0.03,1434000000,2174000000,0.52,2010-12-31,25.58,1014500000,7091000000.0,1896000000,774000000,301000000,1014500000,1014500000,None,660000000,None,272600000,None,None,7590500000,None,None,174000000,None,None,None,0.396,710000000,488000000,1408000000,471900000,7024200000,None,None,None,None,None,None,None,1.846,5.82,6.28,None,None,None,None,None,426000000,None,0.205,None,12409200000,2025-11-05,quarterly,0.49,USD,post-market,None,-1135900000,0.0454,0.169,0.083,9.49,480300000,7713100000,122600000,92900000,59.36,59.92,-5.7692,29442600000,9697300000,8450200000,23801000000,19745300000,15564900000,9781000000,5427500000,30.84,-41200000,65.01,50.3
2025-12-28,WMB,1.93,11582000000.0,30.84,None,0.637,10.22,1171000000,None,1597200000,1597200000,309000000,-1539000000,-586000000,None,8000000,None,None,-23000000,579100000,605847000,None,7885000000,7885000000,1360600000,None,None,1613800000,None,None,740000000,374000000,1.975,0.0332,73000000,73000000,None,-0.085,-0.03,1434000000,2174000000,0.52,2010-09-30,25.58,1014500000,7091000000.0,1896000000,774000000,301000000,1014500000,1014500000,None,660000000,None,272600000,None,None,7590500000,None,None,-1263000000,None,None,None,0.396,644000000,488000000,1408000000,471900000,7024200000,None,None,None,None,None,None,None,1.846,5.82,6.28,None,None,None,None,None,429000000,None,0.205,None,12409200000,2025-11-05,quarterly,0.49,USD,post-market,None,-1135900000,0.0454,0.169,0.083,9.49,480300000,7713100000,122600000,92900000,59.36,59.92,-5.7692,29442600000,9697300000,8450200000,23801000000,19745300000,15564900000,9781000000,5427500000,30.84,-41200000,65.01,50.3
2025-12-28,WMB,1.93,11582000000.0,30.84,None,0.637,10.22,512000000,None,1597200000,1597200000,-225000000,-498000000,-43000000,None,-57000000,None,None,115000000,579100000,605847000,None,7885000000,7885000000,1360600000,None,None,1613800000,None,None,740000000,727000000,1.975,0.0332,73000000,73000000,None,-0.085,-0.03,1434000000,2174000000,0.52,2010-06-30,25.58,1014500000,7091000000.0,1896000000,774000000,301000000,1014500000,1014500000,None,660000000,None,272600000,None,None,7590500000,None,None,222000000,None,None,None,0.396,680000000,488000000,1408000000,471900000,7024200000,None,None,None,None,None,None,None,1.846,5.82,6.28,None,None,None,None,None,None,None,0.205,None,12409200000,2025-11-05,quarterly,0.49,USD,post-market,None,-1135900000,0.0454,0.169,0.083,9.49,480300000,7713100000,122600000,92900000,59.36,59.92,-5.7692,29442600000,9697300000,8450200000,23801000000,19745300000,15564900000,9781000000,5427500000,30.84,-41200000,65.01,50.3
2025-12-28,WMB,1.93,11582000000.0,30.84,None,0.637,10.22,428000000,None,1597200000,1597200000,-405000000,-435000000,-223000000,None,0,None,None,None,579100000,605847000,None,7885000000,7885000000,1360600000,None,None,1613800000,None,None,740000000,361000000,1.975,0.0332,64000000,64000000,None,-0.085,-0.03,1434000000,2174000000,0.52,2010-03-31,25.58,1014500000,7091000000.0,1896000000,774000000,301000000,1014500000,1014500000,None,660000000,None,272600000,None,None,7590500000,None,None,-146000000,None,None,None,0.396,617000000,488000000,1408000000,471900000,7024200000,None,None,None,None,None,None,None,1.846,5.82,6.28,None,None,None,None,None,0,None,0.205,None,12409200000,2025-11-05,quarterly,0.49,USD,post-market,None,-1135900000,0.0454,0.169,0.083,9.49,480300000,7713100000,122600000,92900000,59.36,59.92,-5.7692,29442600000,9697300000,8450200000,23801000000,19745300000,15564900000,9781000000,5427500000,30.84,-41200000,65.01,50.3
2025-12-28,WMB,1.93,11582000000.0,30.84,None,0.637,10.22,558000000,None,1597200000,1597200000,-95000000,-492000000,None,None,10000000,None,None,None,579100000,605847000,None,7885000000,7885000000,1360600000,None,None,1613800000,None,None,740000000,1469000000,1.975,0.0332,96000000,96000000,None,-0.085,-0.03,1434000000,2174000000,0.52,2009-12-31,25.58,1014500000,7091000000.0,1896000000,774000000,301000000,1014500000,1014500000,None,660000000,None,272600000,None,None,7590500000,None,None,222000000,None,None,None,0.396,814000000,488000000,1408000000,471900000,7024200000,None,None,None,None,None,None,None,1.846,5.82,6.28,None,None,None,None,None,6000000,None,0.205,None,12409200000,2025-11-05,quarterly,0.49,USD,post-market,None,-1135900000,0.0454,0.169,0.083,9.49,480300000,7713100000,122600000,92900000,59.36,59.92,-5.7692,29442600000,9697300000,8450200000,23801000000,19745300000,15564900000,9781000000,5427500000,30.84,-41200000,65.01,50.3
2025-12-28,WMB,1.93,11582000000.0,30.84,None,0.637,10.22,752000000,None,1597200000,1597200000,-82000000,-755000000,None,None,17000000,None,None,None,579100000,605847000,None,7885000000,7885000000,1360600000,None,None,1613800000,None,None,740000000,0,1.975,0.0332,96000000,96000000,None,-0.085,-0.03,1434000000,2174000000,0.52,2009-09-30,25.58,1014500000,7091000000.0,1896000000,774000000,301000000,1014500000,1014500000,None,660000000,None,272600000,None,None,7590500000,None,None,194000000,None,None,None,0.396,624000000,488000000,1408000000,471900000,7024200000,None,None,None,None,None,None,None,1.846,5.82,6.28,None,None,None,None,None,28000000,None,0.205,None,12409200000,2025-11-05,quarterly,0.49,USD,post-market,None,-1135900000,0.0454,0.169,0.083,9.49,480300000,7713100000,122600000,92900000,59.36,59.92,-5.7692,29442600000,9697300000,8450200000,23801000000,19745300000,15564900000,9781000000,5427500000,30.84,-41200000,65.01,50.3
2025-12-28,WMB,1.93,11582000000.0,30.84,None,0.637,10.22,593000000,None,1597200000,1597200000,-113000000,-442000000,None,None,-7000000,None,None,None,579100000,605847000,None,7885000000,7885000000,1360600000,None,None,1613800000,None,None,740000000,None,1.975,0.0332,96000000,96000000,None,-0.085,-0.03,1434000000,2174000000,0.52,2009-06-30,25.58,1014500000,7091000000.0,1896000000,774000000,301000000,1014500000,1014500000,None,660000000,None,272600000,None,None,7590500000,None,None,169000000,None,None,None,0.396,622000000,488000000,1408000000,471900000,7024200000,None,None,None,None,None,None,None,1.846,5.82,6.28,None,None,None,None,None,-28000000,None,0.205,None,12409200000,2025-11-05,quarterly,0.49,USD,post-market,None,-1135900000,0.0454,0.169,0.083,9.49,480300000,7713100000,122600000,92900000,59.36,59.92,-5.7692,29442600000,9697300000,8450200000,23801000000,19745300000,15564900000,9781000000,5427500000,30.84,-41200000,65.01,50.3
2025-12-28,WMB,1.93,11582000000.0,30.84,None,0.637,10.22,484000000,None,1597200000,1597200000,456000000,-621000000,None,None,13000000,None,None,None,579100000,605847000,None,7885000000,7885000000,1360600000,None,None,1613800000,None,None,740000000,367000000,1.975,0.0332,97000000,97000000,None,-0.085,-0.03,1434000000,2174000000,0.52,2009-03-31,25.58,1014500000,7091000000.0,1896000000,774000000,301000000,1014500000,1014500000,None,660000000,None,272600000,None,None,7590500000,None,None,-224000000,None,None,None,0.396,512000000,488000000,1408000000,471900000,7024200000,None,None,None,None,None,None,None,1.846,5.82,6.28,None,None,None,None,None,None,None,0.205,None,12409200000,2025-11-05,quarterly,0.49,USD,post-market,None,-1135900000,0.0454,0.169,0.083,9.49,480300000,7713100000,122600000,92900000,59.36,59.92,-5.7692,29442600000,9697300000,8450200000,23801000000,19745300000,15564900000,9781000000,5427500000,30.84,-41200000,65.01,50.3
2025-12-28,WMB,1.93,11582000000.0,30.84,None,0.637,10.22,882000000,None,1597200000,1597200000,-116000000,-718000000,None,None,63000000,None,None,None,579100000,605847000,None,7885000000,7885000000,1360600000,None,None,1613800000,None,None,740000000,1310000000,1.975,0.0332,64000000,64000000,None,-0.085,-0.03,1434000000,2174000000,0.52,2008-12-31,25.58,1014500000,7091000000.0,1896000000,774000000,301000000,1014500000,1014500000,None,660000000,None,272600000,None,None,7590500000,None,None,115000000,None,None,None,0.396,749000000,488000000,1408000000,471900000,7024200000,None,None,None,None,None,None,None,1.846,5.82,6.28,None,None,None,None,None,474000000,None,0.205,None,12409200000,2025-11-05,quarterly,0.49,USD,post-market,None,-1135900000,0.0454,0.169,0.083,9.49,480300000,7713100000,122600000,92900000,59.36,59.92,-5.7692,29442600000,9697300000,8450200000,23801000000,19745300000,15564900000,9781000000,5427500000,30.84,-41200000,65.01,50.3
2025-12-28,WMB,1.93,11582000000.0,30.84,None,0.637,10.22,1032000000,None,1597200000,1597200000,-181000000,-1072000000,None,None,18000000,None,None,None,579100000,605847000,None,7885000000,7885000000,1360600000,None,None,1613800000,None,None,740000000,None,1.975,0.0332,153000000,153000000,None,-0.085,-0.03,1434000000,2174000000,0.52,2008-09-30,25.58,1014500000,7091000000.0,1896000000,774000000,301000000,1014500000,1014500000,None,660000000,None,272600000,None,None,7590500000,None,None,366000000,None,None,None,0.396,840000000,488000000,1408000000,471900000,7024200000,None,None,None,None,None,None,None,1.846,5.82,6.28,None,None,None,None,None,-115000000,None,0.205,None,12409200000,2025-11-05,quarterly,0.49,USD,post-market,None,-1135900000,0.0454,0.169,0.083,9.49,480300000,7713100000,122600000,92900000,59.36,59.92,-5.7692,29442600000,9697300000,8450200000,23801000000,19745300000,15564900000,9781000000,5427500000,30.84,-41200000,65.01,50.3
2025-12-28,WMB,1.93,11582000000.0,30.84,None,0.637,10.22,982000000,None,1597200000,1597200000,-297000000,-979000000,None,None,-49000000,None,None,None,579100000,605847000,None,7885000000,7885000000,1360600000,None,None,1613800000,None,None,740000000,None,1.975,0.0332,40000000,40000000,None,-0.085,-0.03,1434000000,2174000000,0.52,2008-06-30,25.58,1014500000,7091000000.0,1896000000,774000000,301000000,1014500000,1014500000,None,660000000,None,272600000,None,None,7590500000,None,None,437000000,None,None,None,0.396,973000000,488000000,1408000000,471900000,7024200000,None,None,None,None,None,None,None,1.846,5.82,6.28,None,None,None,None,None,-266000000,None,0.205,None,12409200000,2025-11-05,quarterly,0.49,USD,post-market,None,-1135900000,0.0454,0.169,0.083,9.49,480300000,7713100000,122600000,92900000,59.36,59.92,-5.7692,29442600000,9697300000,8450200000,23801000000,19745300000,15564900000,9781000000,5427500000,30.84,-41200000,65.01,50.3
2025-12-28,WMB,1.93,11582000000.0,30.84,None,0.637,10.22,579000000,None,1597200000,1597200000,162000000,-414000000,None,None,-80000000,None,None,None,579100000,605847000,None,7885000000,7885000000,1360600000,None,None,1613800000,None,None,740000000,302000000,1.975,0.0332,83000000,83000000,None,-0.085,-0.03,1434000000,2174000000,0.52,2008-03-31,25.58,1014500000,7091000000.0,1896000000,774000000,301000000,1014500000,1014500000,None,660000000,None,272600000,None,None,7590500000,None,None,500000000,None,None,None,0.396,793000000,488000000,1408000000,471900000,7024200000,None,None,None,None,None,None,None,1.846,5.82,6.28,None,None,None,None,None,-93000000,None,0.205,None,12409200000,2025-11-05,quarterly,0.49,USD,post-market,None,-1135900000,0.0454,0.169,0.083,9.49,480300000,7713100000,122600000,92900000,59.36,59.92,-5.7692,29442600000,9697300000,8450200000,23801000000,19745300000,15564900000,9781000000,5427500000,30.84,-41200000,65.01,50.3
2025-12-28,WMB,1.93,11582000000.0,30.84,None,0.637,10.22,716100000,None,1597200000,1597200000,-2800000,-313200000,None,None,6100000,None,None,None,579100000,605847000,None,7885000000,7885000000,1360600000,None,None,1613800000,None,None,740000000,1082000000,1.975,0.0332,59100000,59100000,None,-0.085,-0.03,1434000000,2174000000,0.52,2007-12-31,25.58,1014500000,7091000000.0,1896000000,774000000,301000000,1014500000,1014500000,None,660000000,None,272600000,None,None,7590500000,None,None,224900000,None,None,None,0.396,559200000,488000000,1408000000,471900000,7024200000,None,None,None,None,None,None,None,1.846,5.82,6.28,None,None,None,None,None,-292000000,None,0.205,None,12409200000,2025-11-05,quarterly,0.49,USD,post-market,None,-1135900000,0.0454,0.169,0.083,9.49,480300000,7713100000,122600000,92900000,59.36,59.92,-5.7692,29442600000,9697300000,8450200000,23801000000,19745300000,15564900000,9781000000,5427500000,30.84,-41200000,65.01,50.3
2025-12-28,WMB,1.93,11582000000.0,30.84,None,0.637,10.22,863600000,None,1597200000,1597200000,-301200000,-676000000,None,None,12500000,None,None,None,579100000,605847000,None,7885000000,7885000000,1360600000,None,None,1613800000,None,None,740000000,None,1.975,0.0332,60000000,60000000,None,-0.085,-0.03,1434000000,2174000000,0.52,2007-09-30,25.58,1014500000,7091000000.0,1896000000,774000000,301000000,1014500000,1014500000,None,660000000,None,272600000,None,None,7590500000,None,None,198000000,None,None,None,0.396,693600000,488000000,1408000000,471900000,7024200000,None,None,None,None,None,None,None,1.846,5.82,6.28,None,None,None,None,None,None,None,0.205,None,12409200000,2025-11-05,quarterly,0.49,USD,post-market,None,-1135900000,0.0454,0.169,0.083,9.49,480300000,7713100000,122600000,92900000,59.36,59.92,-5.7692,29442600000,9697300000,8450200000,23801000000,19745300000,15564900000,9781000000,5427500000,30.84,-41200000,65.01,50.3
2025-12-28,WMB,1.93,11582000000.0,30.84,None,0.637,10.22,727200000,None,1597200000,1597200000,-90900000,-665700000,None,None,35200000,None,None,None,579100000,605847000,None,7885000000,7885000000,1360600000,None,None,1613800000,None,None,740000000,None,1.975,0.0332,60000000,60000000,None,-0.085,-0.03,1434000000,2174000000,0.52,2007-06-30,25.58,1014500000,7091000000.0,1896000000,774000000,301000000,1014500000,1014500000,None,660000000,None,272600000,None,None,7590500000,None,None,433100000,None,None,None,0.396,684400000,488000000,1408000000,471900000,7024200000,None,None,None,None,None,None,None,1.846,5.82,6.28,None,None,None,None,None,None,None,0.205,None,12409200000,2025-11-05,quarterly,0.49,USD,post-market,None,-1135900000,0.0454,0.169,0.083,9.49,480300000,7713100000,122600000,92900000,59.36,59.92,-5.7692,29442600000,9697300000,8450200000,23801000000,19745300000,15564900000,9781000000,5427500000,30.84,-41200000,65.01,50.3
2025-12-28,WMB,1.93,11582000000.0,30.84,None,0.637,10.22,509100000,None,1597200000,1597200000,-116100000,-641100000,None,None,-24800000,None,None,None,579100000,605847000,None,7885000000,7885000000,1360600000,None,None,1613800000,None,None,740000000,248200000,1.975,0.0332,54000000,54000000,None,-0.085,-0.03,1434000000,2174000000,0.52,2007-03-31,25.58,1014500000,7091000000.0,1896000000,774000000,301000000,1014500000,1014500000,None,660000000,None,272600000,None,None,7590500000,None,None,134000000,None,None,None,0.396,299800000,488000000,1408000000,471900000,7024200000,None,None,None,None,None,None,None,1.846,5.82,6.28,None,None,None,None,None,None,None,0.205,None,12409200000,2025-11-05,quarterly,0.49,USD,post-market,None,-1135900000,0.0454,0.169,0.083,9.49,480300000,7713100000,122600000,92900000,59.36,59.92,-5.7692,29442600000,9697300000,8450200000,23801000000,19745300000,15564900000,9781000000,5427500000,30.84,-41200000,65.01,50.3
2025-12-28,WMB,1.93,11582000000.0,30.84,None,0.637,10.22,739700000,None,1597200000,1597200000,1176500000,-557800000,None,None,18800000,None,None,None,579100000,605847000,None,7885000000,7885000000,1360600000,None,None,1613800000,None,None,740000000,865500000,1.975,0.0332,54800000,54800000,None,-0.085,-0.03,1434000000,2174000000,0.52,2006-12-31,25.58,1014500000,7091000000.0,1896000000,774000000,301000000,1014500000,1014500000,None,660000000,None,272600000,None,None,7590500000,None,None,146400000,None,None,None,0.396,575300000,488000000,1408000000,471900000,7024200000,None,None,None,None,None,None,None,1.846,5.82,6.28,None,None,None,None,None,None,None,0.205,None,12409200000,2025-11-05,quarterly,0.49,USD,post-market,None,-1135900000,0.0454,0.169,0.083,9.49,480300000,7713100000,122600000,92900000,59.36,59.92,-5.7692,29442600000,9697300000,8450200000,23801000000,19745300000,15564900000,9781000000,5427500000,30.84,-41200000,65.01,50.3
2025-12-28,WMB,1.93,11582000000.0,30.84,None,0.637,10.22,766900000,None,1597200000,1597200000,-64800000,-482000000,None,None,47500000,None,None,None,579100000,605847000,None,7885000000,7885000000,1360600000,None,None,1613800000,None,None,740000000,None,1.975,0.0332,53600000,53600000,None,-0.085,-0.03,1434000000,2174000000,0.52,2006-09-30,25.58,1014500000,7091000000.0,1896000000,774000000,301000000,1014500000,1014500000,None,660000000,None,272600000,None,None,7590500000,None,None,106200000,None,None,None,0.396,641000000,488000000,1408000000,471900000,7024200000,None,None,None,None,None,None,None,1.846,5.82,6.28,None,None,None,None,None,None,None,0.205,None,12409200000,2025-11-05,quarterly,0.49,USD,post-market,None,-1135900000,0.0454,0.169,0.083,9.49,480300000,7713100000,122600000,92900000,59.36,59.92,-5.7692,29442600000,9697300000,8450200000,23801000000,19745300000,15564900000,9781000000,5427500000,30.84,-41200000,65.01,50.3
2025-12-28,WMB,1.93,11582000000.0,30.84,None,0.637,10.22,534300000,None,1597200000,1597200000,147300000,-790500000,None,None,-29800000,None,None,None,579100000,605847000,None,7885000000,7885000000,1360600000,None,None,1613800000,None,None,740000000,None,1.975,0.0332,47000000,47000000,None,-0.085,-0.03,1434000000,2174000000,0.52,2006-06-30,25.58,1014500000,7091000000.0,1896000000,774000000,301000000,1014500000,1014500000,None,660000000,None,272600000,None,None,7590500000,None,None,-75200000,None,None,None,0.396,508600000,488000000,1408000000,471900000,7024200000,None,None,None,None,None,None,None,1.846,5.82,6.28,None,None,None,None,None,None,None,0.205,None,12409200000,2025-11-05,quarterly,0.49,USD,post-market,None,-1135900000,0.0454,0.169,0.083,9.49,480300000,7713100000,122600000,92900000,59.36,59.92,-5.7692,29442600000,9697300000,8450200000,23801000000,19745300000,15564900000,9781000000,5427500000,30.84,-41200000,65.01,50.3
2025-12-28,WMB,1.93,11582000000.0,30.84,None,0.637,10.22,468300000,None,1597200000,1597200000,-155800000,-491100000,None,None,-5200000,None,None,None,579100000,605847000,None,7885000000,7885000000,1360600000,None,None,1613800000,None,None,740000000,197000000,1.975,0.0332,51200000,51200000,None,-0.085,-0.03,1434000000,2174000000,0.52,2006-03-31,25.58,1014500000,7091000000.0,1896000000,774000000,301000000,1014500000,1014500000,None,660000000,None,272600000,None,None,7590500000,None,None,131100000,None,None,None,0.396,164700000,488000000,1408000000,471900000,7024200000,None,None,None,None,None,None,None,1.846,5.82,6.28,None,None,None,None,None,None,None,0.205,None,12409200000,2025-11-05,quarterly,0.49,USD,post-market,None,-1135900000,0.0454,0.169,0.083,9.49,480300000,7713100000,122600000,92900000,59.36,59.92,-5.7692,29442600000,9697300000,8450200000,23801000000,19745300000,15564900000,9781000000,5427500000,30.84,-41200000,65.01,50.3
2025-12-28,WMB,1.93,11582000000.0,30.84,None,0.637,10.22,413100000,None,1597200000,1597200000,-80800000,-50100000,None,None,30200000,None,None,None,579100000,605847000,None,7885000000,7885000000,1360600000,None,None,1613800000,None,None,740000000,740000000,1.975,0.0332,43900000,43900000,None,-0.085,-0.03,1434000000,2174000000,0.52,2005-12-31,25.58,1014500000,7091000000.0,1896000000,774000000,301000000,1014500000,1014500000,None,660000000,None,272600000,None,None,7590500000,None,None,68800000,None,None,None,0.396,367600000,488000000,1408000000,471900000,7024200000,None,None,None,None,None,None,None,1.846,5.82,6.28,None,None,None,None,None,None,None,0.205,None,12409200000,2025-11-05,quarterly,0.49,USD,post-market,None,-1135900000,0.0454,0.169,0.083,9.49,480300000,7713100000,122600000,92900000,59.36,59.92,-5.7692,29442600000,9697300000,8450200000,23801000000,19745300000,15564900000,9781000000,5427500000,30.84,-41200000,65.01,50.3
2025-12-28,WMB,1.93,11582000000.0,30.84,None,0.637,10.22,369300000,None,1597200000,1597200000,84100000,-309800000,None,None,-41500000,None,None,None,579100000,605847000,None,7885000000,7885000000,1360600000,None,None,1613800000,None,None,740000000,None,1.975,0.0332,48400000,48400000,None,-0.085,-0.03,1434000000,2174000000,0.52,2005-09-30,25.58,1014500000,7091000000.0,1896000000,774000000,301000000,1014500000,1014500000,None,660000000,None,272600000,None,None,7590500000,None,None,5700000,None,None,None,0.396,289000000,488000000,1408000000,471900000,7024200000,None,None,None,None,None,None,None,1.846,5.82,6.28,None,None,None,None,None,None,None,0.205,None,12409200000,2025-11-05,quarterly,0.49,USD,post-market,None,-1135900000,0.0454,0.169,0.083,9.49,480300000,7713100000,122600000,92900000,59.36,59.92,-5.7692,29442600000,9697300000,8450200000,23801000000,19745300000,15564900000,9781000000,5427500000,30.84,-41200000,65.01,50.3
2025-12-28,WMB,1.93,11582000000.0,30.84,None,0.637,10.22,2573000000,None,1597200000,1597200000,-2201000000,-4863000000,None,None,-9000000,None,None,None,579100000,605847000,None,7885000000,7885000000,1360600000,None,None,1613800000,None,None,740000000,2219000000,1.975,0.0332,2316000000,2316000000,None,-0.085,-0.03,1434000000,2174000000,0.52,2024-12-31,25.58,1014500000,7091000000.0,1896000000,774000000,301000000,1014500000,1014500000,None,660000000,None,272600000,None,None,7590500000,None,None,2346000000,None,None,None,0.396,4974000000,488000000,1408000000,471900000,7024200000,None,None,None,None,None,None,None,1.846,5.82,6.28,None,None,None,None,None,10000000,None,0.205,None,12409200000,2025-11-05,annual,0.49,USD,post-market,None,-1135900000,0.0454,0.169,0.083,9.49,480300000,7713100000,122600000,92900000,59.36,59.92,-5.7692,29442600000,9697300000,8450200000,23801000000,19745300000,15564900000,9781000000,5427500000,30.84,-41200000,65.01,50.3
2025-12-28,WMB,1.93,11582000000.0,30.84,None,0.637,10.22,2567000000,None,1597200000,1597200000,-49000000,-3891000000,None,None,13000000,None,None,None,579100000,605847000,None,7885000000,7885000000,1360600000,None,None,1613800000,None,None,740000000,2071000000,1.975,0.0332,2179000000,2179000000,None,-0.085,-0.03,1434000000,2174000000,0.52,2023-12-31,25.58,1014500000,7091000000.0,1896000000,774000000,301000000,1014500000,1014500000,None,660000000,None,272600000,None,None,7590500000,None,None,3276000000,None,None,None,0.396,5938000000,488000000,1408000000,471900000,7024200000,None,None,None,None,None,None,None,1.846,5.82,6.28,None,None,None,None,None,-130000000,None,0.205,None,12409200000,2025-11-05,annual,0.49,USD,post-market,None,-1135900000,0.0454,0.169,0.083,9.49,480300000,7713100000,122600000,92900000,59.36,59.92,-5.7692,29442600000,9697300000,8450200000,23801000000,19745300000,15564900000,9781000000,5427500000,30.84,-41200000,65.01,50.3
2025-12-28,WMB,1.93,11582000000.0,30.84,None,0.637,10.22,2283000000,None,1597200000,1597200000,-3042000000,-3375000000,None,None,-110000000,None,None,None,579100000,605847000,None,7885000000,7885000000,1360600000,None,None,1613800000,None,None,740000000,2009000000,1.975,0.0332,2071000000,2071000000,None,-0.085,-0.03,1434000000,2174000000,0.52,2022-12-31,25.58,1014500000,7091000000.0,1896000000,774000000,301000000,1014500000,1014500000,None,660000000,None,272600000,None,None,7590500000,None,None,2117000000,None,None,None,0.396,4889000000,488000000,1408000000,471900000,7024200000,None,None,None,None,None,None,None,1.846,5.82,6.28,None,None,None,None,None,54000000,None,0.205,None,12409200000,2025-11-05,annual,0.49,USD,post-market,None,-1135900000,0.0454,0.169,0.083,9.49,480300000,7713100000,122600000,92900000,59.36,59.92,-5.7692,29442600000,9697300000,8450200000,23801000000,19745300000,15564900000,9781000000,5427500000,30.84,-41200000,65.01,50.3
2025-12-28,WMB,1.93,11582000000.0,30.84,None,0.637,10.22,1247000000,None,1597200000,1597200000,-942000000,-1465000000,1538000000,None,-124000000,None,None,-545000000,579100000,605847000,None,7885000000,7885000000,1360600000,None,None,1613800000,None,None,740000000,1842000000,1.975,0.0332,1992000000,1992000000,None,-0.085,-0.03,1434000000,2174000000,0.52,2021-12-31,25.58,1014500000,7091000000.0,1896000000,774000000,301000000,1014500000,1014500000,None,660000000,None,272600000,None,None,7590500000,None,None,1562000000,None,None,None,0.396,3945000000,488000000,1408000000,471900000,7024200000,None,None,None,None,None,None,None,1.846,5.82,6.28,None,None,None,None,None,2155000000,None,0.205,None,12409200000,2025-11-05,annual,0.49,USD,post-market,None,-1135900000,0.0454,0.169,0.083,9.49,480300000,7713100000,122600000,92900000,59.36,59.92,-5.7692,29442600000,9697300000,8450200000,23801000000,19745300000,15564900000,9781000000,5427500000,30.84,-41200000,65.01,50.3
2025-12-28,WMB,1.93,11582000000.0,30.84,None,0.637,10.22,1275000000,None,1597200000,1597200000,-2085000000,-1558000000,-147000000,None,-11000000,None,None,-2000000,579100000,605847000,None,7885000000,7885000000,1360600000,None,None,1613800000,None,None,740000000,1721000000,1.975,0.0332,1941000000,1941000000,None,-0.085,-0.03,1434000000,2174000000,0.52,2020-12-31,25.58,1014500000,7091000000.0,1896000000,774000000,301000000,1014500000,1014500000,None,660000000,None,272600000,None,None,7590500000,None,None,198000000,None,None,None,0.396,3496000000,488000000,1408000000,471900000,7024200000,None,None,None,None,None,None,None,1.846,5.82,6.28,None,None,None,None,None,3899000000,None,0.205,None,12409200000,2025-11-05,annual,0.49,USD,post-market,None,-1135900000,0.0454,0.169,0.083,9.49,480300000,7713100000,122600000,92900000,59.36,59.92,-5.7692,29442600000,9697300000,8450200000,23801000000,19745300000,15564900000,9781000000,5427500000,30.84,-41200000,65.01,50.3
2025-12-28,WMB,1.93,11582000000.0,30.84,None,0.637,10.22,2149000000,None,1597200000,1597200000,-745000000,-2827000000,121000000,None,5000000,None,None,34000000,579100000,605847000,None,7885000000,7885000000,1360600000,None,None,1613800000,None,None,740000000,1714000000,1.975,0.0332,1842000000,1842000000,None,-0.085,-0.03,1434000000,2174000000,0.52,2019-12-31,25.58,1014500000,7091000000.0,1896000000,774000000,301000000,1014500000,1014500000,None,660000000,None,272600000,None,None,7590500000,None,None,714000000,None,None,None,0.396,3693000000,488000000,1408000000,471900000,7024200000,None,None,None,None,None,None,None,1.846,5.82,6.28,None,None,None,None,None,763000000,None,0.205,None,12409200000,2025-11-05,annual,0.49,USD,post-market,None,-1135900000,0.0454,0.169,0.083,9.49,480300000,7713100000,122600000,92900000,59.36,59.92,-5.7692,29442600000,9697300000,8450200000,23801000000,19745300000,15564900000,9781000000,5427500000,30.84,-41200000,65.01,50.3
2025-12-28,WMB,1.93,11582000000.0,30.84,None,0.637,10.22,3263000000,None,1597200000,1597200000,-1314000000,-2710000000,-731000000,None,-16000000,None,None,-36000000,579100000,605847000,None,7885000000,7885000000,1360600000,None,None,1613800000,None,None,740000000,1758000000,1.975,0.0332,1386000000,1386000000,None,-0.085,-0.03,1434000000,2174000000,0.52,2018-12-31,25.58,1014500000,7091000000.0,1896000000,774000000,301000000,1014500000,1014500000,None,660000000,None,272600000,None,None,7590500000,None,None,-155000000,None,None,None,0.396,3293000000,488000000,1408000000,471900000,7024200000,None,None,None,None,None,None,None,1.846,5.82,6.28,None,None,None,None,None,1388000000,None,0.205,None,12409200000,2025-11-05,annual,0.49,USD,post-market,None,-1135900000,0.0454,0.169,0.083,9.49,480300000,7713100000,122600000,92900000,59.36,59.92,-5.7692,29442600000,9697300000,8450200000,23801000000,19745300000,15564900000,9781000000,5427500000,30.84,-41200000,65.01,50.3
2025-12-28,WMB,1.93,11582000000.0,30.84,None,0.637,10.22,2440000000,None,1597200000,1597200000,-2460000000,633000000,729000000,None,8000000,None,None,-88000000,579100000,605847000,None,7885000000,7885000000,1360600000,None,None,1613800000,None,None,740000000,1736000000,1.975,0.0332,992000000,992000000,None,-0.085,-0.03,1434000000,2174000000,0.52,2017-12-31,25.58,1014500000,7091000000.0,1896000000,774000000,301000000,1014500000,1014500000,None,660000000,None,272600000,None,None,7590500000,None,None,2509000000,None,None,None,0.396,2556000000,488000000,1408000000,471900000,7024200000,None,None,None,None,None,None,None,1.846,5.82,6.28,None,None,None,None,None,3240000000,None,0.205,None,12409200000,2025-11-05,annual,0.49,USD,post-market,None,-1135900000,0.0454,0.169,0.083,9.49,480300000,7713100000,122600000,92900000,59.36,59.92,-5.7692,29442600000,9697300000,8450200000,23801000000,19745300000,15564900000,9781000000,5427500000,30.84,-41200000,65.01,50.3
2025-12-28,WMB,1.93,11582000000.0,30.84,None,0.637,10.22,2051000000,None,1597200000,1597200000,-3194000000,-416000000,70000000,None,-25000000,None,None,82000000,579100000,605847000,None,7885000000,7885000000,1360600000,None,None,1613800000,None,None,740000000,1763000000,1.975,0.0332,1261000000,1261000000,None,-0.085,-0.03,1434000000,2174000000,0.52,2016-12-31,25.58,1014500000,7091000000.0,1896000000,774000000,301000000,1014500000,1014500000,None,660000000,None,272600000,None,None,7590500000,None,None,-350000000,None,None,None,0.396,3664000000,488000000,1408000000,471900000,7024200000,None,None,None,None,None,None,None,1.846,5.82,6.28,None,None,None,None,None,6119000000,None,0.205,None,12409200000,2025-11-05,annual,0.49,USD,post-market,None,-1135900000,0.0454,0.169,0.083,9.49,480300000,7713100000,122600000,92900000,59.36,59.92,-5.7692,29442600000,9697300000,8450200000,23801000000,19745300000,15564900000,9781000000,5427500000,30.84,-41200000,65.01,50.3
2025-12-28,WMB,1.93,11582000000.0,30.84,None,0.637,10.22,3167000000,None,1597200000,1597200000,481000000,-3299000000,-140000000,None,105000000,None,None,39000000,579100000,605847000,None,7885000000,7885000000,1360600000,None,None,1613800000,None,None,740000000,1738000000,1.975,0.0332,1836000000,1836000000,None,-0.085,-0.03,1434000000,2174000000,0.52,2015-12-31,25.58,1014500000,7091000000.0,1896000000,774000000,301000000,1014500000,1014500000,None,660000000,None,272600000,None,None,7590500000,None,None,-1314000000,None,None,None,0.396,2678000000,488000000,1408000000,471900000,7024200000,None,None,None,None,None,None,None,1.846,5.82,6.28,None,None,None,None,None,9466000000,None,0.205,None,12409200000,2025-11-05,annual,0.49,USD,post-market,None,-1135900000,0.0454,0.169,0.083,9.49,480300000,7713100000,122600000,92900000,59.36,59.92,-5.7692,29442600000,9697300000,8450200000,23801000000,19745300000,15564900000,9781000000,5427500000,30.84,-41200000,65.01,50.3
2025-12-28,WMB,1.93,11582000000.0,30.84,None,0.637,10.22,4031000000,None,1597200000,1597200000,7601000000,-10157000000,-441000000,None,-36000000,None,None,-276000000,579100000,605847000,None,7885000000,7885000000,1360600000,None,None,1613800000,None,None,740000000,1176000000,1.975,0.0332,1412000000,1412000000,None,-0.085,-0.03,1434000000,2174000000,0.52,2014-12-31,25.58,1014500000,7091000000.0,1896000000,774000000,301000000,1014500000,1014500000,None,660000000,None,272600000,None,None,7590500000,None,None,2339000000,None,None,None,0.396,2115000000,488000000,1408000000,471900000,7024200000,None,None,None,None,None,None,None,1.846,5.82,6.28,None,None,None,None,None,7893000000,None,0.205,None,12409200000,2025-11-05,annual,0.49,USD,post-market,None,-1135900000,0.0454,0.169,0.083,9.49,480300000,7713100000,122600000,92900000,59.36,59.92,-5.7692,29442600000,9697300000,8450200000,23801000000,19745300000,15564900000,9781000000,5427500000,30.84,-41200000,65.01,50.3
2025-12-28,WMB,1.93,11582000000.0,30.84,None,0.637,10.22,3572000000,None,1597200000,1597200000,1677000000,-4052000000,-158000000,None,-17000000,None,None,35000000,579100000,605847000,None,7885000000,7885000000,1360600000,None,None,1613800000,None,None,740000000,815000000,1.975,0.0332,982000000,982000000,None,-0.085,-0.03,1434000000,2174000000,0.52,2013-12-31,25.58,1014500000,7091000000.0,1896000000,774000000,301000000,1014500000,1014500000,None,660000000,None,272600000,None,None,7590500000,None,None,668000000,None,None,None,0.396,2217000000,488000000,1408000000,471900000,7024200000,None,None,None,None,None,None,None,1.846,5.82,6.28,None,None,None,None,None,2923000000,None,0.205,None,12409200000,2025-11-05,annual,0.49,USD,post-market,None,-1135900000,0.0454,0.169,0.083,9.49,480300000,7713100000,122600000,92900000,59.36,59.92,-5.7692,29442600000,9697300000,8450200000,23801000000,19745300000,15564900000,9781000000,5427500000,30.84,-41200000,65.01,50.3
2025-12-28,WMB,1.93,11582000000.0,30.84,None,0.637,10.22,2529000000,None,1597200000,1597200000,5036000000,-6921000000,-50000000,None,5000000,None,None,27000000,579100000,605847000,None,7885000000,7885000000,1360600000,None,None,1613800000,None,None,740000000,756000000,1.975,0.0332,742000000,742000000,None,-0.085,-0.03,1434000000,2174000000,0.52,2012-12-31,25.58,1014500000,7091000000.0,1896000000,774000000,301000000,1014500000,1014500000,None,660000000,None,272600000,None,None,7590500000,None,None,1065000000,None,None,None,0.396,1835000000,488000000,1408000000,471900000,7024200000,None,None,None,None,None,None,None,1.846,5.82,6.28,None,None,None,None,None,3486000000,None,0.205,None,12409200000,2025-11-05,annual,0.49,USD,post-market,None,-1135900000,0.0454,0.169,0.083,9.49,480300000,7713100000,122600000,92900000,59.36,59.92,-5.7692,29442600000,9697300000,8450200000,23801000000,19745300000,15564900000,9781000000,5427500000,30.84,-41200000,65.01,50.3
2025-12-28,WMB,1.93,11582000000.0,30.84,None,0.637,10.22,2796000000,None,1597200000,1597200000,-342000000,-3003000000,94000000,None,60000000,None,None,-197000000,579100000,605847000,None,7885000000,7885000000,1360600000,None,None,1613800000,None,None,740000000,1614000000,1.975,0.0332,457000000,457000000,None,-0.085,-0.03,1434000000,2174000000,0.52,2011-12-31,25.58,1014500000,7091000000.0,1896000000,774000000,301000000,1014500000,1014500000,None,660000000,None,272600000,None,None,7590500000,None,None,661000000,None,None,None,0.396,3439000000,488000000,1408000000,471900000,7024200000,None,None,None,None,None,None,None,1.846,5.82,6.28,None,None,None,None,None,3123000000,None,0.205,None,12409200000,2025-11-05,annual,0.49,USD,post-market,None,-1135900000,0.0454,0.169,0.083,9.49,480300000,7713100000,122600000,92900000,59.36,59.92,-5.7692,29442600000,9697300000,8450200000,23801000000,19745300000,15564900000,9781000000,5427500000,30.84,-41200000,65.01,50.3
2025-12-28,WMB,1.93,11582000000.0,30.84,None,0.637,10.22,2788000000,None,1597200000,1597200000,573000000,-4296000000,-1072000000,None,-81000000,None,None,36000000,579100000,605847000,None,7885000000,7885000000,1360600000,None,None,1613800000,None,None,740000000,1507000000,1.975,0.0332,429000000,429000000,None,-0.085,-0.03,1434000000,2174000000,0.52,2010-12-31,25.58,1014500000,7091000000.0,1896000000,774000000,301000000,1014500000,1014500000,None,660000000,None,272600000,None,None,7590500000,None,None,-922000000,None,None,None,0.396,2651000000,488000000,1408000000,471900000,7024200000,None,None,None,None,None,None,None,1.846,5.82,6.28,None,None,None,None,None,5143000000,None,0.205,None,12409200000,2025-11-05,annual,0.49,USD,post-market,None,-1135900000,0.0454,0.169,0.083,9.49,480300000,7713100000,122600000,92900000,59.36,59.92,-5.7692,29442600000,9697300000,8450200000,23801000000,19745300000,15564900000,9781000000,5427500000,30.84,-41200000,65.01,50.3
2025-12-28,WMB,1.93,11582000000.0,30.84,None,0.637,10.22,2387000000,None,1597200000,1597200000,166000000,-2310000000,428000000,None,33000000,None,None,None,579100000,605847000,None,7885000000,7885000000,1360600000,None,None,1613800000,None,None,740000000,1469000000,1.975,0.0332,385000000,385000000,None,-0.085,-0.03,1434000000,2174000000,0.52,2009-12-31,25.58,1014500000,7091000000.0,1896000000,774000000,301000000,1014500000,1014500000,None,660000000,None,272600000,None,None,7590500000,None,None,361000000,None,None,None,0.396,2572000000,488000000,1408000000,471900000,7024200000,None,None,None,None,None,None,None,1.846,5.82,6.28,None,None,None,None,None,595000000,None,0.205,None,12409200000,2025-11-05,annual,0.49,USD,post-market,None,-1135900000,0.0454,0.169,0.083,9.49,480300000,7713100000,122600000,92900000,59.36,59.92,-5.7692,29442600000,9697300000,8450200000,23801000000,19745300000,15564900000,9781000000,5427500000,30.84,-41200000,65.01,50.3
2025-12-28,WMB,1.93,11582000000.0,30.84,None,0.637,10.22,3475000000,None,1597200000,1597200000,-432000000,-3183000000,None,None,-48000000,None,None,None,579100000,605847000,None,7885000000,7885000000,1360600000,None,None,1613800000,None,None,740000000,1310000000,1.975,0.0332,250000000,250000000,None,-0.085,-0.03,1434000000,2174000000,0.52,2008-12-31,25.58,1014500000,7091000000.0,1896000000,774000000,301000000,1014500000,1014500000,None,660000000,None,272600000,None,None,7590500000,None,None,1418000000,None,None,None,0.396,3355000000,488000000,1408000000,471900000,7024200000,None,None,None,None,None,None,None,1.846,5.82,6.28,None,None,None,None,None,-474000000,None,0.205,None,12409200000,2025-11-05,annual,0.49,USD,post-market,None,-1135900000,0.0454,0.169,0.083,9.49,480300000,7713100000,122600000,92900000,59.36,59.92,-5.7692,29442600000,9697300000,8450200000,23801000000,19745300000,15564900000,9781000000,5427500000,30.84,-41200000,65.01,50.3
2025-12-28,WMB,1.93,11582000000.0,30.84,None,0.637,10.22,2816000000,None,1597200000,1597200000,-511000000,-2296000000,None,None,29000000,None,None,None,579100000,605847000,None,7885000000,7885000000,1360600000,None,None,1613800000,None,None,740000000,1082000000,1.975,0.0332,233000000,233000000,None,-0.085,-0.03,1434000000,2174000000,0.52,2007-12-31,25.58,1014500000,7091000000.0,1896000000,774000000,301000000,1014500000,1014500000,None,660000000,None,272600000,None,None,7590500000,None,None,990000000,None,None,None,0.396,2237000000,488000000,1408000000,471900000,7024200000,None,None,None,None,None,None,None,1.846,5.82,6.28,None,None,None,None,None,-526000000,None,0.205,None,12409200000,2025-11-05,annual,0.49,USD,post-market,None,-1135900000,0.0454,0.169,0.083,9.49,480300000,7713100000,122600000,92900000,59.36,59.92,-5.7692,29442600000,9697300000,8450200000,23801000000,19745300000,15564900000,9781000000,5427500000,30.84,-41200000,65.01,50.3
2025-12-28,WMB,1.93,11582000000.0,30.84,None,0.637,10.22,2509200000,None,1597200000,1597200000,1103200000,-2321400000,None,None,31300000,None,None,None,579100000,605847000,None,7885000000,7885000000,1360600000,None,None,1613800000,None,None,740000000,865500000,1.975,0.0332,206600000,206600000,None,-0.085,-0.03,1434000000,2174000000,0.52,2006-12-31,25.58,1014500000,7091000000.0,1896000000,774000000,301000000,1014500000,1014500000,None,660000000,None,272600000,None,None,7590500000,None,None,308500000,None,None,None,0.396,1889600000,488000000,1408000000,471900000,7024200000,None,None,None,None,None,None,None,1.846,5.82,6.28,None,None,None,None,None,None,None,0.205,None,12409200000,2025-11-05,annual,0.49,USD,post-market,None,-1135900000,0.0454,0.169,0.083,9.49,480300000,7713100000,122600000,92900000,59.36,59.92,-5.7692,29442600000,9697300000,8450200000,23801000000,19745300000,15564900000,9781000000,5427500000,30.84,-41200000,65.01,50.3
2025-12-28,WMB,1.93,11582000000.0,30.84,None,0.637,10.22,1299000000,None,1597200000,1597200000,36500000,-819200000,None,None,-9700000,None,None,None,579100000,605847000,None,7885000000,7885000000,1360600000,None,None,1613800000,None,None,740000000,668500000,1.975,0.0332,163700000,163700000,None,-0.085,-0.03,1434000000,2174000000,0.52,2005-12-31,25.58,1014500000,7091000000.0,1896000000,774000000,301000000,1014500000,1014500000,None,660000000,None,272600000,None,None,7590500000,None,None,317400000,None,None,None,0.396,1449900000,488000000,1408000000,471900000,7024200000,None,None,None,None,None,None,None,1.846,5.82,6.28,None,None,None,None,None,None,None,0.205,None,12409200000,2025-11-05,annual,0.49,USD,post-market,None,-1135900000,0.0454,0.169,0.083,9.49,480300000,7713100000,122600000,92900000,59.36,59.92,-5.7692,29442600000,9697300000,8450200000,23801000000,19745300000,15564900000,9781000000,5427500000,30.84,-41200000,65.01,50.3
