date,symbol,eps,revenue_ttm,pe_ratio,accumulateddepreciationamortizationppe,beta,book_value,capitalexpenditures,capitalleaseobligations,cashandcashequivalentsatcarryingvalue,cashandshortterminvestments,cashflowfromfinancing,cashflowfrominvestment,changeincashandcashequivalents,changeinexchangerate,changeininventory,changeinoperatingassets,changeinoperatingliabilities,changeinreceivables,commonstock,commonstocksharesoutstanding,comprehensiveincomenetoftax,costofgoodsandservicessold,costofrevenue,currentaccountspayable,currentdebt,currentlongtermdebt,currentnetreceivables,deferredrevenue,depreciation,depreciationandamortization,depreciationdepletionandamortization,dividend_per_share,dividend_yield,dividendpayout,dividendpayoutcommonstock,dividendpayoutpreferredstock,earnings_growth_yoy,earnings_surprise,ebit,ebitda,estimated_eps,fiscaldateending,forward_pe,goodwill,gross_profit_ttm,grossprofit,incomebeforetax,incometaxexpense,intangibleassets,intangibleassetsexcludinggoodwill,interestanddebtexpense,interestexpense,interestincome,inventory,investmentincomenet,investments,longtermdebt,longtermdebtnoncurrent,longterminvestments,netincome,netincomefromcontinuingoperations,netinterestincome,noninterestincome,operating_margin_ttm,operatingcashflow,operatingexpenses,operatingincome,othercurrentassets,othercurrentliabilities,othernoncurrentassets,othernoncurrentliabilities,othernonoperatingincome,paymentsforoperatingactivities,paymentsforrepurchaseofcommonstock,paymentsforrepurchaseofequity,paymentsforrepurchaseofpreferredstock,peg_ratio,price_to_book,price_to_sales_ttm,proceedsfromissuanceofcommonstock,proceedsfromissuanceoflongtermdebtandcapitalsecuritiesnet,proceedsfromissuanceofpreferredstock,proceedsfromoperatingactivities,proceedsfromrepaymentsofshorttermdebt,proceedsfromrepurchaseofequity,proceedsfromsaleoftreasurystock,profit_margin,profitloss,propertyplantequipment,report_date,report_type,reported_eps,reportedcurrency,reporttime,researchanddevelopment,retainedearnings,return_on_assets_ttm,return_on_equity_ttm,revenue_growth_yoy,revenue_per_share_ttm,sellinggeneralandadministrative,shortlongtermdebttotal,shorttermdebt,shortterminvestments,sma_200,sma_50,surprise_pct,totalassets,totalcurrentassets,totalcurrentliabilities,totalliabilities,totalnoncurrentassets,totalnoncurrentliabilities,totalrevenue,totalshareholderequity,trailing_pe,treasurystock,week_52_high,week_52_low
2001-06-30,WTW,,,,,,,,,,,,,,,,,,,,,,,,,,,,,,,,,,,,,,0.01,,,0.11,,,,,,,,,,,,,,,,,,,,,,,,,,,,,,,,,,,,,,,,,,,,,,,,,2001-07-31,,0.12,,pre-market,,,,,,,,,,,,,9.0909,,,,,,,,,,,,
2001-09-30,WTW,,,,,,,,,,,,,,,,,,,,,,,,,,,,,,,,,,,,,,0.04,,,0.12,,,,,,,,,,,,,,,,,,,,,,,,,,,,,,,,,,,,,,,,,,,,,,,,,2001-10-30,,0.16,,pre-market,,,,,,,,,,,,,33.3333,,,,,,,,,,,,
2001-12-31,WTW,,,,,,,,,,,,,,,,,,,,,,,,,,,,,,,,,,,,,,0.05,,,0.25,,,,,,,,,,,,,,,,,,,,,,,,,,,,,,,,,,,,,,,,,,,,,,,,,2002-02-12,,0.3,,pre-market,,,,,,,,,,,,,20.0,,,,,,,,,,,,
2002-03-31,WTW,,,,,,,,,,,,,,,,,,,,,,,,,,,,,,,,,,,,,,0.08,,,0.42,,,,,,,,,,,,,,,,,,,,,,,,,,,,,,,,,,,,,,,,,,,,,,,,,2002-04-30,,0.5,,pre-market,,,,,,,,,,,,,19.0476,,,,,,,,,,,,
2002-06-30,WTW,,,,,,,,,,,,,,,,,,,,,,,,,,,,,,,,,,,,,,0.06,,,0.29,,,,,,,,,,,,,,,,,,,,,,,,,,,,,,,,,,,,,,,,,,,,,,,,,2002-07-30,,0.35,,pre-market,,,,,,,,,,,,,20.6897,,,,,,,,,,,,
2002-09-30,WTW,,,,,,,,,,,,,,,,,,,,,,,,,,,,,,,,,,,,,,0.0,,,0.28,,,,,,,,,,,,,,,,,,,,,,,,,,,,,,,,,,,,,,,,,,,,,,,,,2002-10-29,,0.28,,pre-market,,,,,,,,,,,,,0.0,,,,,,,,,,,,
2002-12-31,WTW,,,,,,,,,,,,,,,,,,,,,,,,,,,,,,,,,,,,,,0.02,,,0.47,,,,,,,,,,,,,,,,,,,,,,,,,,,,,,,,,,,,,,,,,,,,,,,,,2003-02-05,,0.49,,pre-market,,,,,,,,,,,,,4.2553,,,,,,,,,,,,
2003-03-31,WTW,,,,,,,,,,,,,,,,,,,,,,,,,,,,,,,,,,,,,,0.09,,,0.64,,,,,,,,,,,,,,,,,,,,,,,,,,,,,,,,,,,,,,,,,,,,,,,,,2003-04-23,,0.73,,pre-market,,,,,,,,,,,,,14.0625,,,,,,,,,,,,
2003-06-30,WTW,,,,,,,,,,,,,,,,,,,,,,,,,,,,,,,,,,,,,,0.02,,,0.47,,,,,,,,,,,,,,,,,,,,,,,,,,,,,,,,,,,,,,,,,,,,,,,,,2003-07-23,,0.49,,pre-market,,,,,,,,,,,,,4.2553,,,,,,,,,,,,
2003-09-30,WTW,,,,,,,,,,,,,,,,,,,,,,,,,,,,,,,,,,,,,,0.01,,,0.36,,,,,,,,,,,,,,,,,,,,,,,,,,,,,,,,,,,,,,,,,,,,,,,,,2003-10-22,,0.37,,pre-market,,,,,,,,,,,,,2.7778,,,,,,,,,,,,
2003-12-31,WTW,,,,,,,,,,,,,,,,,,,,,,,,,,,,,,,,,,,,,,0.07,,,0.63,,,,,,,,,,,,,,,,,,,,,,,,,,,,,,,,,,,,,,,,,,,,,,,,,2004-02-04,,0.7,,pre-market,,,,,,,,,,,,,11.1111,,,,,,,,,,,,
2004-03-31,WTW,,,,,,,,,,,,,,,,,,,,,,,,,,,,,,,,,,,,,,0.08,,,0.86,,,,,,,,,,,,,,,,,,,,,,,,,,,,,,,,,,,,,,,,,,,,,,,,,2004-04-28,,0.94,,pre-market,,,,,,,,,,,,,9.3023,,,,,,,,,,,,
2004-06-30,WTW,,,,,,,,,,,,,,,,,,,,,,,,,,,,,,,,,,,,,,-0.01,,,0.58,,,,,,,,,,,,,,,,,,,,,,,,,,,,,,,,,,,,,,,,,,,,,,,,,2004-07-21,,0.57,,pre-market,,,,,,,,,,,,,-1.7241,,,,,,,,,,,,
2004-09-30,WTW,,,,,,,,,,,,,,,,,,,,,,,,,,,,,,,,,,,,,,0.03,,,0.43,,,,,,,,,,,,,,,,,,,,,,,,,,,,,,,,,,,,,,,,,,,,,,,,,2004-10-27,,0.46,,pre-market,,,,,,,,,,,,,6.9767,,,,,,,,,,,,
2004-12-31,WTW,,,,,,,,,,,,,,,,,,,,,,,,,,,,,,,,,,,,,,-0.05,,,0.68,,,,,,,,,,,,,,,,,,,,,,,,,,,,,,,,,,,,,,,,,,,,,,,,,2005-02-09,,0.63,,pre-market,,,,,,,,,,,,,-7.3529,,,,,,,,,,,,
2005-03-31,WTW,,,,,,,,,,,,,,,,,,,,,,,,,,,,,,,,,,,,,,-0.08,,,0.91,,,,,,,,,,,,,,,,,,,,,,,,,,,,,,,,,,,,,,,,,,,,,,,,,2005-04-27,,0.83,,pre-market,,,,,,,,,,,,,-8.7912,,,,,,,,,,,,
2005-06-30,WTW,,,,,,,,,,,,,,,,,,,,,,,,,,,,,,,,,,,,,,-0.02,,,0.49,,,,,,,,,,,,,,,,,,,,,,,,,,,,,,,,,,,,,,,,,,,,,,,,,2005-07-27,,0.47,,pre-market,,,,,,,,,,,,,-4.0816,,,,,,,,,,,,
2005-09-30,WTW,,,,,,,,,,,,,,,,,,,,,,,,,,,,,,,,,,,,,,-0.05,,,0.35,,,,,,,,,,,,,,,,,,,,,,,,,,,,,,,,,,,,,,,,,,,,,,,,,2005-11-02,,0.3,,pre-market,,,,,,,,,,,,,-14.2857,,,,,,,,,,,,
2005-12-31,WTW,,,,,,,,,,,,,,,,,,,,,,,,,,,,,,,,,,,,,,0.0,,,0.38,,,,,,,,,,,,,,,,,,,,,,,,,,,,,,,,,,,,,,,,,,,,,,,,,2006-02-08,,0.38,,pre-market,,,,,,,,,,,,,0.0,,,,,,,,,,,,
2006-03-31,WTW,,,,,,,,,,,,,,,,,,,,,,,,,,,,,,,,,,,,,,-0.01,,,0.89,,,,,,,,,,,,,,,,,,,,,,,,,,,,,,,,,,,,,,,,,,,,,,,,,2006-05-03,,0.88,,pre-market,,,,,,,,,,,,,-1.1236,,,,,,,,,,,,
2006-06-30,WTW,,,,,,,,,,,,,,,,,,,,,,,,,,,,,,,,,,,,,,0.03,,,0.42,,,,,,,,,,,,,,,,,,,,,,,,,,,,,,,,,,,,,,,,,,,,,,,,,2006-08-02,,0.45,,pre-market,,,,,,,,,,,,,7.1429,,,,,,,,,,,,
2006-09-30,WTW,,,,,,,,,,,,,,,,,,,,,,,,,,,,,,,,,,,,,,0.01,,,0.35,,,,,,,,,,,,,,,,,,,,,,,,,,,,,,,,,,,,,,,,,,,,,,,,,2006-10-25,,0.36,,pre-market,,,,,,,,,,,,,2.8571,,,,,,,,,,,,
2006-12-31,WTW,,,,,,,,,,,,,,,,,,,,,,,,,,,,,,,,,,,,,,0.01,,,0.54,,,,,,,,,,,,,,,,,,,,,,,,,,,,,,,,,,,,,,,,,,,,,,,,,2007-02-07,,0.55,,pre-market,,,,,,,,,,,,,1.8519,,,,,,,,,,,,
2007-03-31,WTW,,,,,,,,,,,,,,,,,,,,,,,,,,,,,,,,,,,,,,0.09,,,1.01,,,,,,,,,,,,,,,,,,,,,,,,,,,,,,,,,,,,,,,,,,,,,,,,,2007-04-25,,1.1,,pre-market,,,,,,,,,,,,,8.9109,,,,,,,,,,,,
2007-06-30,WTW,,,,,,,,,,,,,,,,,,,,,,,,,,,,,,,,,,,,,,-0.02,,,0.56,,,,,,,,,,,,,,,,,,,,,,,,,,,,,,,,,,,,,,,,,,,,,,,,,2007-08-01,,0.54,,pre-market,,,,,,,,,,,,,-3.5714,,,,,,,,,,,,
2007-09-30,WTW,,,,,,,,,,,,,,,,,,,,,,,,,,,,,,,,,,,,,,0.06,,,0.4,,,,,,,,,,,,,,,,,,,,,,,,,,,,,,,,,,,,,,,,,,,,,,,,,2007-10-24,,0.46,,pre-market,,,,,,,,,,,,,15.0,,,,,,,,,,,,
2007-12-31,WTW,,,,,,,,,,,,,,,,,,,,,,,,,,,,,,,,,,,,,,0.05,,,0.59,,,,,,,,,,,,,,,,,,,,,,,,,,,,,,,,,,,,,,,,,,,,,,,,,2008-02-06,,0.64,,pre-market,,,,,,,,,,,,,8.4746,,,,,,,,,,,,
2008-03-31,WTW,,,,,,,,,,,,,,,,,,,,,,,,,,,,,,,,,,,,,,0.15,,,1.17,,,,,,,,,,,,,,,,,,,,,,,,,,,,,,,,,,,,,,,,,,,,,,,,,2008-04-30,,1.32,,pre-market,,,,,,,,,,,,,12.8205,,,,,,,,,,,,
2008-06-30,WTW,,,,,,,,,,,,,,,,,,,,,,,,,,,,,,,,,,,,,,0.01,,,0.58,,,,,,,,,,,,,,,,,,,,,,,,,,,,,,,,,,,,,,,,,,,,,,,,,2008-07-30,,0.59,,pre-market,,,,,,,,,,,,,1.7241,,,,,,,,,,,,
2008-09-30,WTW,,,,,,,,,,,,,,,,,,,,,,,,,,,,,,,,,,,,,,-0.07,,,0.39,,,,,,,,,,,,,,,,,,,,,,,,,,,,,,,,,,,,,,,,,,,,,,,,,2008-10-22,,0.32,,pre-market,,,,,,,,,,,,,-17.9487,,,,,,,,,,,,
2008-12-31,WTW,,,,,,,,,,,,,,,,,,,,,,,,,,,,,,,,,,,,,,-0.06,,,0.43,,,,,,,,,,,,,,,,,,,,,,,,,,,,,,,,,,,,,,,,,,,,,,,,,2009-02-11,,0.37,,pre-market,,,,,,,,,,,,,-13.9535,,,,,,,,,,,,
2009-03-31,WTW,,,,,,,,,,,,,,,,,,,,,,,,,,,,,,,,,,,,,,0.06,,,1.1,,,,,,,,,,,,,,,,,,,,,,,,,,,,,,,,,,,,,,,,,,,,,,,,,2009-04-29,,1.16,,pre-market,,,,,,,,,,,,,5.4545,,,,,,,,,,,,
2009-06-30,WTW,,,,,,,,,,,,,,,,,,,,,,,,,,,,,,,,,,,,,,0.01,,,0.51,,,,,,,,,,,,,,,,,,,,,,,,,,,,,,,,,,,,,,,,,,,,,,,,,2009-07-29,,0.52,,pre-market,,,,,,,,,,,,,1.9608,,,,,,,,,,,,
2009-09-30,WTW,,,,,,,,,,,,,,,,,,,,,,,,,,,,,,,,,,,,,,0.16,,,0.37,,,,,,,,,,,,,,,,,,,,,,,,,,,,,,,,,,,,,,,,,,,,,,,,,2009-10-26,,0.53,,pre-market,,,,,,,,,,,,,43.2432,,,,,,,,,,,,
2009-12-31,WTW,,,,,,,,,,,,,,,,,,,,,,,,,,,,,,,,,,,,,,-0.01,,,0.48,,,,,,,,,,,,,,,,,,,,,,,,,,,,,,,,,,,,,,,,,,,,,,,,,2010-02-03,,0.47,,pre-market,,,,,,,,,,,,,-2.0833,,,,,,,,,,,,
2010-03-31,WTW,,,,,,,,,,,,,,,,,,,,,,,,,,,,,,,,,,,,,,0.1,,,1.17,,,,,,,,,,,,,,,,,,,,,,,,,,,,,,,,,,,,,,,,,,,,,,,,,2010-04-28,,1.27,,pre-market,,,,,,,,,,,,,8.547,,,,,,,,,,,,
2010-06-30,WTW,,,,,,,,,,,,,,,,,,,,,,,,,,,,,,,,,,,,,,-0.03,,,0.57,,,,,,,,,,,,,,,,,,,,,,,,,,,,,,,,,,,,,,,,,,,,,,,,,2010-07-28,,0.54,,pre-market,,,,,,,,,,,,,-5.2632,,,,,,,,,,,,
2010-09-30,WTW,,,,,,,,,,,,,,,,,,,,,,,,,,,,,,,,,,,,,,0.06,,,0.31,,,,,,,,,,,,,,,,,,,,,,,,,,,,,,,,,,,,,,,,,,,,,,,,,2010-10-27,,0.37,,pre-market,,,,,,,,,,,,,19.3548,,,,,,,,,,,,
2010-12-31,WTW,,,,,,,,,,,,,,,,,,,,,,,,,,,,,,,,,,,,,,0.03,,,0.54,,,,,,,,,,,,,,,,,,,,,,,,,,,,,,,,,,,,,,,,,,,,,,,,,2011-02-09,,0.57,,pre-market,,,,,,,,,,,,,5.5556,,,,,,,,,,,,
2011-03-31,WTW,,,,,,,,,,,,,,,,,,,,,,,,,,,,,,,,,,,,,,0.06,,,1.22,,,,,,,,,,,,,,,,,,,,,,,,,,,,,,,,,,,,,,,,,,,,,,,,,2011-05-04,,1.28,,pre-market,,,,,,,,,,,,,4.918,,,,,,,,,,,,
2011-06-30,WTW,,,,,,,,,,,,,,,,,,,,,,,,,,,,,,,,,,,,,,0.03,,,0.58,,,,,,,,,,,,,,,,,,,,,,,,,,,,,,,,,,,,,,,,,,,,,,,,,2011-08-03,,0.61,,pre-market,,,,,,,,,,,,,5.1724,,,,,,,,,,,,
2011-09-30,WTW,,,,,,,,,,,,,,,,,,,,,,,,,,,,,,,,,,,,,,0.04,,,0.37,,,,,,,,,,,,,,,,,,,,,,,,,,,,,,,,,,,,,,,,,,,,,,,,,2011-10-24,,0.41,,pre-market,,,,,,,,,,,,,10.8108,,,,,,,,,,,,
2011-12-31,WTW,,,,,,,,,,,,,,,,,,,,,,,,,,,,,,,,,,,,,,-0.02,,,0.48,,,,,,,,,,,,,,,,,,,,,,,,,,,,,,,,,,,,,,,,,,,,,,,,,2012-02-14,,0.46,,pre-market,,,,,,,,,,,,,-4.1667,,,,,,,,,,,,
2012-03-31,WTW,,,,,,,,,,,,,,,,,,,,,,,,,,,,,,,,,,,,,,0.07,,,1.25,,,,,,,,,,,,,,,,,,,,,,,,,,,,,,,,,,,,,,,,,,,,,,,,,2012-04-26,,1.32,,pre-market,,,,,,,,,,,,,5.6,,,,,,,,,,,,
2012-06-30,WTW,,,,,,,,,,,,,,,,,,,,,,,,,,,,,,,,,,,,,,0.01,,,0.58,,,,,,,,,,,,,,,,,,,,,,,,,,,,,,,,,,,,,,,,,,,,,,,,,2012-08-01,,0.59,,pre-market,,,,,,,,,,,,,1.7241,,,,,,,,,,,,
2012-09-30,WTW,,,,,,,,,,,,,,,,,,,,,,,,,,,,,,,,,,,,,,-0.08,,,0.3,,,,,,,,,,,,,,,,,,,,,,,,,,,,,,,,,,,,,,,,,,,,,,,,,2012-10-23,,0.22,,pre-market,,,,,,,,,,,,,-26.6667,,,,,,,,,,,,
2012-12-31,WTW,,,,,,,,,,,,,,,,,,,,,,,,,,,,,,,,,,,,,,0.01,,,0.44,,,,,,,,,,,,,,,,,,,,,,,,,,,,,,,,,,,,,,,,,,,,,,,,,2013-02-12,,0.45,,pre-market,,,,,,,,,,,,,2.2727,,,,,,,,,,,,
2013-03-31,WTW,,,,,,,,,,,,,,,,,,,,,,,,,,,,,,,,,,,,,,0.15,,,1.31,,,,,,,,,,,,,,,,,,,,,,,,,,,,,,,,,,,,,,,,,,,,,,,,,2013-04-30,,1.46,,pre-market,,,,,,,,,,,,,11.4504,,,,,,,,,,,,
2013-06-30,WTW,,,,,,,,,,,,,,,,,,,,,,,,,,,,,,,,,,,,,,0.01,,,0.58,,,,,,,,,,,,,,,,,,,,,,,,,,,,,,,,,,,,,,,,,,,,,,,,,2013-07-24,,0.59,,pre-market,,,,,,,,,,,,,1.7241,,,,,,,,,,,,
2013-09-30,WTW,,,,,,,,,,,,,,,,,,,,,,,,,,,,,,,,,,,,,,-0.01,,,0.2,,,,,,,,,,,,,,,,,,,,,,,,,,,,,,,,,,,,,,,,,,,,,,,,,2013-10-29,,0.19,,pre-market,,,,,,,,,,,,,-5.0,,,,,,,,,,,,
2013-12-31,WTW,,,,,,,,,,,,,,,,,,,,,,,,,,,,,,,,,,,,,,-0.07,,,0.49,,,,,,,,,,,,,,,,,,,,,,,,,,,,,,,,,,,,,,,,,,,,,,,,,2014-02-11,,0.42,,pre-market,,,,,,,,,,,,,-14.2857,,,,,,,,,,,,
2014-03-31,WTW,,,,,,,,,,,,,,,,,,,,,,,,,,,,,,,,,,,,,,-0.05,,,1.41,,,,,,,,,,,,,,,,,,,,,,,,,,,,,,,,,,,,,,,,,,,,,,,,,2014-04-29,,1.36,,pre-market,,,,,,,,,,,,,-3.5461,,,,,,,,,,,,
2014-06-30,WTW,,,,,,,,,,,,,,,,,,,,,,,,,,,,,,,,,,,,,,-0.05,,,0.59,,,,,,,,,,,,,,,,,,,,,,,,,,,,,,,,,,,,,,,,,,,,,,,,,2014-07-29,,0.54,,pre-market,,,,,,,,,,,,,-8.4746,,,,,,,,,,,,
2014-09-30,WTW,,,,,,,,,,,,,,,,,,,,,,,,,,,,,,,,,,,,,,-0.03,,,0.17,,,,,,,,,,,,,,,,,,,,,,,,,,,,,,,,,,,,,,,,,,,,,,,,,2014-10-28,,0.14,,post-market,,,,,,,,,,,,,-17.6471,,,,,,,,,,,,
2014-12-31,WTW,,,,,,,,,,,,,,,,,,,,,,,,,,,,,,,,,,,,,,0.01,,,0.45,,,,,,,,,,,,,,,,,,,,,,,,,,,,,,,,,,,,,,,,,,,,,,,,,2015-02-10,,0.46,,post-market,,,,,,,,,,,,,2.2222,,,,,,,,,,,,
2015-03-31,WTW,,,,,,,,,,,,,,,,,,,,,,,,,,,,,,,,,,,,,,-0.13,,,1.39,,,,,,,,,,,,,,,,,,,,,,,,,,,,,,,,,,,,,,,,,,,,,,,,,2015-04-28,,1.26,,post-market,,,,,,,,,,,,,-9.3525,,,,,,,,,,,,
2015-06-30,WTW,,,,,,,,,,,,,,,,,,,,,,,,,,,,,,,,,,,,,,0.03,,,0.55,,,,,,,,,,,,,,,,,,,,,,,,,,,,,,,,,,,,,,,,,,,,,,,,,2015-07-28,,0.58,,post-market,,,,,,,,,,,,,5.4545,,,,,,,,,,,,
2015-09-30,WTW,,,,,,,,,,,,,,,,,,,,,,,,,,,,,,,,,,,,,,-0.03,,,0.17,,,,,,,,,,,,,,,,,,,,,,,,,,,,,,,,,,,,,,,,,,,,,,,,,2015-10-27,,0.14,,post-market,,,,,,,,,,,,,-17.6471,,,,,,,,,,,,
2015-12-31,WTW,,,,,,,,,,,,,,,,,,,,,,,,,,,,,,,,,,,,,,-0.17,,,0.58,,,,,,,,,,,,,,,,,,,,,,,,,,,,,,,,,,,,,,,,,,,,,,,,,2016-02-09,,0.41,,post-market,,,,,,,,,,,,,-29.3103,,,,,,,,,,,,
2016-03-31,WTW,,,,,,,,,,,,,,,,,,,,,,,,,,,,,,,,,,,,,,0.56,,,2.85,,,,,,,,,,,,,,,,,,,,,,,,,,,,,,,,,,,,,,,,,,,,,,,,,2016-05-06,,3.41,,pre-market,,,,,,,,,,,,,19.6491,,,,,,,,,,,,
2016-06-30,WTW,,,,,,,,,,,,,,,,,,,,,,,,,,,,,,,,,,,,,,0.01,,,1.65,,,,,,,,,,,,,,,,,,,,,,,,,,,,,,,,,,,,,,,,,,,,,,,,,2016-08-05,,1.66,,pre-market,,,,,,,,,,,,,0.6061,,,,,,,,,,,,
2016-09-30,WTW,,,,,,,,,,,,,,,,,,,,,,,,,,,,,,,,,,,,,,-0.01,,,1.05,,,,,,,,,,,,,,,,,,,,,,,,,,,,,,,,,,,,,,,,,,,,,,,,,2016-11-04,,1.04,,pre-market,,,,,,,,,,,,,-0.9524,,,,,,,,,,,,
2016-12-31,WTW,,,,,,,,,,,,,,,,,,,,,,,,,,,,,,,,,,,,,,0.27,,,1.61,,,,,,,,,,,,,,,,,,,,,,,,,,,,,,,,,,,,,,,,,,,,,,,,,2017-02-09,,1.88,,pre-market,,,,,,,,,,,,,16.7702,,,,,,,,,,,,
2017-03-31,WTW,,,,,,,,,,,,,,,,,,,,,,,,,,,,,,,,,,,,,,0.36,,,3.35,,,,,,,,,,,,,,,,,,,,,,,,,,,,,,,,,,,,,,,,,,,,,,,,,2017-05-04,,3.71,,pre-market,,,,,,,,,,,,,10.7463,,,,,,,,,,,,
2017-06-30,WTW,,,,,,,,,,,,,,,,,,,,,,,,,,,,,,,,,,,,,,-0.05,,,1.5,,,,,,,,,,,,,,,,,,,,,,,,,,,,,,,,,,,,,,,,,,,,,,,,,2017-08-03,,1.45,,pre-market,,,,,,,,,,,,,-3.3333,,,,,,,,,,,,
2017-09-30,WTW,,,,,,,,,,,,,,,,,,,,,,,,,,,,,,,,,,,,,,-0.02,,,1.14,,,,,,,,,,,,,,,,,,,,,,,,,,,,,,,,,,,,,,,,,,,,,,,,,2017-11-02,,1.12,,pre-market,,,,,,,,,,,,,-1.7544,,,,,,,,,,,,
2017-12-31,WTW,,,,,,,,,,,,,,,,,,,,,,,,,,,,,,,,,,,,,,0.1,,,2.11,,,,,,,,,,,,,,,,,,,,,,,,,,,,,,,,,,,,,,,,,,,,,,,,,2018-02-08,,2.21,,pre-market,,,,,,,,,,,,,4.7393,,,,,,,,,,,,
2018-03-31,WTW,,,,,,,,,,,,,,,,,,,,,,,,,,,,,,,,,,,,,,0.08,,,2.63,,,,,,,,,,,,,,,,,,,,,,,,,,,,,,,,,,,,,,,,,,,,,,,,,2018-05-07,,2.71,,pre-market,,,,,,,,,,,,,3.0418,,,,,,,,,,,,
2018-06-30,WTW,,,,,,,,,,,,,,,,,,,,,,,,,,,,,,,,,,,,,,0.0,,,1.7,,,,,,,,,,,,,,,,,,,,,,,,,,,,,,,,,,,,,,,,,,,,,,,,,2018-08-02,,1.7,,pre-market,,,,,,,,,,,,,0.0,,,,,,,,,,,,
2018-09-30,WTW,,,,,,,,,,,,,,,,,,,,,,,,,,,,,,,,,,,,,,0.19,,,1.13,,,,,,,,,,,,,,,,,,,,,,,,,,,,,,,,,,,,,,,,,,,,,,,,,2018-11-02,,1.32,,pre-market,,,,,,,,,,,,,16.8142,,,,,,,,,,,,
2018-12-31,WTW,,,,,,,,,,,,,,,,,,,,,,,,,,,,,,,,,,,,,,-0.06,,,4.06,,,,,,,,,,,,,,,,,,,,,,,,,,,,,,,,,,,,,,,,,,,,,,,,,2019-02-07,,4.0,,pre-market,,,,,,,,,,,,,-1.4778,,,,,,,,,,,,
2019-03-31,WTW,,,,,,,,,,,,,,,,,,,,,,,,,,,,,,,,,,,,,,-0.04,,,3.02,,,,,,,,,,,,,,,,,,,,,,,,,,,,,,,,,,,,,,,,,,,,,,,,,2019-05-01,,2.98,,pre-market,,,,,,,,,,,,,-1.3245,,,,,,,,,,,,
2019-06-30,WTW,,,,,,,,,,,,,,,,,,,,,,,,,,,,,,,,,,,,,,0.03,,,1.75,,,,,,,,,,,,,,,,,,,,,,,,,,,,,,,,,,,,,,,,,,,,,,,,,2019-07-31,,1.78,,pre-market,,,,,,,,,,,,,1.7143,,,,,,,,,,,,
2019-09-30,WTW,,,,,,,,,,,,,,,,,,,,,,,,,,,,,,,,,,,,,,0.0,,,1.31,,,,,,,,,,,,,,,,,,,,,,,,,,,,,,,,,,,,,,,,,,,,,,,,,2019-10-31,,1.31,,pre-market,,,,,,,,,,,,,0.0,,,,,,,,,,,,
2019-12-31,WTW,,,,,,,,,,,,,,,,,,,,,,,,,,,,,,,,,,,,,,0.04,,,4.86,,,,,,,,,,,,,,,,,,,,,,,,,,,,,,,,,,,,,,,,,,,,,,,,,2020-02-06,,4.9,,pre-market,,,,,,,,,,,,,0.823,,,,,,,,,,,,
2020-03-31,WTW,,,,,,,,,,,,,,,,,,,,,,,,,,,,,,,,,,,,,,0.21,,,3.13,,,,,,,,,,,,,,,,,,,,,,,,,,,,,,,,,,,,,,,,,,,,,,,,,2020-04-30,,3.34,,pre-market,,,,,,,,,,,,,6.7093,,,,,,,,,,,,
2020-06-30,WTW,,,,,,,,,,,,,,,,,,,,,,,,,,,,,,,,,,,,,,0.17,,,1.63,,,,,,,,,,,,,,,,,,,,,,,,,,,,,,,,,,,,,,,,,,,,,,,,,2020-07-30,,1.8,,pre-market,,,,,,,,,,,,,10.4294,,,,,,,,,,,,
2020-09-30,WTW,,,,,,,,,,,,,,,,,,,,,,,,,,,,,,,,,,,,,,0.03,,,1.3,,,,,,,,,,,,,,,,,,,,,,,,,,,,,,,,,,,,,,,,,,,,,,,,,2020-10-29,,1.33,,pre-market,,,,,,,,,,,,,2.3077,,,,,,,,,,,,
2020-12-31,WTW,,,,,,,,,,,,,,,,,,,,,,,,,,,,,,,,,,,,,,0.2,,,5.03,,,,,,,,,,,,,,,,,,,,,,,,,,,,,,,,,,,,,,,,,,,,,,,,,2021-02-09,,5.23,,pre-market,,,,,,,,,,,,,3.9761,,,,,,,,,,,,
2021-03-31,WTW,,,,,,,,,,,,,,,,,,,,,,,,,,,,,,,,,,,,,,0.36,,,3.28,,,,,,,,,,,,,,,,,,,,,,,,,,,,,,,,,,,,,,,,,,,,,,,,,2021-04-29,,3.64,,pre-market,,,,,,,,,,,,,10.9756,,,,,,,,,,,,
2021-06-30,WTW,,,,,,,,,,,,,,,,,,,,,,,,,,,,,,,,,,,,,,0.67,,,1.99,,,,,,,,,,,,,,,,,,,,,,,,,,,,,,,,,,,,,,,,,,,,,,,,,2021-08-03,,2.66,,pre-market,,,,,,,,,,,,,33.6683,,,,,,,,,,,,
2021-09-30,WTW,,,,,,,,,,,,,,,,,,,,,,,,,,,,,,,,,,,,,,0.14,,,1.59,,,,,,,,,,,,,,,,,,,,,,,,,,,,,,,,,,,,,,,,,,,,,,,,,2021-10-28,,1.73,,pre-market,,,,,,,,,,,,,8.805,,,,,,,,,,,,
2021-12-31,WTW,,,,,,,,,,,,,,,,,,,,,,,,,,,,,,,,,,,,,,0.18,,,5.49,,,,,,,,,,,,,,,,,,,,,,,,,,,,,,,,,,,,,,,,,,,,,,,,,2022-02-08,,5.67,,pre-market,,,,,,,,,,,,,3.2787,,,,,,,,,,,,
2022-03-31,WTW,,,,,,,,,,,,,,,,,,,,,,,,,,,,,,,,,,,,,,0.19,,,2.47,,,,,,,,,,,,,,,,,,,,,,,,,,,,,,,,,,,,,,,,,,,,,,,,,2022-04-28,,2.66,,pre-market,,,,,,,,,,,,,7.6923,,,,,,,,,,,,
2022-06-30,WTW,,,,,,,,,,,,,,,,,,,,,,,,,,,,,,,,,,,,,,0.02,,,2.3,,,,,,,,,,,,,,,,,,,,,,,,,,,,,,,,,,,,,,,,,,,,,,,,,2022-07-28,,2.32,,pre-market,,,,,,,,,,,,,0.8696,,,,,,,,,,,,
2022-09-30,WTW,,,,,,,,,,,,,,,,,,,,,,,,,,,,,,,,,,,,,,0.07,,,2.13,,,,,,,,,,,,,,,,,,,,,,,,,,,,,,,,,,,,,,,,,,,,,,,,,2022-10-27,,2.2,,pre-market,,,,,,,,,,,,,3.2864,,,,,,,,,,,,
2022-12-31,WTW,,,,,,,,,,,,,,,,,,,,,,,,,,,,,,,,,,,,,,0.11,,,6.22,,,,,,,,,,,,,,,,,,,,,,,,,,,,,,,,,,,,,,,,,,,,,,,,,2023-02-09,,6.33,,pre-market,,,,,,,,,,,,,1.7685,,,,,,,,,,,,
2023-03-31,WTW,,,,,,,,,,,,,,,,,,,,,,,,,,,,,,,,,,,,,,0.05,,,2.79,,,,,,,,,,,,,,,,,,,,,,,,,,,,,,,,,,,,,,,,,,,,,,,,,2023-04-27,,2.84,,pre-market,,,,,,,,,,,,,1.7921,,,,,,,,,,,,
2023-06-30,WTW,,,,,,,,,,,,,,,,,,,,,,,,,,,,,,,,,,,,,,-0.28,,,2.33,,,,,,,,,,,,,,,,,,,,,,,,,,,,,,,,,,,,,,,,,,,,,,,,,2023-07-27,,2.05,,pre-market,,,,,,,,,,,,,-12.0172,,,,,,,,,,,,
2023-09-30,WTW,,,,,,,,,,,,,,,,,,,,,,,,,,,,,,,,,,,,,,0.19,,,2.05,,,,,,,,,,,,,,,,,,,,,,,,,,,,,,,,,,,,,,,,,,,,,,,,,2023-10-26,,2.24,,pre-market,,,,,,,,,,,,,9.2683,,,,,,,,,,,,
2023-12-31,WTW,,,,,,,,,,,,,,,,,,,,,,,,,,,,,,,,,,,,,,0.39,,,7.05,,,,,,,,,,,,,,,,,,,,,,,,,,,,,,,,,,,,,,,,,,,,,,,,,2024-02-06,,7.44,,pre-market,,,,,,,,,,,,,5.5319,,,,,,,,,,,,
2024-03-31,WTW,,,,,,,,,,,,,,,,,,,,,,,,,,,,,,,,,,,,,,0.02,,,3.27,,,,,,,,,,,,,,,,,,,,,,,,,,,,,,,,,,,,,,,,,,,,,,,,,2024-04-25,,3.29,,pre-market,,,,,,,,,,,,,0.6116,,,,,,,,,,,,
2024-06-30,WTW,,,,,,,,,,,,,,,,,,,,,,,,,,,,,,,,,,,,,,0.22,,,2.33,,,,,,,,,,,,,,,,,,,,,,,,,,,,,,,,,,,,,,,,,,,,,,,,,2024-07-25,,2.55,,pre-market,,,,,,,,,,,,,9.4421,,,,,,,,,,,,
2024-09-30,WTW,,,,,,,,,,,,,,,,,,,,,,,,,,,,,,,,,,,,,,0.21,,,2.72,,,,,,,,,,,,,,,,,,,,,,,,,,,,,,,,,,,,,,,,,,,,,,,,,2024-10-31,,2.93,,pre-market,,,,,,,,,,,,,7.7206,,,,,,,,,,,,
2024-12-31,WTW,,,,,,,,,,,,,,,,,,,,,,,,,,,,,,,,,,,,,,0.1,,,8.03,,,,,,,,,,,,,,,,,,,,,,,,,,,,,,,,,,,,,,,,,,,,,,,,,2025-02-04,,8.13,,pre-market,,,,,,,,,,,,,1.2453,,,,,,,,,,,,
2025-03-31,WTW,,,,,,,,,,,,,,,,,,,,,,,,,,,,,,,,,,,,,,-0.06,,,3.19,,,,,,,,,,,,,,,,,,,,,,,,,,,,,,,,,,,,,,,,,,,,,,,,,2025-04-24,,3.13,,pre-market,,,,,,,,,,,,,-1.8809,,,,,,,,,,,,
2025-06-30,WTW,,,,,,,,,,,,,,,,,,,,,,,,,,,,,,,,,,,,,,0.23,,,2.63,,,,,,,,,,,,,,,,,,,,,,,,,,,,,,,,,,,,,,,,,,,,,,,,,2025-07-31,,2.86,,pre-market,,,,,,,,,,,,,8.7452,,,,,,,,,,,,
2025-09-30,WTW,,,,,,,,,,,,,,,,,,,,,,,,,,,,,,,,,,,,,,0.0,,,3.07,,,,,,,,,,,,,,,,,,,,,,,,,,,,,,,,,,,,,,,,,,,,,,,,,2025-10-30,,3.07,,pre-market,,,,,,,,,,,,,0.0,,,,,,,,,,,,
2025-12-28,WTW,20.88,9807000000.0,16.02,,0.635,80.53,,,,,,,,,,,,,,,,,,,,,,,,,,3.68,0.011,,,,1.441,0.0,,,3.07,,17.27,,4203000000.0,,,,,,,,,,,,,,,,,,,0.189,,,,,,,,,,,,,1.08,4.142,3.328,,,,,,,,0.216,,,2025-10-30,,3.07,,pre-market,,,0.0508,0.276,0.0,99.06,,,,,321.17,323.72,0.0,,,,,,,,,16.02,,352.79,291.3
2025-12-28,WTW,20.88,9807000000.0,16.02,,0.635,80.53,,,,,,,,,,,,,,,None,1413000000,1413000000,,,,,,None,103000000,,3.68,0.011,,,,1.441,0.0,455000000,558000000,3.07,2025-09-30,17.27,,4203000000.0,875000000,383000000,77000000,,,None,65000000,None,,None,,,,,304000000,306000000,-65000000,None,0.189,,457000000,418000000,,,,,None,,,,,1.08,4.142,3.328,,,,,,,,0.216,,,2025-10-30,quarterly,3.07,USD,pre-market,None,,0.0508,0.276,0.0,99.06,None,,,,321.17,323.72,0.0,,,,,,,2288000000,,16.02,,352.79,291.3
2025-12-28,WTW,20.88,9807000000.0,16.02,,0.635,80.53,,,,,,,,,,,,,,,None,1449000000,1449000000,,,,,,None,106000000,,3.68,0.011,,,,1.441,0.0,377000000,483000000,3.07,2025-06-30,17.27,,4203000000.0,812000000,311000000,-21000000,,,None,64000000,None,,None,,,,,331000000,332000000,-64000000,None,0.189,,444000000,368000000,,,,,None,,,,,1.08,4.142,3.328,,,,,,,,0.216,,,2025-10-30,quarterly,3.07,USD,pre-market,None,,0.0508,0.276,0.0,99.06,None,,,,321.17,323.72,0.0,,,,,,,2261000000,,16.02,,352.79,291.3
2025-12-28,WTW,20.88,9807000000.0,16.02,,0.635,80.53,,,,,,,,,,,,,,,None,1324000000,1324000000,,,,,,None,102000000,,3.68,0.011,,,,1.441,0.0,368000000,470000000,3.07,2025-03-31,17.27,,4203000000.0,899000000,304000000,65000000,,,None,65000000,None,,None,,,,,235000000,239000000,-65000000,None,0.189,,467000000,432000000,,,,,None,,,,,1.08,4.142,3.328,,,,,,,,0.216,,,2025-10-30,quarterly,3.07,USD,pre-market,None,,0.0508,0.276,0.0,99.06,None,,,,321.17,323.72,0.0,,,,,,,2223000000,,16.02,,352.79,291.3
2025-12-28,WTW,20.88,9807000000.0,16.02,,0.635,80.53,,,,,,,,,,,,,,,None,1367000000,1367000000,,,,,,None,104000000,,3.68,0.011,,,,1.441,0.0,1754000000,1858000000,3.07,2024-12-31,17.27,,4203000000.0,1668000000,1688000000,440000000,,,None,66000000,None,,None,,,,,1246000000,1248000000,-66000000,None,0.189,,767000000,901000000,,,,,None,,,,,1.08,4.142,3.328,,,,,,,,0.216,,,2025-10-30,quarterly,3.07,USD,pre-market,None,,0.0508,0.276,0.0,99.06,8000000,,,,321.17,323.72,0.0,,,,,,,3035000000,,16.02,,352.79,291.3
2025-12-28,WTW,20.88,9807000000.0,16.02,,0.635,80.53,,,,,,,,,,,,,,,None,1396000000,1396000000,,,,,,None,116000000,,3.68,0.011,,,,1.441,0.0,354000000,470000000,3.07,2024-09-30,17.27,,4203000000.0,893000000,-1994000000,-322000000,,,None,65000000,None,,None,,,,,-1675000000,-1672000000,-65000000,None,0.189,,1659000000,-766000000,,,,,None,,,,,1.08,4.142,3.328,,,,,,,,0.216,,,2025-10-30,quarterly,3.07,USD,pre-market,None,,0.0508,0.276,0.0,99.06,29000000,,,,321.17,323.72,0.0,,,,,,,2289000000,,16.02,,352.79,291.3
2025-12-28,WTW,20.88,9807000000.0,16.02,,0.635,80.53,,,,,,,,,,,,,,,None,1397000000,1397000000,,,,,,None,117000000,,3.68,0.011,,,,1.441,0.0,235000000,352000000,3.07,2024-06-30,17.27,,4203000000.0,868000000,168000000,26000000,,,None,68000000,None,,None,,,,,141000000,142000000,-68000000,None,0.189,,656000000,212000000,,,,,None,,,,,1.08,4.142,3.328,,,,,,,,0.216,,,2025-10-30,quarterly,3.07,USD,pre-market,None,,0.0508,0.276,0.0,99.06,21000000,,,,321.17,323.72,0.0,,,,,,,2265000000,,16.02,,352.79,291.3
2025-12-28,WTW,20.88,9807000000.0,16.02,,0.635,80.53,,,,,,,,,,,,,,,None,1342000000,1342000000,,,,,,None,119000000,,3.68,0.011,,,,1.441,0.0,306000000,425000000,3.07,2024-03-31,17.27,,4203000000.0,999000000,242000000,48000000,,,None,64000000,None,,None,,,,,190000000,194000000,-64000000,None,0.189,,719000000,280000000,,,,,None,,,,,1.08,4.142,3.328,,,,,,,,0.216,,,2025-10-30,quarterly,3.07,USD,pre-market,None,,0.0508,0.276,0.0,99.06,None,,,,321.17,323.72,0.0,,,,,,,2341000000,,16.02,,352.79,291.3
2025-12-28,WTW,20.88,9807000000.0,16.02,,0.635,80.53,,,,,,,,,,,,,,,None,533000000,533000000,,,,,,None,118000000,,3.68,0.011,,,,1.441,0.0,802000000,920000000,3.07,2023-12-31,17.27,,4203000000.0,2381000000,739000000,116000000,,,None,63000000,None,,None,,,,,622000000,623000000,-63000000,None,0.189,,1602000000,779000000,,,,,None,,,,,1.08,4.142,3.328,,,,,,,,0.216,,,2025-10-30,quarterly,3.07,USD,pre-market,None,,0.0508,0.276,0.0,99.06,54000000,,,,321.17,323.72,0.0,,,,,,,2914000000,,16.02,,352.79,291.3
2025-12-28,WTW,20.88,9807000000.0,16.02,,0.635,80.53,,,,,,,,,,,,,,,None,396000000,396000000,,,,,,None,122000000,,3.68,0.011,,,,1.441,0.0,225000000,347000000,3.07,2023-09-30,17.27,,4203000000.0,1770000000,164000000,25000000,,,None,61000000,None,,None,,,,,136000000,139000000,-61000000,None,0.189,,1611000000,159000000,,,,,None,,,,,1.08,4.142,3.328,,,,,,,,0.216,,,2025-10-30,quarterly,3.07,USD,pre-market,None,,0.0508,0.276,0.0,99.06,29000000,,,,321.17,323.72,0.0,,,,,,,2166000000,,16.02,,352.79,291.3
2025-12-28,WTW,20.88,9807000000.0,16.02,,0.635,80.53,,,,,,,,,,,,,,,None,1347000000,1347000000,,,,,,None,134000000,,3.68,0.011,,,,1.441,0.0,177000000,311000000,3.07,2023-06-30,17.27,,4203000000.0,812000000,120000000,24000000,,,None,57000000,None,,None,,,,,94000000,96000000,-57000000,None,0.189,,670000000,142000000,,,,,None,,,,,1.08,4.142,3.328,,,,,,,,0.216,,,2025-10-30,quarterly,3.07,USD,pre-market,None,,0.0508,0.276,0.0,99.06,25000000,,,,321.17,323.72,0.0,,,,,,,2159000000,,16.02,,352.79,291.3
2025-12-28,WTW,20.88,9807000000.0,16.02,,0.635,80.53,,,,,,,,,,,,,,,None,1313000000,1313000000,,,,,,None,131000000,,3.68,0.011,,,,1.441,0.0,310000000,441000000,3.07,2023-03-31,17.27,,4203000000.0,931000000,256000000,50000000,,,None,54000000,None,,None,,,,,203000000,206000000,-54000000,None,0.189,,646000000,285000000,,,,,25000000,,,,,1.08,4.142,3.328,,,,,,,,0.216,,,2025-10-30,quarterly,3.07,USD,pre-market,None,,0.0508,0.276,0.0,99.06,1766000000,,,,321.17,323.72,0.0,,,,,,,2244000000,,16.02,,352.79,291.3
2025-12-28,WTW,20.88,9807000000.0,16.02,,0.635,80.53,,,,,,,,,,,,,,,None,1263000000,1263000000,,,,,,None,137000000,,3.68,0.011,,,,1.441,0.0,791000000,928000000,3.07,2022-12-31,17.27,,4203000000.0,1459000000,737000000,131000000,,,None,54000000,None,,None,,,,,588000000,606000000,-54000000,None,0.189,,751000000,708000000,,,,,83000000,,,,,1.08,4.142,3.328,,,,,,,,0.216,,,2025-10-30,quarterly,3.07,USD,pre-market,None,,0.0508,0.276,0.0,99.06,1776000000,,,,321.17,323.72,0.0,,,,,,,2722000000,,16.02,,352.79,291.3
2025-12-28,WTW,20.88,9807000000.0,16.02,,0.635,80.53,,,,,,,,,,,,,,,None,1225000000,1225000000,,,,,,None,131000000,,3.68,0.011,,,,1.441,0.0,239000000,370000000,3.07,2022-09-30,17.27,,4203000000.0,728000000,185000000,1000000,,,None,54000000,None,,None,,,,,190000000,184000000,-54000000,None,0.189,,574000000,154000000,,,,,85000000,,,,,1.08,4.142,3.328,,,,,,,,0.216,,,2025-10-30,quarterly,3.07,USD,pre-market,None,,0.0508,0.276,0.0,99.06,64000000,,,,321.17,323.72,0.0,,,,,,,1953000000,,16.02,,352.79,291.3
2025-12-28,WTW,20.88,9807000000.0,16.02,,0.635,80.53,,,,,,,,,,,,,,,None,1259000000,1259000000,,,,,,None,148000000,,3.68,0.011,,,,1.441,0.0,230000000,378000000,3.07,2022-06-30,17.27,,4203000000.0,772000000,179000000,19000000,,,None,51000000,None,,None,,,,,109000000,160000000,-51000000,None,0.189,,635000000,137000000,,,,,93000000,,,,,1.08,4.142,3.328,,,,,,,,0.216,,,2025-10-30,quarterly,3.07,USD,pre-market,None,,0.0508,0.276,0.0,99.06,69000000,,,,321.17,323.72,0.0,,,,,,,2031000000,,16.02,,352.79,291.3
2025-12-28,WTW,20.88,9807000000.0,16.02,,0.635,80.53,,,,,,,,,,,,,,,None,1318000000,1318000000,,,,,,None,151000000,,3.68,0.011,,,,1.441,0.0,206000000,357000000,3.07,2022-03-31,17.27,,4203000000.0,842000000,157000000,43000000,,,None,49000000,None,,None,,,,,122000000,114000000,-49000000,None,0.189,,663000000,179000000,,,,,27000000,,,,,1.08,4.142,3.328,,,,,,,,0.216,,,2025-10-30,quarterly,3.07,USD,pre-market,None,,0.0508,0.276,0.0,99.06,1804000000,,,,321.17,323.72,0.0,,,,,,,2160000000,,16.02,,352.79,291.3
2025-12-28,WTW,20.88,9807000000.0,16.02,,0.635,80.53,,,,,,,,,,,,,,,None,1262000000,1262000000,,,,,,None,153000000,,3.68,0.011,,,,1.441,0.0,774000000,927000000,3.07,2021-12-31,17.27,,4203000000.0,1444000000,724000000,150000000,,,None,50000000,None,,None,,,,,2402000000,574000000,-50000000,None,0.189,,754000000,690000000,,,,,83000000,,,,,1.08,4.142,3.328,,,,,,,,0.216,,,2025-10-30,quarterly,3.07,USD,pre-market,None,,0.0508,0.276,0.0,99.06,1541000000,,,,321.17,323.72,0.0,,,,,,,2706000000,,16.02,,352.79,291.3
2025-12-28,WTW,20.88,9807000000.0,16.02,,0.635,80.53,,,,,,,,,,,,,,,None,1255000000,1255000000,,,,,,None,154000000,,3.68,0.011,,,,1.441,0.0,1236000000,1390000000,3.07,2021-09-30,17.27,,4203000000.0,718000000,1186000000,267000000,,,None,50000000,None,,None,,,,,903000000,919000000,-50000000,None,0.189,,-413000000,1131000000,,,,,None,,,,,1.08,4.142,3.328,,,,,,,,0.216,,,2025-10-30,quarterly,3.07,USD,pre-market,None,,0.0508,0.276,0.0,99.06,None,,,,321.17,323.72,0.0,,,,,,,1973000000,,16.02,,352.79,291.3
2025-12-28,WTW,20.88,9807000000.0,16.02,,0.635,80.53,,,,,,,,,,,,,,,None,1317000000,1317000000,,,,,,None,170000000,,3.68,0.011,,,,1.441,0.0,244000000,414000000,3.07,2021-06-30,17.27,,4203000000.0,774000000,192000000,75000000,,,None,52000000,None,,None,,,,,184000000,186000000,-52000000,None,0.189,,604000000,170000000,,,,,None,,,,,1.08,4.142,3.328,,,,,,,,0.216,,,2025-10-30,quarterly,3.07,USD,pre-market,None,,0.0508,0.276,0.0,99.06,72000000,,,,321.17,323.72,0.0,,,,,,,2091000000,,16.02,,352.79,291.3
2025-12-28,WTW,20.88,9807000000.0,16.02,,0.635,80.53,,,,,,,,,,,,,,,None,1419000000,1419000000,,,,,,None,174000000,,3.68,0.011,,,,1.441,0.0,649000000,823000000,3.07,2021-03-31,17.27,,4203000000.0,809000000,590000000,44000000,,,None,59000000,None,,None,,,,,733000000,736000000,-59000000,None,0.189,,598000000,211000000,,,,,None,,,,,1.08,4.142,3.328,,,,,,,,0.216,,,2025-10-30,quarterly,3.07,USD,pre-market,None,,0.0508,0.276,0.0,99.06,None,,,,321.17,323.72,0.0,,,,,,,2228000000,,16.02,,352.79,291.3
2025-12-28,WTW,20.88,9807000000.0,16.02,,0.635,80.53,,,,,,,,,,,,,,,None,1419000000,1419000000,,,,,,None,184000000,,3.68,0.011,,,,1.441,0.0,662000000,846000000,3.07,2020-12-31,17.27,,4203000000.0,1345000000,602000000,119000000,,,None,60000000,None,,None,,,,,476000000,483000000,-60000000,None,0.189,,758000000,587000000,,,,,None,,,,,1.08,4.142,3.328,,,,,,,,0.216,,,2025-10-30,quarterly,3.07,USD,pre-market,None,,0.0508,0.276,0.0,99.06,None,,,,321.17,323.72,0.0,,,,,,,2764000000,,16.02,,352.79,291.3
2025-12-28,WTW,20.88,9807000000.0,16.02,,0.635,80.53,,,,,,,,,,,,,,,None,1238000000,1238000000,,,,,,None,181000000,,3.68,0.011,,,,1.441,0.0,222000000,403000000,3.07,2020-09-30,17.27,,4203000000.0,659000000,161000000,42000000,,,None,61000000,None,,None,,,,,121000000,None,None,None,0.189,,593000000,66000000,,,,,None,,,,,1.08,4.142,3.328,,,,,,,,0.216,,,2025-10-30,quarterly,3.07,USD,pre-market,None,,0.0508,0.276,0.0,99.06,None,,,,321.17,323.72,0.0,,,,,,,1897000000,,16.02,,352.79,291.3
2025-12-28,WTW,20.88,9807000000.0,16.02,,0.635,80.53,,,,,,,,,,,,,,,None,1363000000,1363000000,,,,,,None,186000000,,3.68,0.011,,,,1.441,0.0,239000000,425000000,3.07,2020-06-30,17.27,,4203000000.0,750000000,177000000,75000000,,,None,62000000,None,,None,,,,,94000000,None,None,None,0.189,,587000000,163000000,,,,,None,,,,,1.08,4.142,3.328,,,,,,,,0.216,,,2025-10-30,quarterly,3.07,USD,pre-market,None,,0.0508,0.276,0.0,99.06,None,,,,321.17,323.72,0.0,,,,,,,2113000000,,16.02,,352.79,291.3
2025-12-28,WTW,20.88,9807000000.0,16.02,,0.635,80.53,,,,,,,,,,,,,,,None,1394000000,1394000000,,,,,,None,219000000,,3.68,0.011,,,,1.441,0.0,452000000,671000000,3.07,2020-03-31,17.27,,4203000000.0,1072000000,391000000,78000000,,,None,61000000,None,,None,,,,,305000000,None,None,None,0.189,,712000000,360000000,,,,,None,,,,,1.08,4.142,3.328,,,,,,,,0.216,,,2025-10-30,quarterly,3.07,USD,pre-market,None,,0.0508,0.276,0.0,99.06,None,,,,321.17,323.72,0.0,,,,,,,2466000000,,16.02,,352.79,291.3
2025-12-28,WTW,20.88,9807000000.0,16.02,,0.635,80.53,,,,,,,,,,,,,,,None,1340000000,1340000000,,,,,,None,190000000,,3.68,0.011,,,,1.441,0.0,737000000,927000000,3.07,2019-12-31,17.27,,4203000000.0,1350000000,675000000,124000000,,,None,62000000,None,,None,,,,,544000000,None,None,None,0.189,,663000000,687000000,,,,,None,,,,,1.08,4.142,3.328,,,,,,,,0.216,,,2025-10-30,quarterly,3.07,USD,pre-market,None,,0.0508,0.276,0.0,99.06,None,,,,321.17,323.72,0.0,,,,,,,2690000000,,16.02,,352.79,291.3
2025-12-28,WTW,20.88,9807000000.0,16.02,,0.635,80.53,,,,,,,,,,,,,,,None,1283000000,1283000000,,,,,,None,176000000,,3.68,0.011,,,,1.441,0.0,162000000,338000000,3.07,2019-09-30,17.27,,4203000000.0,706000000,100000000,20000000,,,None,62000000,None,,None,,,,,75000000,None,None,None,0.189,,599000000,107000000,,,,,None,,,,,1.08,4.142,3.328,,,,,,,,0.216,,,2025-10-30,quarterly,3.07,USD,pre-market,None,,0.0508,0.276,0.0,99.06,None,,,,321.17,323.72,0.0,,,,,,,1989000000,,16.02,,352.79,291.3
2025-12-28,WTW,20.88,9807000000.0,16.02,,0.635,80.53,,,,,,,,,,,,,,,None,1278000000,1278000000,,,,,,None,182000000,,3.68,0.011,,,,1.441,0.0,243000000,425000000,3.07,2019-06-30,17.27,,4203000000.0,770000000,187000000,38000000,,,None,56000000,None,,None,,,,,138000000,None,None,None,0.189,,594000000,176000000,,,,,None,,,,,1.08,4.142,3.328,,,,,,,,0.216,,,2025-10-30,quarterly,3.07,USD,pre-market,None,,0.0508,0.276,0.0,99.06,None,,,,321.17,323.72,0.0,,,,,,,2048000000,,16.02,,352.79,291.3
2025-12-28,WTW,20.88,9807000000.0,16.02,,0.635,80.53,,,,,,,,,,,,,,,None,1348000000,1348000000,,,,,,None,181000000,,3.68,0.011,,,,1.441,0.0,414000000,595000000,3.07,2019-03-31,17.27,,4203000000.0,964000000,360000000,67000000,,,None,54000000,None,,None,,,,,287000000,None,None,None,0.189,,605000000,359000000,,,,,None,,,,,1.08,4.142,3.328,,,,,,,,0.216,,,2025-10-30,quarterly,3.07,USD,pre-market,None,,0.0508,0.276,0.0,99.06,None,,,,321.17,323.72,0.0,,,,,,,2312000000,,16.02,,352.79,291.3
2025-12-28,WTW,20.88,9807000000.0,16.02,,0.635,80.53,,,,,,,,,,,,,,,None,1233000000,1233000000,,,,,,None,181000000,,3.68,0.011,,,,1.441,0.0,531000000,712000000,3.07,2018-12-31,17.27,,4203000000.0,1139000000,477000000,94000000,,,None,54000000,None,,None,,,,,378000000,None,None,None,0.189,,669000000,470000000,,,,,None,,,,,1.08,4.142,3.328,,,,,,,,0.216,,,2025-10-30,quarterly,3.07,USD,pre-market,None,,0.0508,0.276,0.0,99.06,None,,,,321.17,323.72,0.0,,,,,,,2372000000,,16.02,,352.79,291.3
2025-12-28,WTW,20.88,9807000000.0,16.02,,0.635,80.53,,,,,,,,,,,,,,,None,1238000000,1238000000,,,,,,None,181000000,,3.68,0.011,,,,1.441,0.0,87000000,268000000,3.07,2018-09-30,17.27,,4203000000.0,621000000,36000000,-10000000,,,None,51000000,None,,None,,,,,44000000,None,None,None,0.189,,604000000,17000000,,,,,None,,,,,1.08,4.142,3.328,,,,,,,,0.216,,,2025-10-30,quarterly,3.07,USD,pre-market,None,,0.0508,0.276,0.0,99.06,None,,,,321.17,323.72,0.0,,,,,,,1859000000,,16.02,,352.79,291.3
2025-12-28,WTW,20.88,9807000000.0,16.02,,0.635,80.53,,,,,,,,,,,,,,,None,1275000000,1275000000,,,,,,None,193000000,,3.68,0.011,,,,1.441,0.0,126000000,319000000,3.07,2018-06-30,17.27,,4203000000.0,715000000,74000000,9000000,,,None,52000000,None,,None,,,,,58000000,None,None,None,0.189,,652000000,63000000,,,,,None,,,,,1.08,4.142,3.328,,,,,,,,0.216,,,2025-10-30,quarterly,3.07,USD,pre-market,None,,0.0508,0.276,0.0,99.06,None,,,,321.17,323.72,0.0,,,,,,,1990000000,,16.02,,352.79,291.3
2025-12-28,WTW,20.88,9807000000.0,16.02,,0.635,80.53,,,,,,,,,,,,,,,None,1377000000,1377000000,,,,,,None,192000000,,3.68,0.011,,,,1.441,0.0,315000000,507000000,3.07,2018-03-31,17.27,,4203000000.0,915000000,264000000,43000000,,,None,51000000,None,,None,,,,,215000000,None,None,None,0.189,,656000000,259000000,,,,,None,,,,,1.08,4.142,3.328,,,,,,,,0.216,,,2025-10-30,quarterly,3.07,USD,pre-market,None,,0.0508,0.276,0.0,99.06,None,,,,321.17,323.72,0.0,,,,,,,2292000000,,16.02,,352.79,291.3
2025-12-28,WTW,20.88,9807000000.0,16.02,,0.635,80.53,,,,,,,,,,,,,,,None,1261000000,1261000000,,,,,,None,223000000,,3.68,0.011,,,,1.441,0.0,128000000,351000000,3.07,2017-12-31,17.27,,4203000000.0,817000000,80000000,-173000000,,,None,49000000,None,,None,,,,,245000000,None,None,None,0.189,,707000000,110000000,,,,,None,,,,,1.08,4.142,3.328,,,,,,,,0.216,,,2025-10-30,quarterly,3.07,USD,pre-market,None,,0.0508,0.276,0.0,99.06,None,,,,321.17,323.72,0.0,,,,,,,2078000000,,16.02,,352.79,291.3
2025-12-28,WTW,20.88,9807000000.0,16.02,,0.635,80.53,,,,,,,,,,,,,,,None,1212000000,1212000000,,,,,,None,198000000,,3.68,0.011,,,,1.441,0.0,12000000,210000000,3.07,2017-09-30,17.27,,4203000000.0,640000000,-35000000,19000000,,,None,47000000,None,,None,,,,,-54000000,None,None,None,0.189,,666000000,-26000000,,,,,None,,,,,1.08,4.142,3.328,,,,,,,,0.216,,,2025-10-30,quarterly,3.07,USD,pre-market,None,,0.0508,0.276,0.0,99.06,None,,,,321.17,323.72,0.0,,,,,,,1852000000,,16.02,,352.79,291.3
2025-12-28,WTW,20.88,9807000000.0,16.02,,0.635,80.53,,,,,,,,,,,,,,,None,1211000000,1211000000,,,,,,None,209000000,,3.68,0.011,,,,1.441,0.0,95000000,304000000,3.07,2017-06-30,17.27,,4203000000.0,742000000,50000000,8000000,,,None,46000000,None,,None,,,,,33000000,None,None,None,0.189,,681000000,61000000,,,,,None,,,,,1.08,4.142,3.328,,,,,,,,0.216,,,2025-10-30,quarterly,3.07,USD,pre-market,None,,0.0508,0.276,0.0,99.06,None,,,,321.17,323.72,0.0,,,,,,,1953000000,,16.02,,352.79,291.3
2025-12-28,WTW,20.88,9807000000.0,16.02,,0.635,80.53,,,,,,,,,,,,,,,None,1253000000,1253000000,,,,,,None,203000000,,3.68,0.011,,,,1.441,0.0,444000000,647000000,3.07,2017-03-31,17.27,,4203000000.0,1066000000,399000000,46000000,,,None,46000000,None,,None,,,,,344000000,None,None,None,0.189,,665000000,401000000,,,,,None,,,,,1.08,4.142,3.328,,,,,,,,0.216,,,2025-10-30,quarterly,3.07,USD,pre-market,None,,0.0508,0.276,0.0,99.06,None,,,,321.17,323.72,0.0,,,,,,,2319000000,,16.02,,352.79,291.3
2025-12-28,WTW,20.88,9807000000.0,16.02,,0.635,80.53,,,,,,,,,,,,,,,None,1127000000,1127000000,,,,,,None,194000000,,3.68,0.011,,,,1.441,0.0,87000000,281000000,3.07,2016-12-31,17.27,,4203000000.0,800000000,41000000,-107000000,,,None,46000000,None,,None,,,,,142000000,None,None,None,0.189,,712000000,88000000,,,,,None,,,,,1.08,4.142,3.328,,,,,,,,0.216,,,2025-10-30,quarterly,3.07,USD,pre-market,None,,0.0508,0.276,0.0,99.06,None,,,,321.17,323.72,0.0,,,,,,,1927000000,,16.02,,352.79,291.3
2025-12-28,WTW,20.88,9807000000.0,16.02,,0.635,80.53,,,,,,,,,,,,,,,None,1119000000,1119000000,,,,,,None,202000000,,3.68,0.011,,,,1.441,0.0,-13000000,189000000,3.07,2016-09-30,17.27,,4203000000.0,658000000,-57000000,-26000000,,,None,45000000,None,,None,,,,,-32000000,None,None,None,0.189,,657000000,1000000,,,,,None,,,,,1.08,4.142,3.328,,,,,,,,0.216,,,2025-10-30,quarterly,3.07,USD,pre-market,None,,0.0508,0.276,0.0,99.06,None,,,,321.17,323.72,0.0,,,,,,,1777000000,,16.02,,352.79,291.3
2025-12-28,WTW,20.88,9807000000.0,16.02,,0.635,80.53,,,,,,,,,,,,,,,None,1201000000,1201000000,,,,,,None,169000000,,3.68,0.011,,,,1.441,0.0,142000000,311000000,3.07,2016-06-30,17.27,,4203000000.0,748000000,95000000,19000000,,,None,47000000,None,,None,,,,,72000000,None,None,None,0.189,,612000000,136000000,,,,,None,,,,,1.08,4.142,3.328,,,,,,,,0.216,,,2025-10-30,quarterly,3.07,USD,pre-market,None,,0.0508,0.276,0.0,99.06,None,,,,321.17,323.72,0.0,,,,,,,1949000000,,16.02,,352.79,291.3
2025-12-28,WTW,20.88,9807000000.0,16.02,,0.635,80.53,,,,,,,,,,,,,,,None,1196000000,1196000000,,,,,,None,204000000,,3.68,0.011,,,,1.441,0.0,308000000,512000000,3.07,2016-03-31,17.27,,4203000000.0,1038000000,263000000,18000000,,,None,46000000,None,,None,,,,,238000000,None,None,None,0.189,,712000000,326000000,,,,,None,,,,,1.08,4.142,3.328,,,,,,,,0.216,,,2025-10-30,quarterly,3.07,USD,pre-market,None,,0.0508,0.276,0.0,99.06,None,,,,321.17,323.72,0.0,,,,,,,2234000000,,16.02,,352.79,291.3
2025-12-28,WTW,20.88,9807000000.0,16.02,,0.635,80.53,,,,,,,,,,,,,,,None,608000000,608000000,,,,,,None,48000000,,3.68,0.011,,,,1.441,0.0,31000000,79000000,3.07,2015-12-31,17.27,,4203000000.0,366000000,-14000000,4000000,,,None,39000000,None,,None,,,,,-24000000,None,None,None,0.189,,364000000,2000000,,,,,None,,,,,1.08,4.142,3.328,,,,,,,,0.216,,,2025-10-30,quarterly,3.07,USD,pre-market,None,,0.0508,0.276,0.0,99.06,None,,,,321.17,323.72,0.0,,,,,,,974000000,,16.02,,352.79,291.3
2025-12-28,WTW,20.88,9807000000.0,16.02,,0.635,80.53,,,,,,,,,,,,,,,None,570000000,570000000,,,,,,None,48000000,,3.68,0.011,,,,1.441,0.0,36000000,84000000,3.07,2015-09-30,17.27,,4203000000.0,276000000,4000000,-112000000,,,None,35000000,None,,None,,,,,117000000,None,None,None,0.189,,249000000,27000000,,,,,None,,,,,1.08,4.142,3.328,,,,,,,,0.216,,,2025-10-30,quarterly,3.07,USD,pre-market,None,,0.0508,0.276,0.0,99.06,None,,,,321.17,323.72,0.0,,,,,,,846000000,,16.02,,352.79,291.3
2025-12-28,WTW,20.88,9807000000.0,16.02,,0.635,80.53,,,,,,,,,,,,,,,None,561000000,561000000,,,,,,None,39000000,,3.68,0.011,,,,1.441,0.0,128000000,167000000,3.07,2015-06-30,17.27,,4203000000.0,361000000,91000000,19000000,,,None,35000000,None,,None,,,,,70000000,None,None,None,0.189,,256000000,105000000,,,,,None,,,,,1.08,4.142,3.328,,,,,,,,0.216,,,2025-10-30,quarterly,3.07,USD,pre-market,None,,0.0508,0.276,0.0,99.06,None,,,,321.17,323.72,0.0,,,,,,,922000000,,16.02,,352.79,291.3
2025-12-28,WTW,20.88,9807000000.0,16.02,,0.635,80.53,,,,,,,,,,,,,,,None,567000000,567000000,,,,,,None,36000000,,3.68,0.011,,,,1.441,0.0,287000000,323000000,3.07,2015-03-31,17.27,,4203000000.0,520000000,270000000,56000000,,,None,33000000,None,,None,,,,,210000000,None,None,None,0.189,,227000000,293000000,,,,,None,,,,,1.08,4.142,3.328,,,,,,,,0.216,,,2025-10-30,quarterly,3.07,USD,pre-market,None,,0.0508,0.276,0.0,99.06,None,,,,321.17,323.72,0.0,,,,,,,1087000000,,16.02,,352.79,291.3
2025-12-28,WTW,20.88,9807000000.0,16.02,,0.635,80.53,,,,,,,,,,,,,,,None,600000000,600000000,,,,,,None,38000000,,3.68,0.011,,,,1.441,0.0,157000000,195000000,3.07,2014-12-31,17.27,,4203000000.0,358000000,118000000,35000000,,,None,34000000,None,,None,,,,,76000000,None,None,None,0.189,,219000000,139000000,,,,,None,,,,,1.08,4.142,3.328,,,,,,,,0.216,,,2025-10-30,quarterly,3.07,USD,pre-market,None,,0.0508,0.276,0.0,99.06,None,,,,321.17,323.72,0.0,,,,,,,958000000,,16.02,,352.79,291.3
2025-12-28,WTW,20.88,9807000000.0,16.02,,0.635,80.53,,,,,,,,,,,,,,,None,569000000,569000000,,,,,,None,36000000,,3.68,0.011,,,,1.441,0.0,25000000,61000000,3.07,2014-09-30,17.27,,4203000000.0,243000000,-6000000,2000000,,,None,34000000,None,,None,,,,,-7000000,None,None,None,0.189,,209000000,34000000,,,,,None,,,,,1.08,4.142,3.328,,,,,,,,0.216,,,2025-10-30,quarterly,3.07,USD,pre-market,None,,0.0508,0.276,0.0,99.06,None,,,,321.17,323.72,0.0,,,,,,,812000000,,16.02,,352.79,291.3
2025-12-28,WTW,20.88,9807000000.0,16.02,,0.635,80.53,,,,,,,,,,,,,,,None,575000000,575000000,,,,,,None,36000000,,3.68,0.011,,,,1.441,0.0,145000000,181000000,3.07,2014-06-30,17.27,,4203000000.0,360000000,107000000,59000000,,,None,35000000,None,,None,,,,,47000000,None,None,None,0.189,,212000000,148000000,,,,,None,,,,,1.08,4.142,3.328,,,,,,,,0.216,,,2025-10-30,quarterly,3.07,USD,pre-market,None,,0.0508,0.276,0.0,99.06,None,,,,321.17,323.72,0.0,,,,,,,935000000,,16.02,,352.79,291.3
2025-12-28,WTW,20.88,9807000000.0,16.02,,0.635,80.53,,,,,,,,,,,,,,,None,570000000,570000000,,,,,,None,36000000,,3.68,0.011,,,,1.441,0.0,326000000,362000000,3.07,2014-03-31,17.27,,4203000000.0,527000000,313000000,63000000,,,None,32000000,None,,None,,,,,246000000,None,None,None,0.189,,201000000,326000000,,,,,None,,,,,1.08,4.142,3.328,,,,,,,,0.216,,,2025-10-30,quarterly,3.07,USD,pre-market,None,,0.0508,0.276,0.0,99.06,None,,,,321.17,323.72,0.0,,,,,,,1097000000,,16.02,,352.79,291.3
2025-12-28,WTW,20.88,9807000000.0,16.02,,0.635,80.53,,,,,,,,,,,,,,,None,569000000,569000000,,,,,,None,39000000,,3.68,0.011,,,,1.441,0.0,152000000,191000000,3.07,2013-12-31,17.27,,4203000000.0,350000000,108000000,34000000,,,None,33000000,None,,None,,,,,68000000,None,None,None,0.189,,198000000,152000000,,,,,None,,,,,1.08,4.142,3.328,,,,,,,,0.216,,,2025-10-30,quarterly,3.07,USD,pre-market,None,,0.0508,0.276,0.0,99.06,None,,,,321.17,323.72,0.0,,,,,,,919000000,,16.02,,352.79,291.3
2025-12-28,WTW,20.88,9807000000.0,16.02,,0.635,80.53,,,,,,,,,,,,,,,None,541000000,541000000,,,,,,None,35000000,,3.68,0.011,,,,1.441,0.0,15000000,50000000,3.07,2013-09-30,17.27,,4203000000.0,254000000,-16000000,11000000,,,None,30000000,None,,None,,,,,-27000000,None,None,None,0.189,,184000000,70000000,,,,,None,,,,,1.08,4.142,3.328,,,,,,,,0.216,,,2025-10-30,quarterly,3.07,USD,pre-market,None,,0.0508,0.276,0.0,99.06,None,,,,321.17,323.72,0.0,,,,,,,795000000,,16.02,,352.79,291.3
2025-12-28,WTW,20.88,9807000000.0,16.02,,0.635,80.53,,,,,,,,,,,,,,,None,529000000,529000000,,,,,,None,35000000,,3.68,0.011,,,,1.441,0.0,171000000,206000000,3.07,2013-06-30,17.27,,4203000000.0,361000000,136000000,29000000,,,None,32000000,None,,None,,,,,105000000,None,None,None,0.189,,194000000,167000000,,,,,None,,,,,1.08,4.142,3.328,,,,,,,,0.216,,,2025-10-30,quarterly,3.07,USD,pre-market,None,,0.0508,0.276,0.0,99.06,None,,,,321.17,323.72,0.0,,,,,,,890000000,,16.02,,352.79,291.3
2025-12-28,WTW,20.88,9807000000.0,16.02,,0.635,80.53,,,,,,,,,,,,,,,None,568000000,568000000,,,,,,None,40000000,,3.68,0.011,,,,1.441,0.0,287000000,327000000,3.07,2013-03-31,17.27,,4203000000.0,483000000,271000000,48000000,,,None,31000000,None,,None,,,,,219000000,None,None,None,0.189,,202000000,281000000,,,,,None,,,,,1.08,4.142,3.328,,,,,,,,0.216,,,2025-10-30,quarterly,3.07,USD,pre-market,None,,0.0508,0.276,0.0,99.06,None,,,,321.17,323.72,0.0,,,,,,,1051000000,,16.02,,352.79,291.3
2025-12-28,WTW,20.88,9807000000.0,16.02,,0.635,80.53,,,,,,,,,,,,,,,None,2475000000,2475000000,,,,,,None,35000000,,3.68,0.011,,,,1.441,0.0,-775000000,-740000000,3.07,2012-12-31,17.27,,4203000000.0,-1604000000,-813000000,-13000000,,,None,31000000,None,,None,,,,,-805000000,None,None,None,0.189,,-829000000,-775000000,,,,,None,,,,,1.08,4.142,3.328,,,,,,,,0.216,,,2025-10-30,quarterly,3.07,USD,pre-market,None,,0.0508,0.276,0.0,99.06,1508000000,,,,321.17,323.72,0.0,,,,,,,871000000,,16.02,,352.79,291.3
2025-12-28,WTW,20.88,9807000000.0,16.02,,0.635,80.53,,,,,,,,,,,,,,,None,502000000,502000000,,,,,,None,35000000,,3.68,0.011,,,,1.441,0.0,70000000,105000000,3.07,2012-09-30,17.27,,4203000000.0,252000000,36000000,10000000,,,None,32000000,None,,None,,,,,26000000,None,None,None,0.189,,182000000,70000000,,,,,None,,,,,1.08,4.142,3.328,,,,,,,,0.216,,,2025-10-30,quarterly,3.07,USD,pre-market,None,,0.0508,0.276,0.0,99.06,502000000,,,,321.17,323.72,0.0,,,,,,,754000000,,16.02,,352.79,291.3
2025-12-28,WTW,20.88,9807000000.0,16.02,,0.635,80.53,,,,,,,,,,,,,,,None,500000000,500000000,,,,,,None,34000000,,3.68,0.011,,,,1.441,0.0,179000000,213000000,3.07,2012-06-30,17.27,,4203000000.0,342000000,145000000,36000000,,,None,33000000,None,,None,,,,,108000000,None,None,None,0.189,,163000000,179000000,,,,,None,,,,,1.08,4.142,3.328,,,,,,,,0.216,,,2025-10-30,quarterly,3.07,USD,pre-market,None,,0.0508,0.276,0.0,99.06,500000000,,,,321.17,323.72,0.0,,,,,,,842000000,,16.02,,352.79,291.3
2025-12-28,WTW,20.88,9807000000.0,16.02,,0.635,80.53,,,,,,,,,,,,,,,None,506000000,506000000,,,,,,None,34000000,,3.68,0.011,,,,1.441,0.0,317000000,351000000,3.07,2012-03-31,17.27,,4203000000.0,507000000,300000000,68000000,,,None,32000000,None,,None,,,,,225000000,None,None,None,0.189,,190000000,317000000,,,,,None,,,,,1.08,4.142,3.328,,,,,,,,0.216,,,2025-10-30,quarterly,3.07,USD,pre-market,None,,0.0508,0.276,0.0,99.06,506000000,,,,321.17,323.72,0.0,,,,,,,1013000000,,16.02,,352.79,291.3
2025-12-28,WTW,20.88,9807000000.0,16.02,,0.635,80.53,,,,,,,,,,,,,,,None,2811000000,2811000000,,,,,,None,34000000,,3.68,0.011,,,,1.441,0.0,81000000,115000000,3.07,2011-12-31,17.27,,4203000000.0,814000000,26000000,-2000000,,,None,44000000,None,,None,,,,,25000000,None,None,None,0.189,,733000000,81000000,,,,,None,,,,,1.08,4.142,3.328,,,,,,,,0.216,,,2025-10-30,quarterly,3.07,USD,pre-market,None,,0.0508,0.276,0.0,99.06,507000000,,,,321.17,323.72,0.0,,,,,,,814000000,,16.02,,352.79,291.3
2025-12-28,WTW,20.88,9807000000.0,16.02,,0.635,80.53,,,,,,,,,,,,,,,None,655000000,655000000,,,,,,None,35000000,,3.68,0.011,,,,1.441,0.0,90000000,125000000,3.07,2011-09-30,17.27,,4203000000.0,760000000,62000000,2000000,,,None,38000000,None,,None,,,,,60000000,None,None,None,0.189,,670000000,90000000,,,,,None,,,,,1.08,4.142,3.328,,,,,,,,0.216,,,2025-10-30,quarterly,3.07,USD,pre-market,None,,0.0508,0.276,0.0,99.06,489000000,,,,321.17,323.72,0.0,,,,,,,760000000,,16.02,,352.79,291.3
2025-12-28,WTW,20.88,9807000000.0,16.02,,0.635,80.53,,,,,,,,,,,,,,,None,687000000,687000000,,,,,,None,36000000,,3.68,0.011,,,,1.441,0.0,156000000,192000000,3.07,2011-06-30,17.27,,4203000000.0,861000000,119000000,31000000,,,None,34000000,None,,None,,,,,85000000,None,None,None,0.189,,705000000,156000000,,,,,None,,,,,1.08,4.142,3.328,,,,,,,,0.216,,,2025-10-30,quarterly,3.07,USD,pre-market,None,,0.0508,0.276,0.0,99.06,505000000,,,,321.17,323.72,0.0,,,,,,,861000000,,16.02,,352.79,291.3
2025-12-28,WTW,20.88,9807000000.0,16.02,,0.635,80.53,,,,,,,,,,,,,,,None,754000000,754000000,,,,,,None,37000000,,3.68,0.011,,,,1.441,0.0,68000000,105000000,3.07,2011-03-31,17.27,,4203000000.0,1007000000,44000000,1000000,,,None,40000000,None,,None,,,,,34000000,None,None,None,0.189,,768000000,239000000,,,,,None,,,,,1.08,4.142,3.328,,,,,,,,0.216,,,2025-10-30,quarterly,3.07,USD,pre-market,None,,0.0508,0.276,0.0,99.06,583000000,,,,321.17,323.72,0.0,,,,,,,1007000000,,16.02,,352.79,291.3
2025-12-28,WTW,20.88,9807000000.0,16.02,,0.635,80.53,,,,,,,,,,,,,,,None,2521000000,2521000000,,,,,,None,36000000,,3.68,0.011,,,,1.441,0.0,177000000,213000000,3.07,2010-12-31,17.27,,4203000000.0,835000000,131000000,28000000,,,None,42000000,None,,None,,,,,98000000,None,None,None,0.189,,658000000,177000000,,,,,None,,,,,1.08,4.142,3.328,,,,,,,,0.216,,,2025-10-30,quarterly,3.07,USD,pre-market,None,,0.0508,0.276,0.0,99.06,469000000,,,,321.17,323.72,0.0,,,,,,,835000000,,16.02,,352.79,291.3
2025-12-28,WTW,20.88,9807000000.0,16.02,,0.635,80.53,,,,,,,,,,,,,,,None,613000000,613000000,,,,,,None,36000000,,3.68,0.011,,,,1.441,0.0,106000000,142000000,3.07,2010-09-30,17.27,,4203000000.0,733000000,75000000,10000000,,,None,40000000,None,,None,,,,,64000000,None,None,None,0.189,,627000000,106000000,,,,,None,,,,,1.08,4.142,3.328,,,,,,,,0.216,,,2025-10-30,quarterly,3.07,USD,pre-market,None,,0.0508,0.276,0.0,99.06,462000000,,,,321.17,323.72,0.0,,,,,,,733000000,,16.02,,352.79,291.3
2025-12-28,WTW,20.88,9807000000.0,16.02,,0.635,80.53,,,,,,,,,,,,,,,None,612000000,612000000,,,,,,None,37000000,,3.68,0.011,,,,1.441,0.0,169000000,206000000,3.07,2010-06-30,17.27,,4203000000.0,799000000,126000000,35000000,,,None,41000000,None,,None,,,,,89000000,None,None,None,0.189,,630000000,169000000,,,,,None,,,,,1.08,4.142,3.328,,,,,,,,0.216,,,2025-10-30,quarterly,3.07,USD,pre-market,None,,0.0508,0.276,0.0,99.06,456000000,,,,321.17,323.72,0.0,,,,,,,799000000,,16.02,,352.79,291.3
2025-12-28,WTW,20.88,9807000000.0,16.02,,0.635,80.53,,,,,,,,,,,,,,,None,656000000,656000000,,,,,,None,36000000,,3.68,0.011,,,,1.441,0.0,301000000,337000000,3.07,2010-03-31,17.27,,4203000000.0,972000000,278000000,67000000,,,None,43000000,None,,None,,,,,204000000,None,None,None,0.189,,671000000,301000000,,,,,None,,,,,1.08,4.142,3.328,,,,,,,,0.216,,,2025-10-30,quarterly,3.07,USD,pre-market,None,,0.0508,0.276,0.0,99.06,486000000,,,,321.17,323.72,0.0,,,,,,,972000000,,16.02,,352.79,291.3
2025-12-28,WTW,20.88,9807000000.0,16.02,,0.635,80.53,,,,,,,,,,,,,,,None,2522000000,2522000000,,,,,,None,41000000,,3.68,0.011,,,,1.441,0.0,173000000,214000000,3.07,2009-12-31,17.27,,4203000000.0,824000000,118000000,32000000,,,None,46000000,None,,None,,,,,79000000,None,None,None,0.189,,651000000,173000000,,,,,None,,,,,1.08,4.142,3.328,,,,,,,,0.216,,,2025-10-30,quarterly,3.07,USD,pre-market,None,,0.0508,0.276,0.0,99.06,455000000,,,,321.17,323.72,0.0,,,,,,,824000000,,16.02,,352.79,291.3
2025-12-28,WTW,20.88,9807000000.0,16.02,,0.635,80.53,,,,,,,,,,,,,,,None,629000000,629000000,,,,,,None,44000000,,3.68,0.011,,,,1.441,0.0,82000000,126000000,3.07,2009-09-30,17.27,,4203000000.0,725000000,51000000,-29000000,,,None,47000000,None,,None,,,,,79000000,None,None,None,0.189,,643000000,82000000,,,,,None,,,,,1.08,4.142,3.328,,,,,,,,0.216,,,2025-10-30,quarterly,3.07,USD,pre-market,None,,0.0508,0.276,0.0,99.06,449000000,,,,321.17,323.72,0.0,,,,,,,725000000,,16.02,,352.79,291.3
2025-12-28,WTW,20.88,9807000000.0,16.02,,0.635,80.53,,,,,,,,,,,,,,,None,605000000,605000000,,,,,,None,37000000,,3.68,0.011,,,,1.441,0.0,165000000,202000000,3.07,2009-06-30,17.27,,4203000000.0,784000000,122000000,31000000,,,None,43000000,None,,None,,,,,87000000,None,None,None,0.189,,619000000,165000000,,,,,None,,,,,1.08,4.142,3.328,,,,,,,,0.216,,,2025-10-30,quarterly,3.07,USD,pre-market,None,,0.0508,0.276,0.0,99.06,443000000,,,,321.17,323.72,0.0,,,,,,,784000000,,16.02,,352.79,291.3
2025-12-28,WTW,20.88,9807000000.0,16.02,,0.635,80.53,,,,,,,,,,,,,,,None,642000000,642000000,,,,,,None,38000000,,3.68,0.011,,,,1.441,0.0,274000000,312000000,3.07,2009-03-31,17.27,,4203000000.0,930000000,262000000,62000000,,,None,38000000,None,,None,,,,,193000000,None,None,None,0.189,,656000000,274000000,,,,,None,,,,,1.08,4.142,3.328,,,,,,,,0.216,,,2025-10-30,quarterly,3.07,USD,pre-market,None,,0.0508,0.276,0.0,99.06,480000000,,,,321.17,323.72,0.0,,,,,,,930000000,,16.02,,352.79,291.3
2025-12-28,WTW,20.88,9807000000.0,16.02,,0.635,80.53,,,,,,,,,,,,,,,None,1862000000,1862000000,,,,,,None,37000000,,3.68,0.011,,,,1.441,0.0,136000000,173000000,3.07,2008-12-31,17.27,,4203000000.0,799000000,100000000,23000000,,,None,105000000,None,,None,,,,,62000000,None,None,None,0.189,,663000000,136000000,,,,,None,,,,,1.08,4.142,3.328,,,,,,,,0.216,,,2025-10-30,quarterly,3.07,USD,pre-market,None,,0.0508,0.276,0.0,99.06,None,,,,321.17,323.72,0.0,,,,,,,799000000,,16.02,,352.79,291.3
2025-12-28,WTW,20.88,9807000000.0,16.02,,0.635,80.53,,,,,,,,,,,,,,,None,131000000,131000000,,,,,,None,20000000,,3.68,0.011,,,,1.441,0.0,66000000,86000000,3.07,2008-09-30,17.27,,4203000000.0,448000000,34000000,-2000000,,,None,32000000,None,,None,,,,,36000000,None,None,None,0.189,,382000000,66000000,,,,,None,,,,,1.08,4.142,3.328,,,,,,,,0.216,,,2025-10-30,quarterly,3.07,USD,pre-market,None,,0.0508,0.276,0.0,99.06,None,,,,321.17,323.72,0.0,,,,,,,579000000,,16.02,,352.79,291.3
2025-12-28,WTW,20.88,9807000000.0,16.02,,0.635,80.53,,,,,,,,,,,,,,,None,141000000,141000000,,,,,,None,17000000,,3.68,0.011,,,,1.441,0.0,77000000,94000000,3.07,2008-06-30,17.27,,4203000000.0,661000000,53000000,12000000,,,None,21000000,None,,None,,,,,39000000,None,None,None,0.189,,584000000,77000000,,,,,None,,,,,1.08,4.142,3.328,,,,,,,,0.216,,,2025-10-30,quarterly,3.07,USD,pre-market,None,,0.0508,0.276,0.0,99.06,428000000,,,,321.17,323.72,0.0,,,,,,,661000000,,16.02,,352.79,291.3
2025-12-28,WTW,20.88,9807000000.0,16.02,,0.635,80.53,,,,,,,,,,,,,,,None,149000000,149000000,,,,,,None,16000000,,3.68,0.011,,,,1.441,0.0,225000000,241000000,3.07,2008-03-31,17.27,,4203000000.0,795000000,235000000,60000000,,,None,16000000,None,,None,,,,,166000000,None,None,None,0.189,,570000000,225000000,,,,,None,,,,,1.08,4.142,3.328,,,,,,,,0.216,,,2025-10-30,quarterly,3.07,USD,pre-market,None,,0.0508,0.276,0.0,99.06,411000000,,,,321.17,323.72,0.0,,,,,,,795000000,,16.02,,352.79,291.3
2025-12-28,WTW,20.88,9807000000.0,16.02,,0.635,80.53,,,,,,,,,,,,,,,None,1567000000,1567000000,,,,,,None,17000000,,3.68,0.011,,,,1.441,0.0,151000000,168000000,3.07,2007-12-31,17.27,,4203000000.0,639000000,133000000,28000000,,,None,66000000,None,,None,,,,,95000000,None,None,None,0.189,,488000000,151000000,,,,,None,,,,,1.08,4.142,3.328,,,,,,,,0.216,,,2025-10-30,quarterly,3.07,USD,pre-market,None,,0.0508,0.276,0.0,99.06,None,,,,321.17,323.72,0.0,,,,,,,639000000,,16.02,,352.79,291.3
2025-12-28,WTW,20.88,9807000000.0,16.02,,0.635,80.53,,,,,,,,,,,,,,,None,116000000,116000000,,,,,,None,16000000,,3.68,0.011,,,,1.441,0.0,93000000,109000000,3.07,2007-09-30,17.27,,4203000000.0,458000000,76000000,12000000,,,None,17000000,None,,None,,,,,67000000,None,None,None,0.189,,365000000,93000000,,,,,None,,,,,1.08,4.142,3.328,,,,,,,,0.216,,,2025-10-30,quarterly,3.07,USD,pre-market,None,,0.0508,0.276,0.0,99.06,None,,,,321.17,323.72,0.0,,,,,,,574000000,,16.02,,352.79,291.3
2025-12-28,WTW,20.88,9807000000.0,16.02,,0.635,80.53,,,,,,,,,,,,,,,None,114000000,114000000,,,,,,None,17000000,,3.68,0.011,,,,1.441,0.0,138000000,155000000,3.07,2007-06-30,17.27,,4203000000.0,512000000,119000000,36000000,,,None,19000000,None,,None,,,,,78000000,None,None,None,0.189,,374000000,138000000,,,,,None,,,,,1.08,4.142,3.328,,,,,,,,0.216,,,2025-10-30,quarterly,3.07,USD,pre-market,None,,0.0508,0.276,0.0,99.06,None,,,,321.17,323.72,0.0,,,,,,,626000000,,16.02,,352.79,291.3
2025-12-28,WTW,20.88,9807000000.0,16.02,,0.635,80.53,,,,,,,,,,,,,,,None,111000000,111000000,,,,,,None,16000000,,3.68,0.011,,,,1.441,0.0,238000000,254000000,3.07,2007-03-31,17.27,,4203000000.0,628000000,226000000,68000000,,,None,12000000,None,,None,,,,,169000000,None,None,None,0.189,,390000000,238000000,,,,,None,,,,,1.08,4.142,3.328,,,,,,,,0.216,,,2025-10-30,quarterly,3.07,USD,pre-market,None,,0.0508,0.276,0.0,99.06,None,,,,321.17,323.72,0.0,,,,,,,739000000,,16.02,,352.79,291.3
2025-12-28,WTW,20.88,9807000000.0,16.02,,0.635,80.53,,,,,,,,,,,,,,,None,244089000,244089000,,,,,,None,17000000,,3.68,0.011,,,,1.441,0.0,125000000,142000000,3.07,2006-12-31,17.27,,4203000000.0,621000000,121000000,-38000000,,,None,38000,None,,None,,,,,148000000,None,None,None,0.189,,489000000,132000000,,,,,None,,,,,1.08,4.142,3.328,,,,,,,,0.216,,,2025-10-30,quarterly,3.07,USD,pre-market,None,,0.0508,0.276,0.0,99.06,None,,,,321.17,323.72,0.0,,,,,,,621000000,,16.02,,352.79,291.3
2025-12-28,WTW,20.88,9807000000.0,16.02,,0.635,80.53,,,,,,,,,,,,,,,None,138000000,138000000,,,,,,None,17000000,,3.68,0.011,,,,1.441,0.0,104000000,121000000,3.07,2006-09-30,17.27,,4203000000.0,405000000,88000000,3000000,,,None,9000,None,,None,,,,,89000000,None,None,None,0.189,,308000000,97000000,,,,,None,,,,,1.08,4.142,3.328,,,,,,,,0.216,,,2025-10-30,quarterly,3.07,USD,pre-market,None,,0.0508,0.276,0.0,99.06,None,,,,321.17,323.72,0.0,,,,,,,543000000,,16.02,,352.79,291.3
2025-12-28,WTW,20.88,9807000000.0,16.02,,0.635,80.53,,,,,,,,,,,,,,,None,108000000,108000000,,,,,,None,15000000,,3.68,0.011,,,,1.441,0.0,119000000,134000000,3.07,2006-06-30,17.27,,4203000000.0,485000000,110000000,36000000,,,None,9000,None,,None,,,,,72000000,None,None,None,0.189,,366000000,119000000,,,,,None,,,,,1.08,4.142,3.328,,,,,,,,0.216,,,2025-10-30,quarterly,3.07,USD,pre-market,None,,0.0508,0.276,0.0,99.06,None,,,,321.17,323.72,0.0,,,,,,,593000000,,16.02,,352.79,291.3
2025-12-28,WTW,20.88,9807000000.0,16.02,,0.635,80.53,,,,,,,,,,,,,,,None,453000,453000,,,,,,None,14000000,,3.68,0.011,,,,1.441,0.0,204000000,218000000,3.07,2006-03-31,17.27,,4203000000.0,671000000,195000000,62000000,,,None,9000,None,,None,,,,,140000000,None,None,None,0.189,,467000000,204000000,,,,,None,,,,,1.08,4.142,3.328,,,,,,,,0.216,,,2025-10-30,quarterly,3.07,USD,pre-market,None,,0.0508,0.276,0.0,99.06,None,,,,321.17,323.72,0.0,,,,,,,671000000,,16.02,,352.79,291.3
2025-12-28,WTW,20.88,9807000000.0,16.02,,0.635,80.53,,,,,,,,,,,,,,,None,1761000,1761000,,,,,,None,14000000,,3.68,0.011,,,,1.441,0.0,107000000,121000000,3.07,2005-12-31,17.27,,4203000000.0,562000000,98000000,31000000,,,None,30000,None,,None,,,,,60000000,None,None,None,0.189,,455000000,107000000,,,,,None,,,,,1.08,4.142,3.328,,,,,,,,0.216,,,2025-10-30,quarterly,3.07,USD,pre-market,None,,0.0508,0.276,0.0,99.06,None,,,,321.17,323.72,0.0,,,,,,,562000000,,16.02,,352.79,291.3
2025-12-28,WTW,20.88,9807000000.0,16.02,,0.635,80.53,,,,,,,,,,,,,,,None,89000000,89000000,,,,,,None,13000000,,3.68,0.011,,,,1.441,0.0,66000000,79000000,3.07,2005-09-30,17.27,,4203000000.0,398000000,57000000,16000000,,,None,9000000,None,,None,,,,,45000000,None,None,None,0.189,,332000000,66000000,,,,,None,,,,,1.08,4.142,3.328,,,,,,,,0.216,,,2025-10-30,quarterly,3.07,USD,pre-market,None,,0.0508,0.276,0.0,99.06,None,,,,321.17,323.72,0.0,,,,,,,487000000,,16.02,,352.79,291.3
2025-12-28,WTW,20.88,9807000000.0,16.02,,0.635,80.53,,,,,,,,,,,,,,,None,5502000000,5502000000,,,,,,None,456000000,,3.68,0.011,,,,1.441,0.0,367000000,823000000,3.07,2024-12-31,17.27,,4203000000.0,4428000000,104000000,192000000,,,None,263000000,None,,None,,,,,-98000000,-88000000,-263000000,None,0.189,,3801000000,627000000,,,,,None,,,,,1.08,4.142,3.328,,,,,,,,0.216,,,2025-10-30,annual,3.07,USD,pre-market,None,,0.0508,0.276,0.0,99.06,None,,,,321.17,323.72,0.0,,,,,,,9930000000,,16.02,,352.79,291.3
2025-12-28,WTW,20.88,9807000000.0,16.02,,0.635,80.53,,,,,,,,,,,,,,,None,1815000000,1815000000,,,,,,None,610000000,,3.68,0.011,,,,1.441,0.0,1365000000,1365000000,3.07,2023-12-31,17.27,,4203000000.0,7668000000,1279000000,-215000000,,,None,235000000,None,,None,,,,,1055000000,1047000000,-226000000,None,0.189,,6303000000,1365000000,,,,,None,,,,,1.08,4.142,3.328,,,,,,,,0.216,,,2025-10-30,annual,3.07,USD,pre-market,0.13,,0.0508,0.276,0.0,99.06,None,,,,321.17,323.72,0.0,,,,,,,9483000000,,16.02,,352.79,291.3
2025-12-28,WTW,20.88,9807000000.0,16.02,,0.635,80.53,,,,,,,,,,,,,,,None,5065000000,5065000000,,,,,,None,567000000,,3.68,0.011,,,,1.441,0.0,1466000000,2033000000,3.07,2022-12-31,17.27,,4203000000.0,3801000000,1258000000,194000000,,,None,208000000,None,,None,,,,,1009000000,1064000000,-208000000,None,0.189,,2623000000,1178000000,,,,,288000000,,,,,1.08,4.142,3.328,,,,,,,,0.216,,,2025-10-30,annual,3.07,USD,pre-market,0.14,,0.0508,0.276,0.0,99.06,6841000000,,,,321.17,323.72,0.0,,,,,,,8866000000,,16.02,,352.79,291.3
2025-12-28,WTW,20.88,9807000000.0,16.02,,0.635,80.53,,,,,,,,,,,,,,,None,5253000000,5253000000,,,,,,None,650000000,,3.68,0.011,,,,1.441,0.0,2903000000,3553000000,3.07,2021-12-31,17.27,,4203000000.0,3745000000,2692000000,536000000,,,None,211000000,None,,None,,,,,4222000000,2156000000,-211000000,None,0.189,,1543000000,2202000000,,,,,701000000,,,,,1.08,4.142,3.328,,,,,,,,0.216,,,2025-10-30,annual,3.07,USD,pre-market,0.30,,0.0508,0.276,0.0,99.06,6926000000,,,,321.17,323.72,0.0,,,,,,,8998000000,,16.02,,352.79,291.3
2025-12-28,WTW,20.88,9807000000.0,16.02,,0.635,80.53,,,,,,,,,,,,,,,None,5157000000,5157000000,,,,,,None,770000000,,3.68,0.011,,,,1.441,0.0,1255000000,2025000000,3.07,2020-12-31,17.27,,4203000000.0,3458000000,1011000000,249000000,,,None,244000000,None,,None,,,,,996000000,1020000000,-244000000,None,0.189,,2599000000,859000000,,,,,None,,,,,1.08,4.142,3.328,,,,,,,,0.216,,,2025-10-30,annual,3.07,USD,pre-market,0.12,,0.0508,0.276,0.0,99.06,None,,,,321.17,323.72,0.0,,,,,,,8615000000,,16.02,,352.79,291.3
2025-12-28,WTW,20.88,9807000000.0,16.02,,0.635,80.53,,,,,,,,,,,,,,,None,4929000000,4929000000,,,,,,None,729000000,,3.68,0.011,,,,1.441,0.0,1280000000,2009000000,3.07,2019-12-31,17.27,,4203000000.0,3441000000,1046000000,197000000,,,None,234000000,None,,None,,,,,1044000000,1073000000,-234000000,None,0.189,,2387000000,1054000000,,,,,None,,,,,1.08,4.142,3.328,,,,,,,,0.216,,,2025-10-30,annual,3.07,USD,pre-market,0.15,,0.0508,0.276,0.0,99.06,None,,,,321.17,323.72,0.0,,,,,,,8370000000,,16.02,,352.79,291.3
2025-12-28,WTW,20.88,9807000000.0,16.02,,0.635,80.53,,,,,,,,,,,,,,,None,5123000000,5123000000,,,,,,None,747000000,,3.68,0.011,,,,1.441,0.0,1059000000,1806000000,3.07,2018-12-31,17.27,,4203000000.0,3390000000,851000000,136000000,,,None,208000000,None,,None,,,,,695000000,715000000,-208000000,None,0.189,,2581000000,809000000,,,,,None,,,,,1.08,4.142,3.328,,,,,,,,0.216,,,2025-10-30,annual,3.07,USD,pre-market,0.10,,0.0508,0.276,0.0,99.06,None,,,,321.17,323.72,0.0,,,,,,,8513000000,,16.02,,352.79,291.3
2025-12-28,WTW,20.88,9807000000.0,16.02,,0.635,80.53,,,,,,,,,,,,,,,None,4967000000,4967000000,,,,,,None,833000000,,3.68,0.011,,,,1.441,0.0,680000000,1513000000,3.07,2017-12-31,17.27,,4203000000.0,3235000000,495000000,-100000000,,,None,188000000,None,,None,,,,,568000000,None,None,None,0.189,,2719000000,516000000,,,,,None,,,,,1.08,4.142,3.328,,,,,,,,0.216,,,2025-10-30,annual,3.07,USD,pre-market,0.06,,0.0508,0.276,0.0,99.06,None,,,,321.17,323.72,0.0,,,,,,,8202000000,,16.02,,352.79,291.3
2025-12-28,WTW,20.88,9807000000.0,16.02,,0.635,80.53,,,,,,,,,,,,,,,None,4849000000,4849000000,,,,,,None,769000000,,3.68,0.011,,,,1.441,0.0,526000000,1295000000,3.07,2016-12-31,17.27,,4203000000.0,3038000000,344000000,-96000000,,,None,184000000,None,,None,,,,,420000000,None,None,None,0.189,,2690000000,348000000,,,,,None,,,,,1.08,4.142,3.328,,,,,,,,0.216,,,2025-10-30,annual,3.07,USD,pre-market,0.04,,0.0508,0.276,0.0,99.06,None,,,,321.17,323.72,0.0,,,,,,,7887000000,,16.02,,352.79,291.3
2025-12-28,WTW,20.88,9807000000.0,16.02,,0.635,80.53,,,,,,,,,,,,,,,None,2303000000,2303000000,,,,,,None,171000000,,3.68,0.011,,,,1.441,0.0,482000000,653000000,3.07,2015-12-31,17.27,,4203000000.0,1526000000,351000000,-33000000,,,None,142000000,None,,None,,,,,373000000,None,None,None,0.189,,1099000000,427000000,,,,,None,,,,,1.08,4.142,3.328,,,,,,,,0.216,,,2025-10-30,annual,3.07,USD,pre-market,None,,0.0508,0.276,0.0,99.06,None,,,,321.17,323.72,0.0,,,,,,,3829000000,,16.02,,352.79,291.3
2025-12-28,WTW,20.88,9807000000.0,16.02,,0.635,80.53,,,,,,,,,,,,,,,None,2314000000,2314000000,,,,,,None,146000000,,3.68,0.011,,,,1.441,0.0,653000000,799000000,3.07,2014-12-31,17.27,,4203000000.0,1488000000,532000000,159000000,,,None,135000000,None,,None,,,,,362000000,None,None,None,0.189,,841000000,647000000,,,,,None,,,,,1.08,4.142,3.328,,,,,,,,0.216,,,2025-10-30,annual,3.07,USD,pre-market,None,,0.0508,0.276,0.0,99.06,None,,,,321.17,323.72,0.0,,,,,,,3802000000,,16.02,,352.79,291.3
2025-12-28,WTW,20.88,9807000000.0,16.02,,0.635,80.53,,,,,,,,,,,,,,,None,2207000000,2207000000,,,,,,None,149000000,,3.68,0.011,,,,1.441,0.0,625000000,774000000,3.07,2013-12-31,17.27,,4203000000.0,1448000000,499000000,122000000,,,None,126000000,None,,None,,,,,365000000,None,None,None,0.189,,785000000,663000000,,,,,None,,,,,1.08,4.142,3.328,,,,,,,,0.216,,,2025-10-30,annual,3.07,USD,pre-market,None,,0.0508,0.276,0.0,99.06,None,,,,321.17,323.72,0.0,,,,,,,3655000000,,16.02,,352.79,291.3
2025-12-28,WTW,20.88,9807000000.0,16.02,,0.635,80.53,,,,,,,,,,,,,,,None,2475000000,2475000000,,,,,,None,138000000,,3.68,0.011,,,,1.441,0.0,-209000000,-71000000,3.07,2012-12-31,17.27,,4203000000.0,1005000000,-332000000,101000000,,,None,128000000,None,,None,,,,,-446000000,None,None,None,0.189,,1230000000,-225000000,,,,,None,,,,,1.08,4.142,3.328,,,,,,,,0.216,,,2025-10-30,annual,3.07,USD,pre-market,None,,0.0508,0.276,0.0,99.06,None,,,,321.17,323.72,0.0,,,,,,,3480000000,,16.02,,352.79,291.3
2025-12-28,WTW,20.88,9807000000.0,16.02,,0.635,80.53,,,,,,,,,,,,,,,None,2087000000,2087000000,,,,,,None,142000000,,3.68,0.011,,,,1.441,0.0,395000000,537000000,3.07,2011-12-31,17.27,,4203000000.0,1360000000,251000000,32000000,,,None,156000000,None,,None,,,,,204000000,None,None,None,0.189,,794000000,566000000,,,,,None,,,,,1.08,4.142,3.328,,,,,,,,0.216,,,2025-10-30,annual,3.07,USD,pre-market,None,,0.0508,0.276,0.0,99.06,2087000000,,,,321.17,323.72,0.0,,,,,,,3447000000,,16.02,,352.79,291.3
2025-12-28,WTW,20.88,9807000000.0,16.02,,0.635,80.53,,,,,,,,,,,,,,,None,1868000000,1868000000,,,,,,None,145000000,,3.68,0.011,,,,1.441,0.0,753000000,898000000,3.07,2010-12-31,17.27,,4203000000.0,1464000000,610000000,140000000,,,None,166000000,None,,None,,,,,455000000,None,None,None,0.189,,711000000,753000000,,,,,None,,,,,1.08,4.142,3.328,,,,,,,,0.216,,,2025-10-30,annual,3.07,USD,pre-market,None,,0.0508,0.276,0.0,99.06,1873000000,,,,321.17,323.72,0.0,,,,,,,3332000000,,16.02,,352.79,291.3
2025-12-28,WTW,20.88,9807000000.0,16.02,,0.635,80.53,,,,,,,,,,,,,,,None,2522000000,2522000000,,,,,,None,164000000,,3.68,0.011,,,,1.441,0.0,694000000,858000000,3.07,2009-12-31,17.27,,4203000000.0,3263000000,553000000,96000000,,,None,174000000,None,,None,,,,,438000000,None,None,None,0.189,,2569000000,694000000,,,,,None,,,,,1.08,4.142,3.328,,,,,,,,0.216,,,2025-10-30,annual,3.07,USD,pre-market,None,,0.0508,0.276,0.0,99.06,1827000000,,,,321.17,323.72,0.0,,,,,,,3263000000,,16.02,,352.79,291.3
2025-12-28,WTW,20.88,9807000000.0,16.02,,0.635,80.53,,,,,,,,,,,,,,,None,2283000000,2283000000,,,,,,None,90000000,,3.68,0.011,,,,1.441,0.0,503000000,593000000,3.07,2008-12-31,17.27,,4203000000.0,2827000000,420000000,97000000,,,None,105000000,None,,None,,,,,303000000,None,None,None,0.189,,2324000000,503000000,,,,,None,,,,,1.08,4.142,3.328,,,,,,,,0.216,,,2025-10-30,annual,3.07,USD,pre-market,None,,0.0508,0.276,0.0,99.06,1638000000,,,,321.17,323.72,0.0,,,,,,,2827000000,,16.02,,352.79,291.3
2025-12-28,WTW,20.88,9807000000.0,16.02,,0.635,80.53,,,,,,,,,,,,,,,None,1908000000,1908000000,,,,,,None,66000000,,3.68,0.011,,,,1.441,0.0,620000000,686000000,3.07,2007-12-31,17.27,,4203000000.0,2578000000,554000000,144000000,,,None,66000000,None,,None,,,,,409000000,None,None,None,0.189,,1958000000,620000000,,,,,None,,,,,1.08,4.142,3.328,,,,,,,,0.216,,,2025-10-30,annual,3.07,USD,pre-market,None,,0.0508,0.276,0.0,99.06,None,,,,321.17,323.72,0.0,,,,,,,2578000000,,16.02,,352.79,291.3
2025-12-28,WTW,20.88,9807000000.0,16.02,,0.635,80.53,,,,,,,,,,,,,,,None,1911000,1911000,,,,,,None,63000000,,3.68,0.011,,,,1.441,0.0,552000000,615000000,3.07,2006-12-31,17.27,,4203000000.0,2428000000,514000000,63000000,,,None,38000,None,,None,,,,,449000000,None,None,None,0.189,,1876000000,552000000,,,,,None,,,,,1.08,4.142,3.328,,,,,,,,0.216,,,2025-10-30,annual,3.07,USD,pre-market,None,,0.0508,0.276,0.0,99.06,None,,,,321.17,323.72,0.0,,,,,,,2428000000,,16.02,,352.79,291.3
2025-12-28,WTW,20.88,9807000000.0,16.02,,0.635,80.53,,,,,,,,,,,,,,,None,1761000,1761000,,,,,,None,54000000,,3.68,0.011,,,,1.441,0.0,451000000,505000000,3.07,2005-12-31,17.27,,4203000000.0,2267000000,421000000,143000000,,,None,30000,None,,None,,,,,281000000,None,None,None,0.189,,1816000000,451000000,,,,,None,,,,,1.08,4.142,3.328,,,,,,,,0.216,,,2025-10-30,annual,3.07,USD,pre-market,None,,0.0508,0.276,0.0,99.06,None,,,,321.17,323.72,0.0,,,,,,,2267000000,,16.02,,352.79,291.3
2025-12-28,WTW,20.88,9807000000.0,16.02,None,0.635,80.53,,598000000,1895000000,1895000000,,,,,,,,,None,100000000,None,1761000,1761000,962000000,None,550000000,2525000000,None,None,54000000,,3.68,0.011,,,,1.441,0.0,451000000,505000000,3.07,2025-09-30,17.27,8936000000,4203000000.0,2267000000,421000000,143000000,1185000000,1185000000,None,30000,None,None,None,None,4763000000,None,232000000,281000000,None,None,None,0.189,,1816000000,451000000,10171000000,11608000000,None,64000000,None,,,,,1.08,4.142,3.328,,,,,,,,0.216,,None,2025-10-30,quarterly,3.07,USD,pre-market,None,-593000000,0.0508,0.276,0.0,99.06,None,5911000000,673000000,30000000,321.17,323.72,0.0,27439000000,14621000000,13243000000,19629000000,12818000000,6386000000,2267000000,7735000000,16.02,None,352.79,291.3
2025-12-28,WTW,20.88,9807000000.0,16.02,None,0.635,80.53,,624000000,1963000000,1963000000,,,,,,,,,None,100000000,None,1761000,1761000,1006000000,None,549000000,2715000000,None,None,54000000,,3.68,0.011,,,,1.441,0.0,451000000,505000000,3.07,2025-06-30,17.27,8938000000,4203000000.0,2267000000,421000000,143000000,1232000000,1232000000,None,30000,None,None,None,None,4762000000,None,230000000,281000000,None,None,None,0.189,,1816000000,451000000,10899000000,12192000000,None,61000000,None,,,,,1.08,4.142,3.328,,,,,,,,0.216,,None,2025-10-30,quarterly,3.07,USD,pre-market,None,-206000000,0.0508,0.276,0.0,99.06,None,5935000000,673000000,28000000,321.17,323.72,0.0,28478000000,15605000000,13871000000,20298000000,12873000000,6427000000,2267000000,8100000000,16.02,None,352.79,291.3
2025-12-28,WTW,20.88,9807000000.0,16.02,None,0.635,80.53,,618000000,1507000000,1507000000,,,,,,,,,None,101000000,None,1761000,1761000,1007000000,None,549000000,2366000000,None,None,54000000,,3.68,0.011,,,,1.441,0.0,451000000,505000000,3.07,2025-03-31,17.27,8841000000,4203000000.0,2267000000,421000000,143000000,1255000000,1255000000,None,30000,None,None,None,None,4761000000,None,None,281000000,None,None,None,0.189,,1816000000,451000000,11588000000,11481000000,None,296000000,None,,,,,1.08,4.142,3.328,,,,,,,,0.216,,None,2025-10-30,quarterly,3.07,USD,pre-market,None,51000000,0.0508,0.276,0.0,99.06,None,5928000000,669000000,30000000,321.17,323.72,0.0,28064000000,15461000000,13384000000,19850000000,12603000000,6466000000,2267000000,8133000000,16.02,None,352.79,291.3
2025-12-28,WTW,20.88,9807000000.0,16.02,None,0.635,80.53,,622000000,1890000000,1890000000,,,,,,,,,None,102000000,None,1761000,1761000,1053000000,None,None,2494000000,None,None,54000000,,3.68,0.011,,,,1.441,0.0,451000000,505000000,3.07,2024-12-31,17.27,8799000000,4203000000.0,2267000000,421000000,143000000,1295000000,1295000000,None,30000,None,None,None,None,5309000000,None,157000000,281000000,None,None,None,0.189,,1816000000,451000000,10721000000,11224000000,None,71000000,None,,,,,1.08,4.142,3.328,,,,,,,,0.216,,None,2025-10-30,quarterly,3.07,USD,pre-market,None,109000000,0.0508,0.276,0.0,99.06,None,5931000000,118000000,None,321.17,323.72,0.0,27681000000,15105000000,12598000000,19664000000,12576000000,7066000000,2267000000,7940000000,16.02,None,352.79,291.3
2025-12-28,WTW,20.88,9807000000.0,16.02,None,0.635,80.53,,681000000,1372000000,1372000000,,,,,,,,,None,102000000,None,1761000,1761000,-122000000,None,None,2118000000,None,None,54000000,,3.68,0.011,,,,1.441,0.0,451000000,505000000,3.07,2024-09-30,17.27,8882000000,4203000000.0,2267000000,421000000,143000000,1360000000,1360000000,None,30000,None,None,None,None,5308000000,None,91000000,281000000,None,None,None,0.189,,1816000000,451000000,10823000000,12413000000,None,53000000,None,,,,,1.08,4.142,3.328,,,,,,,,0.216,,None,2025-10-30,quarterly,3.07,USD,pre-market,None,-650000000,0.0508,0.276,0.0,99.06,None,5989000000,122000000,4000000,321.17,323.72,0.0,27168000000,14313000000,12535000000,19598000000,12855000000,7063000000,2267000000,7492000000,16.02,None,352.79,291.3
2025-12-28,WTW,20.88,9807000000.0,16.02,None,0.635,80.53,,686000000,1247000000,1247000000,,,,,,,,,None,103000000,None,1761000,1761000,1099000000,None,None,2425000000,None,None,54000000,,3.68,0.011,,,,1.441,0.0,451000000,505000000,3.07,2024-06-30,17.27,10184000000,4203000000.0,2267000000,421000000,143000000,1898000000,1898000000,None,30000,None,None,None,None,5307000000,None,None,281000000,None,None,None,0.189,,1816000000,451000000,10357000000,11457000000,None,44000000,None,,,,,1.08,4.142,3.328,,,,,,,,0.216,,None,2025-10-30,quarterly,3.07,USD,pre-market,None,1315000000,0.0508,0.276,0.0,99.06,None,5993000000,118000000,1000000,321.17,323.72,0.0,29622000000,14029000000,12674000000,20207000000,15593000000,7533000000,2267000000,9337000000,16.02,None,352.79,291.3
2025-12-28,WTW,20.88,9807000000.0,16.02,None,0.635,80.53,,693000000,1893000000,1893000000,,,,,,,,,None,104000000,None,1761000,1761000,1106000000,None,650000000,2430000000,None,None,54000000,,3.68,0.011,,,,1.441,0.0,451000000,505000000,3.07,2024-03-31,17.27,10186000000,4203000000.0,2267000000,421000000,143000000,1960000000,1960000000,None,30000,None,None,None,None,5307000000,None,None,281000000,None,None,None,0.189,,1816000000,451000000,10319000000,11120000000,None,221000000,None,,,,,1.08,4.142,3.328,,,,,,,,0.216,,None,2025-10-30,quarterly,3.07,USD,pre-market,None,1464000000,0.0508,0.276,0.0,99.06,None,6650000000,773000000,None,321.17,323.72,0.0,30237000000,14642000000,13118000000,20669000000,15595000000,7551000000,2267000000,9489000000,16.02,None,352.79,291.3
2025-12-28,WTW,20.88,9807000000.0,16.02,None,0.635,80.53,,724000000,1424000000,1424000000,,,,,,,,,None,104000000,None,1761000,1761000,1073000000,None,650000000,2572000000,None,None,54000000,,3.68,0.011,,,,1.441,0.0,451000000,505000000,3.07,2023-12-31,17.27,10195000000,4203000000.0,2267000000,421000000,143000000,2016000000,2016000000,None,30000,None,92000000,None,None,4567000000,None,88000000,281000000,None,None,None,0.189,,1816000000,451000000,9437000000,10654000000,None,65000000,None,,,,,1.08,4.142,3.328,,,,,,,,0.216,,None,2025-10-30,quarterly,3.07,USD,pre-market,None,1466000000,0.0508,0.276,0.0,99.06,None,5941000000,775000000,4000000,321.17,323.72,0.0,29090000000,13433000000,12630000000,19497000000,15657000000,6867000000,2267000000,9520000000,16.02,None,352.79,291.3
2025-12-28,WTW,20.88,9807000000.0,16.02,None,0.635,80.53,,688000000,1247000000,1247000000,,,,,,,,,None,105000000,None,1761000,1761000,None,None,649000000,2079000000,None,None,54000000,,3.68,0.011,,,,1.441,0.0,451000000,505000000,3.07,2023-09-30,17.27,10143000000,4203000000.0,2267000000,421000000,143000000,2064000000,2064000000,None,30000,None,8039000000,None,None,4565000000,None,None,281000000,None,None,None,0.189,,1816000000,451000000,8508000000,10486000000,None,200000000,None,,,,,1.08,4.142,3.328,,,,,,,,0.216,,1243000000,2025-10-30,quarterly,3.07,USD,pre-market,None,1127000000,0.0508,0.276,0.0,99.06,None,5910000000,768000000,184000000,321.17,323.72,0.0,27623000000,11834000000,11305000000,18138000000,15789000000,6833000000,2267000000,9410000000,16.02,None,352.79,291.3
2025-12-28,WTW,20.88,9807000000.0,16.02,None,0.635,80.53,,727000000,1602000000,1602000000,,,,,,,,,None,107000000,None,1761000,1761000,1016000000,None,899000000,2206000000,None,None,54000000,,3.68,0.011,,,,1.441,0.0,451000000,505000000,3.07,2023-06-30,17.27,10202000000,4203000000.0,2267000000,421000000,143000000,2146000000,2146000000,None,30000,None,8608000000,None,None,4565000000,None,None,281000000,None,None,None,0.189,,1816000000,451000000,9009000000,9929000000,None,201000000,None,,,,,1.08,4.142,3.328,,,,,,,,0.216,,None,2025-10-30,quarterly,3.07,USD,pre-market,None,1429000000,0.0508,0.276,0.0,99.06,None,6191000000,1024000000,None,321.17,323.72,0.0,28773000000,12817000000,11969000000,18896000000,15956000000,6927000000,2267000000,9799000000,16.02,None,352.79,291.3
2025-12-28,WTW,20.88,9807000000.0,16.02,None,0.635,80.53,,737000000,1135000000,1135000000,,,,,,,,,None,108000000,None,1761000,1761000,1002000000,None,250000000,2261000000,None,None,54000000,,3.68,0.011,,,,1.441,0.0,451000000,505000000,3.07,2023-03-31,17.27,10193000000,4203000000.0,2267000000,421000000,143000000,2212000000,2212000000,None,30000,None,None,None,None,4472000000,None,None,281000000,None,None,None,0.189,,1816000000,451000000,12550000000,13428000000,None,1633000000,None,,,,,1.08,4.142,3.328,,,,,,,,0.216,,723000000,2025-10-30,quarterly,3.07,USD,pre-market,None,1774000000,0.0508,0.276,0.0,99.06,None,5470000000,377000000,7000000,321.17,323.72,0.0,31906000000,15946000000,14889000000,21730000000,15960000000,6841000000,2267000000,10096000000,16.02,None,352.79,291.3
2025-12-28,WTW,20.88,9807000000.0,16.02,None,0.635,80.53,,746000000,1262000000,1262000000,,,,,,,,,None,109000000,None,1761000,1761000,975000000,None,250000000,2387000000,None,None,54000000,,3.68,0.011,,,,1.441,0.0,451000000,505000000,3.07,2022-12-31,17.27,10173000000,4203000000.0,2267000000,421000000,143000000,2273000000,2273000000,None,30000,None,None,None,None,4471000000,None,90000000,281000000,None,None,None,0.189,,1816000000,451000000,12186000000,13345000000,None,221000000,None,,,,,1.08,4.142,3.328,,,,,,,,0.216,,718000000,2025-10-30,quarterly,3.07,USD,pre-market,None,1764000000,0.0508,0.276,0.0,99.06,None,5479000000,376000000,43000000,321.17,323.72,0.0,31769000000,15835000000,14779000000,21676000000,15934000000,6897000000,2267000000,10016000000,16.02,-3000000,352.79,291.3
2025-12-28,WTW,20.88,9807000000.0,16.02,None,0.635,80.53,,747000000,1496000000,1496000000,,,,,,,,,None,111000000,None,1761000,1761000,876000000,None,250000000,1884000000,None,None,54000000,,3.68,0.011,,,,1.441,0.0,451000000,505000000,3.07,2022-09-30,17.27,10089000000,4203000000.0,2267000000,421000000,143000000,2314000000,2314000000,None,30000,None,213000000,None,None,4470000000,None,None,281000000,None,None,None,0.189,,1816000000,451000000,11671000000,12717000000,None,1728000000,None,,,,,1.08,4.142,3.328,,,,,,,,0.216,,701000000,2025-10-30,quarterly,3.07,USD,pre-market,None,1706000000,0.0508,0.276,0.0,99.06,None,5467000000,376000000,20000000,321.17,323.72,0.0,30991000000,15051000000,14122000000,21078000000,15940000000,6956000000,2267000000,9838000000,16.02,-3000000,352.79,291.3
2025-12-28,WTW,20.88,9807000000.0,16.02,None,0.635,80.53,,796000000,1920000000,1920000000,,,,,,,,,None,112000000,None,1761000,1761000,900000000,None,None,2025000000,None,None,54000000,,3.68,0.011,,,,1.441,0.0,451000000,505000000,3.07,2022-06-30,17.27,10158000000,4203000000.0,2267000000,421000000,143000000,2408000000,2408000000,None,30000,None,204000000,None,None,4720000000,None,None,281000000,None,None,None,0.189,,1816000000,451000000,12425000000,13655000000,None,1876000000,None,,,,,1.08,4.142,3.328,,,,,,,,0.216,,1365000000,2025-10-30,quarterly,3.07,USD,pre-market,None,1971000000,0.0508,0.276,0.0,99.06,None,5516000000,137000000,19000000,321.17,323.72,0.0,32509000000,16370000000,14692000000,22092000000,16139000000,7400000000,2267000000,10337000000,16.02,-3000000,352.79,291.3
2025-12-28,WTW,20.88,9807000000.0,16.02,None,0.635,80.53,,857000000,2198000000,2198000000,,,,,,,,,None,118000000,None,1761000,1761000,926000000,None,599000000,2186000000,None,None,54000000,,3.68,0.011,,,,1.441,0.0,451000000,505000000,3.07,2022-03-31,17.27,10200000000,4203000000.0,2267000000,421000000,143000000,2492000000,2492000000,None,30000,None,225000000,None,None,3975000000,None,None,281000000,None,None,None,0.189,,1816000000,451000000,12028000000,12934000000,None,2042000000,None,,,,,1.08,4.142,3.328,,,,,,,,0.216,,817000000,2025-10-30,quarterly,3.07,USD,pre-market,None,2423000000,0.0508,0.276,0.0,99.06,None,5431000000,741000000,28000000,321.17,323.72,0.0,32841000000,16412000000,14914000000,21766000000,16429000000,6852000000,2267000000,11004000000,16.02,-3000000,352.79,291.3
2025-12-28,WTW,20.88,9807000000.0,16.02,None,0.635,80.53,,884000000,4486000000,4486000000,,,,,,,,,None,125000000,None,1761000,1761000,898000000,None,613000000,2370000000,None,None,54000000,,3.68,0.011,,,,1.441,0.0,451000000,505000000,3.07,2021-12-31,17.27,10183000000,4203000000.0,2267000000,421000000,143000000,2555000000,2555000000,None,30000,None,11020000000,None,None,3974000000,None,55000000,281000000,None,None,None,0.189,,1816000000,451000000,11432000000,12785000000,None,253000000,None,,,,,1.08,4.142,3.328,,,,,,,,0.216,,1571000000,2025-10-30,quarterly,3.07,USD,pre-market,None,4645000000,0.0508,0.276,0.0,99.06,None,5486000000,763000000,200000000,321.17,323.72,0.0,34970000000,18488000000,14724000000,21662000000,16482000000,6938000000,2267000000,13260000000,16.02,-3000000,352.79,291.3
2025-12-28,WTW,20.88,9807000000.0,16.02,None,0.635,80.53,,967000000,2162000000,2162000000,,,,,,,,,None,129000000,None,1761000,1761000,911000000,None,644000000,2065000000,None,None,54000000,,3.68,0.011,,,,1.441,0.0,451000000,505000000,3.07,2021-09-30,17.27,10146000000,4203000000.0,2267000000,421000000,143000000,2681000000,2681000000,None,30000,None,4961000000,None,None,3993000000,None,None,281000000,None,None,None,0.189,,1816000000,451000000,16364000000,16578000000,None,64000000,None,,,,,1.08,4.142,3.328,,,,,,,,0.216,,1676000000,2025-10-30,quarterly,3.07,USD,pre-market,None,2969000000,0.0508,0.276,0.0,99.06,None,5604000000,794000000,10923000000,321.17,323.72,0.0,37282000000,20591000000,18616000000,25849000000,16691000000,7233000000,2267000000,11393000000,16.02,None,352.79,291.3
2025-12-28,WTW,20.88,9807000000.0,16.02,None,0.635,80.53,,1007000000,2217000000,2217000000,,,,,,,,,None,130000000,None,1761000,1761000,961000000,None,1110000000,2507000000,None,None,54000000,,3.68,0.011,,,,1.441,0.0,451000000,505000000,3.07,2021-06-30,17.27,10995000000,4203000000.0,2267000000,421000000,143000000,2786000000,2786000000,None,30000,None,15379000000,None,None,3995000000,None,None,281000000,None,None,None,0.189,,1816000000,451000000,15844000000,16835000000,None,83000000,None,,,,,1.08,4.142,3.328,,,,,,,,0.216,,1757000000,2025-10-30,quarterly,3.07,USD,pre-market,None,3166000000,0.0508,0.276,0.0,99.06,None,6112000000,1262000000,15379000000,321.17,323.72,0.0,38267000000,20568000000,19174000000,26552000000,17699000000,7378000000,2267000000,11670000000,16.02,None,352.79,291.3
2025-12-28,WTW,20.88,9807000000.0,16.02,None,0.635,80.53,,1004000000,1960000000,1960000000,,,,,,,,,None,130000000,None,1761000,1761000,913000000,None,471000000,2569000000,None,None,54000000,,3.68,0.011,,,,1.441,0.0,451000000,505000000,3.07,2021-03-31,17.27,10986000000,4203000000.0,2267000000,421000000,143000000,2878000000,2878000000,None,30000,None,257000000,None,None,4632000000,None,None,281000000,None,None,None,0.189,,1816000000,451000000,16343000000,17489000000,None,305000000,None,,,,,1.08,4.142,3.328,,,,,,,,0.216,,1792000000,2025-10-30,quarterly,3.07,USD,pre-market,None,3075000000,0.0508,0.276,0.0,99.06,None,6107000000,618000000,15911000000,321.17,323.72,0.0,38632000000,20872000000,19020000000,27058000000,17760000000,8038000000,2267000000,11526000000,16.02,None,352.79,291.3
2025-12-28,WTW,20.88,9807000000.0,16.02,None,0.635,80.53,,1089000000,2039000000,2039000000,,,,,,,,,None,130000000,None,1761000,1761000,857000000,None,971000000,2408000000,None,None,54000000,,3.68,0.011,,,,1.441,0.0,451000000,505000000,3.07,2020-12-31,17.27,11204000000,4203000000.0,2267000000,421000000,143000000,3043000000,3043000000,None,30000,None,15160000000,None,None,4664000000,None,24000000,281000000,None,None,None,0.189,,1816000000,451000000,15854000000,17250000000,None,109000000,None,,,,,1.08,4.142,3.328,,,,,,,,0.216,,1916000000,2025-10-30,quarterly,3.07,USD,pre-market,None,2434000000,0.0508,0.276,0.0,99.06,None,6723000000,1123000000,15160000000,321.17,323.72,0.0,38531000000,20301000000,19332000000,27599000000,18230000000,8267000000,2267000000,10820000000,16.02,None,352.79,291.3
2025-12-28,WTW,20.88,9807000000.0,16.02,None,0.635,80.53,,None,1647000000,1647000000,,,,,,,,,None,130000000,None,1761000,1761000,None,None,None,2223000000,None,None,54000000,,3.68,0.011,,,,1.441,0.0,451000000,505000000,3.07,2020-09-30,17.27,11131000000,4203000000.0,2267000000,421000000,143000000,3125000000,3125000000,None,30000,None,None,None,None,None,None,None,281000000,None,None,None,0.189,,1816000000,451000000,16044000000,16371000000,None,None,None,,,,,1.08,4.142,3.328,,,,,,,,0.216,,None,2025-10-30,quarterly,3.07,USD,pre-market,None,2047000000,0.0508,0.276,0.0,99.06,None,6672000000,1116000000,15560000000,321.17,323.72,0.0,38037000000,19914000000,19220000000,27417000000,18123000000,8197000000,2267000000,10515000000,16.02,None,352.79,291.3
2025-12-28,WTW,20.88,9807000000.0,16.02,None,0.635,80.53,,None,1087000000,1087000000,,,,,,,,,None,130000000,None,1761000,1761000,832000000,None,None,2430000000,None,None,54000000,,3.68,0.011,,,,1.441,0.0,451000000,505000000,3.07,2020-06-30,17.27,11196000000,4203000000.0,2267000000,421000000,143000000,3257000000,3257000000,None,30000,None,249000000,None,None,None,None,None,281000000,None,None,None,0.189,,1816000000,451000000,16405000000,17518000000,None,None,None,,,,,1.08,4.142,3.328,,,,,,,,0.216,,None,2025-10-30,quarterly,3.07,USD,pre-market,None,2015000000,0.0508,0.276,0.0,99.06,None,6643000000,669000000,16042000000,321.17,323.72,0.0,38110000000,19922000000,19019000000,27654000000,18188000000,8635000000,2267000000,10335000000,16.02,None,352.79,291.3
2025-12-28,WTW,20.88,9807000000.0,16.02,None,0.635,80.53,,None,898000000,898000000,,,,,,,,,None,130000000,None,1761000,1761000,854000000,None,None,2594000000,None,None,54000000,,3.68,0.011,,,,1.441,0.0,451000000,505000000,3.07,2020-03-31,17.27,11162000000,4203000000.0,2267000000,421000000,143000000,3360000000,3360000000,None,30000,None,285000000,None,None,None,None,None,281000000,None,None,None,0.189,,1816000000,451000000,16058000000,16922000000,None,None,None,,,,,1.08,4.142,3.328,,,,,,,,0.216,,None,2025-10-30,quarterly,3.07,USD,pre-market,None,2009000000,0.0508,0.276,0.0,99.06,None,6939000000,848000000,15589000000,321.17,323.72,0.0,37727000000,19550000000,18624000000,27338000000,18177000000,8714000000,2267000000,10263000000,16.02,None,352.79,291.3
2025-12-28,WTW,20.88,9807000000.0,16.02,None,0.635,80.53,,None,887000000,887000000,,,,,,,,,None,130000000,None,1761000,1761000,856000000,None,None,2621000000,None,None,54000000,,3.68,0.011,,,,1.441,0.0,451000000,505000000,3.07,2019-12-31,17.27,11194000000,4203000000.0,2267000000,421000000,143000000,3478000000,3478000000,None,30000,None,13089000000,None,None,None,None,None,281000000,None,None,None,0.189,,1816000000,451000000,13529000000,14596000000,None,None,None,,,,,1.08,4.142,3.328,,,,,,,,0.216,,None,2025-10-30,quarterly,3.07,USD,pre-market,None,1792000000,0.0508,0.276,0.0,99.06,None,6767000000,480000000,13089000000,321.17,323.72,0.0,35511000000,17122000000,16155000000,25142000000,18389000000,8987000000,2267000000,10249000000,16.02,None,352.79,291.3
2025-12-28,WTW,20.88,9807000000.0,16.02,None,0.635,80.53,,None,867000000,867000000,,,,,,,,,None,130000000,None,1761000,1761000,882000000,None,None,2167000000,None,None,54000000,,3.68,0.011,,,,1.441,0.0,451000000,505000000,3.07,2019-09-30,17.27,11187000000,4203000000.0,2267000000,421000000,143000000,3561000000,3561000000,None,30000,None,13779000000,None,None,None,None,None,281000000,None,None,None,0.189,,1816000000,451000000,14366000000,15054000000,None,None,None,,,,,1.08,4.142,3.328,,,,,,,,0.216,,None,2025-10-30,quarterly,3.07,USD,pre-market,None,1336000000,0.0508,0.276,0.0,99.06,None,6996000000,635000000,13779000000,321.17,323.72,0.0,35703000000,17400000000,16736000000,25672000000,18303000000,8936000000,2267000000,9887000000,16.02,None,352.79,291.3
2025-12-28,WTW,20.88,9807000000.0,16.02,None,0.635,80.53,,None,812000000,812000000,,,,,,,,,None,130000000,None,1761000,1761000,793000000,None,None,2461000000,None,None,54000000,,3.68,0.011,,,,1.441,0.0,451000000,505000000,3.07,2019-06-30,17.27,10454000000,4203000000.0,2267000000,421000000,143000000,3055000000,3055000000,None,30000,None,14609000000,None,None,None,None,None,281000000,None,None,None,0.189,,1816000000,451000000,15060000000,16070000000,None,None,None,,,,,1.08,4.142,3.328,,,,,,,,0.216,,None,2025-10-30,quarterly,3.07,USD,pre-market,None,1442000000,0.0508,0.276,0.0,99.06,None,5590000000,341000000,14609000000,321.17,323.72,0.0,35166000000,18333000000,17204000000,24934000000,16833000000,7730000000,2267000000,10090000000,16.02,None,352.79,291.3
2025-12-28,WTW,20.88,9807000000.0,16.02,None,0.635,80.53,,None,992000000,992000000,,,,,,,,,None,130000000,None,1761000,1761000,688000000,None,None,2490000000,None,None,54000000,,3.68,0.011,,,,1.441,0.0,451000000,505000000,3.07,2019-03-31,17.27,10456000000,4203000000.0,2267000000,421000000,143000000,3187000000,3187000000,None,30000,None,15129000000,None,None,None,None,None,281000000,None,None,None,0.189,,1816000000,451000000,15538000000,16621000000,None,None,None,,,,,1.08,4.142,3.328,,,,,,,,0.216,,None,2025-10-30,quarterly,3.07,USD,pre-market,None,1439000000,0.0508,0.276,0.0,99.06,None,5849000000,345000000,15129000000,321.17,323.72,0.0,35893000000,19020000000,17654000000,25651000000,16873000000,7997000000,2267000000,10092000000,16.02,None,352.79,291.3
2025-12-28,WTW,20.88,9807000000.0,16.02,None,0.635,80.53,,None,1033000000,1033000000,,,,,,,,,None,131000000,None,1761000,1761000,691000000,None,None,2379000000,None,None,54000000,,3.68,0.011,,,,1.441,0.0,451000000,505000000,3.07,2018-12-31,17.27,10477000000,4203000000.0,2267000000,421000000,143000000,3318000000,3318000000,None,30000,None,12604000000,None,None,None,None,None,281000000,None,None,None,0.189,,1816000000,451000000,13008000000,14295000000,None,None,None,,,,,1.08,4.142,3.328,,,,,,,,0.216,,None,2025-10-30,quarterly,3.07,USD,pre-market,None,1201000000,0.0508,0.276,0.0,99.06,None,4724000000,186000000,12604000000,321.17,323.72,0.0,32396000000,16420000000,15301000000,22387000000,15976000000,7086000000,2267000000,9852000000,16.02,None,352.79,291.3
2025-12-28,WTW,20.88,9807000000.0,16.02,None,0.635,80.53,,None,931000000,931000000,,,,,,,,,None,132000000,None,1761000,1761000,679000000,None,None,2132000000,None,None,54000000,,3.68,0.011,,,,1.441,0.0,451000000,505000000,3.07,2018-09-30,17.27,10457000000,4203000000.0,2267000000,421000000,143000000,3429000000,3429000000,None,30000,None,271000000,None,None,None,None,None,281000000,None,None,None,0.189,,1816000000,451000000,13693000000,14690000000,None,None,None,,,,,1.08,4.142,3.328,,,,,,,,0.216,,None,2025-10-30,quarterly,3.07,USD,pre-market,None,1102000000,0.0508,0.276,0.0,99.06,None,4839000000,186000000,13146000000,321.17,323.72,0.0,33041000000,16756000000,15555000000,22851000000,16285000000,7296000000,2267000000,10049000000,16.02,None,352.79,291.3
2025-12-28,WTW,20.88,9807000000.0,16.02,None,0.635,80.53,,None,911000000,911000000,,,,,,,,,None,133000000,None,1761000,1761000,715000000,None,None,2394000000,None,None,54000000,,3.68,0.011,,,,1.441,0.0,451000000,505000000,3.07,2018-06-30,17.27,10468000000,4203000000.0,2267000000,421000000,143000000,3562000000,3562000000,None,30000,None,14126000000,None,None,None,None,None,281000000,None,None,None,0.189,,1816000000,451000000,14584000000,15582000000,None,None,None,,,,,1.08,4.142,3.328,,,,,,,,0.216,,None,2025-10-30,quarterly,3.07,USD,pre-market,None,1270000000,0.0508,0.276,0.0,99.06,None,4836000000,85000000,14126000000,321.17,323.72,0.0,34213000000,17889000000,16382000000,23839000000,16324000000,7457000000,2267000000,10228000000,16.02,None,352.79,291.3
2025-12-28,WTW,20.88,9807000000.0,16.02,None,0.635,80.53,,None,954000000,954000000,,,,,,,,,None,133000000,None,1761000,1761000,670000000,None,None,2600000000,None,None,54000000,,3.68,0.011,,,,1.441,0.0,451000000,505000000,3.07,2018-03-31,17.27,10555000000,4203000000.0,2267000000,421000000,143000000,3761000000,3761000000,None,30000,None,13613000000,None,None,None,None,None,281000000,None,None,None,0.189,,1816000000,451000000,14052000000,15049000000,None,None,None,,,,,1.08,4.142,3.328,,,,,,,,0.216,,None,2025-10-30,quarterly,3.07,USD,pre-market,None,1557000000,0.0508,0.276,0.0,99.06,None,4592000000,85000000,13613000000,321.17,323.72,0.0,34212000000,17606000000,15804000000,23382000000,16606000000,7578000000,2267000000,10672000000,16.02,None,352.79,291.3
2025-12-28,WTW,20.88,9807000000.0,16.02,None,0.635,80.53,,None,1030000000,1030000000,,,,,,,,,None,133000000,None,1761000,1761000,908000000,None,None,2246000000,None,None,54000000,,3.68,0.011,,,,1.441,0.0,451000000,505000000,3.07,2017-12-31,17.27,10519000000,4203000000.0,2267000000,421000000,143000000,3882000000,3882000000,None,30000,None,12155000000,None,None,None,None,None,281000000,None,None,None,0.189,,1816000000,451000000,12585000000,11961000000,None,None,None,,,,,1.08,4.142,3.328,,,,,,,,0.216,,None,2025-10-30,quarterly,3.07,USD,pre-market,None,1104000000,0.0508,0.276,0.0,99.06,None,4701000000,85000000,12155000000,321.17,323.72,0.0,32458000000,15861000000,14755000000,22181000000,16597000000,7426000000,2267000000,10126000000,16.02,None,352.79,291.3
2025-12-28,WTW,20.88,9807000000.0,16.02,None,0.635,80.53,,None,912000000,912000000,,,,,,,,,None,134000000,None,1761000,1761000,None,None,None,2155000000,None,None,54000000,,3.68,0.011,,,,1.441,0.0,451000000,505000000,3.07,2017-09-30,17.27,10529000000,4203000000.0,2267000000,421000000,143000000,4034000000,4034000000,None,30000,None,12206000000,None,None,None,None,None,281000000,None,None,None,0.189,,1816000000,451000000,12624000000,12999000000,None,None,None,,,,,1.08,4.142,3.328,,,,,,,,0.216,,None,2025-10-30,quarterly,3.07,USD,pre-market,None,1130000000,0.0508,0.276,0.0,99.06,None,4718000000,85000000,12206000000,321.17,323.72,0.0,32272000000,15691000000,14556000000,22191000000,16581000000,7635000000,2267000000,9915000000,16.02,None,352.79,291.3
2025-12-28,WTW,20.88,9807000000.0,16.02,None,0.635,80.53,,None,852000000,852000000,,,,,,,,,None,137000000,None,1761000,1761000,703000000,None,None,2288000000,None,None,54000000,,3.68,0.011,,,,1.441,0.0,451000000,505000000,3.07,2017-06-30,17.27,10509000000,4203000000.0,2267000000,421000000,143000000,4156000000,4156000000,None,30000,None,12751000000,None,None,None,None,None,281000000,None,None,None,0.189,,1816000000,451000000,13093000000,14241000000,None,None,None,,,,,1.08,4.142,3.328,,,,,,,,0.216,,None,2025-10-30,quarterly,3.07,USD,pre-market,None,1402000000,0.0508,0.276,0.0,99.06,None,4314000000,85000000,12751000000,321.17,323.72,0.0,32774000000,16233000000,15029000000,22330000000,16541000000,7301000000,2267000000,10263000000,16.02,None,352.79,291.3
2025-12-28,WTW,20.88,9807000000.0,16.02,None,0.635,80.53,,None,901000000,901000000,,,,,,,,,None,138000000,None,1761000,1761000,135000000,None,None,2307000000,None,None,54000000,,3.68,0.011,,,,1.441,0.0,451000000,505000000,3.07,2017-03-31,17.27,10442000000,4203000000.0,2267000000,421000000,143000000,4245000000,4245000000,None,30000,None,12266000000,None,None,None,None,None,281000000,None,None,None,0.189,,1816000000,451000000,12587000000,12948000000,None,None,None,,,,,1.08,4.142,3.328,,,,,,,,0.216,,None,2025-10-30,quarterly,3.07,USD,pre-market,None,1561000000,0.0508,0.276,0.0,99.06,None,4095000000,120000000,12266000000,321.17,323.72,0.0,32232000000,15795000000,14585000000,21775000000,16437000000,7190000000,2267000000,10278000000,16.02,None,352.79,291.3
2025-12-28,WTW,20.88,9807000000.0,16.02,None,0.635,80.53,,None,870000000,870000000,,,,,,,,,None,138000000,None,1761000,1761000,117000000,None,None,2080000000,None,None,54000000,,3.68,0.011,,,,1.441,0.0,451000000,505000000,3.07,2016-12-31,17.27,10426000000,4203000000.0,2267000000,421000000,143000000,4368000000,4368000000,None,30000,None,10505000000,None,None,None,None,None,281000000,None,None,None,0.189,,1816000000,451000000,10842000000,11173000000,None,None,None,,,,,1.08,4.142,3.328,,,,,,,,0.216,,None,2025-10-30,quarterly,3.07,USD,pre-market,None,1344000000,0.0508,0.276,0.0,99.06,None,3998000000,508000000,10505000000,321.17,323.72,0.0,30273000000,13799000000,13373000000,20152000000,16474000000,6779000000,2267000000,9952000000,16.02,None,352.79,291.3
2025-12-28,WTW,20.88,9807000000.0,16.02,None,0.635,80.53,,None,767000000,767000000,,,,,,,,,None,138000000,None,1761000,1761000,121000000,None,None,2043000000,None,None,54000000,,3.68,0.011,,,,1.441,0.0,451000000,505000000,3.07,2016-09-30,17.27,10483000000,4203000000.0,2267000000,421000000,143000000,4589000000,4589000000,None,30000,None,11604000000,None,None,None,None,None,281000000,None,None,None,0.189,,1816000000,451000000,11923000000,12216000000,None,None,None,,,,,1.08,4.142,3.328,,,,,,,,0.216,,None,2025-10-30,quarterly,3.07,USD,pre-market,None,1455000000,0.0508,0.276,0.0,99.06,None,3926000000,519000000,11604000000,321.17,323.72,0.0,31801000000,14733000000,14217000000,20847000000,17068000000,6630000000,2267000000,10767000000,16.02,None,352.79,291.3
2025-12-28,WTW,20.88,9807000000.0,16.02,None,0.635,80.53,,None,949000000,949000000,,,,,,,,,None,140000000,None,1761000,1761000,123000000,None,None,2187000000,None,None,54000000,,3.68,0.011,,,,1.441,0.0,451000000,505000000,3.07,2016-06-30,17.27,10527000000,4203000000.0,2267000000,421000000,143000000,4713000000,4713000000,None,30000,None,11767000000,None,None,None,None,None,281000000,None,None,None,0.189,,1816000000,451000000,12094000000,12416000000,None,None,None,,,,,1.08,4.142,3.328,,,,,,,,0.216,,None,2025-10-30,quarterly,3.07,USD,pre-market,None,1739000000,0.0508,0.276,0.0,99.06,None,3956000000,528000000,11767000000,321.17,323.72,0.0,32409000000,15230000000,14417000000,21169000000,17179000000,6752000000,2267000000,11050000000,16.02,None,352.79,291.3
2025-12-28,WTW,20.88,9807000000.0,16.02,None,0.635,80.53,,None,954000000,954000000,,,,,,,,,None,136000000,None,1761000,1761000,114000000,None,None,2268000000,None,None,54000000,,3.68,0.011,,,,1.441,0.0,451000000,505000000,3.07,2016-03-31,17.27,10477000000,4203000000.0,2267000000,421000000,143000000,5086000000,5086000000,None,30000,None,12031000000,None,None,None,None,None,281000000,None,None,None,0.189,,1816000000,451000000,12357000000,12753000000,None,None,None,,,,,1.08,4.142,3.328,,,,,,,,0.216,,None,2025-10-30,quarterly,3.07,USD,pre-market,None,1771000000,0.0508,0.276,0.0,99.06,None,4084000000,1144000000,12031000000,321.17,323.72,0.0,33029000000,15579000000,15256000000,21672000000,17450000000,6416000000,2267000000,11151000000,16.02,None,352.79,291.3
2025-12-28,WTW,20.88,9807000000.0,16.02,None,0.635,80.53,,None,532000000,532000000,,,,,,,,,None,68000018,None,1761000,1761000,75000000,None,None,1258000000,None,None,54000000,,3.68,0.011,,,,1.441,0.0,451000000,505000000,3.07,2015-12-31,17.27,3770000000,4203000000.0,2267000000,421000000,143000000,1107000000,1107000000,None,30000,None,10458000000,None,None,None,None,None,281000000,None,None,None,0.189,,1816000000,451000000,10713000000,10941000000,None,None,None,,,,,1.08,4.142,3.328,,,,,,,,0.216,,None,2025-10-30,quarterly,3.07,USD,pre-market,None,1597000000,0.0508,0.276,0.0,99.06,None,3441000000,988000000,10458000000,321.17,323.72,0.0,18894000000,12504000000,12801000000,16486000000,6390000000,3685000000,2267000000,2222000000,16.02,None,352.79,291.3
2025-12-28,WTW,20.88,9807000000.0,16.02,None,0.635,80.53,,None,466000000,466000000,,,,,,,,,None,68705182,None,1761000,1761000,149000000,None,None,1100000000,None,None,54000000,,3.68,0.011,,,,1.441,0.0,451000000,505000000,3.07,2015-09-30,17.27,3150000000,4203000000.0,2267000000,421000000,143000000,665000000,665000000,None,30000,None,10528000000,None,None,None,None,None,281000000,None,None,None,0.189,,1816000000,451000000,10768000000,10868000000,None,None,None,,,,,1.08,4.142,3.328,,,,,,,,0.216,,None,2025-10-30,quarterly,3.07,USD,pre-market,None,1677000000,0.0508,0.276,0.0,99.06,None,2733000000,323000000,10509000000,321.17,323.72,0.0,17813000000,12334000000,11881000000,15275000000,5479000000,3394000000,2267000000,2393000000,16.02,None,352.79,291.3
2025-12-28,WTW,20.88,9807000000.0,16.02,None,0.635,80.53,,None,483000000,483000000,,,,,,,,,None,68705182,None,1761000,1761000,148000000,None,None,1226000000,None,None,54000000,,3.68,0.011,,,,1.441,0.0,451000000,505000000,3.07,2015-06-30,17.27,3097000000,4203000000.0,2267000000,421000000,143000000,675000000,675000000,None,30000,None,11015000000,None,None,None,None,None,281000000,None,None,None,0.189,,1816000000,451000000,11237000000,11401000000,None,None,None,,,,,1.08,4.142,3.328,,,,,,,,0.216,,None,2025-10-30,quarterly,3.07,USD,pre-market,None,1618000000,0.0508,0.276,0.0,99.06,None,2687000000,468000000,11006000000,321.17,323.72,0.0,18319000000,12946000000,12196000000,15778000000,5373000000,3582000000,2267000000,2393000000,16.02,None,352.79,291.3
2025-12-28,WTW,20.88,9807000000.0,16.02,None,0.635,80.53,,None,503000000,503000000,,,,,,,,,None,68705182,None,1761000,1761000,130000000,None,None,1150000000,None,None,54000000,,3.68,0.011,,,,1.441,0.0,451000000,505000000,3.07,2015-03-31,17.27,2889000000,4203000000.0,2267000000,421000000,143000000,418000000,418000000,None,30000,None,9457000000,None,None,None,None,None,281000000,None,None,None,0.189,,1816000000,451000000,9675000000,9793000000,None,None,None,,,,,1.08,4.142,3.328,,,,,,,,0.216,,None,2025-10-30,quarterly,3.07,USD,pre-market,None,1669000000,0.0508,0.276,0.0,99.06,None,2469000000,168000000,9444000000,321.17,323.72,0.0,16105000000,11328000000,10548000000,13733000000,4777000000,3185000000,2267000000,2298000000,16.02,None,352.79,291.3
2025-12-28,WTW,20.88,9807000000.0,16.02,None,0.635,80.53,,None,635000000,635000000,,,,,,,,,None,67950180,None,1761000,1761000,131000000,None,None,1044000000,None,None,54000000,,3.68,0.011,,,,1.441,0.0,451000000,505000000,3.07,2014-12-31,17.27,2937000000,4203000000.0,2267000000,421000000,143000000,450000000,450000000,None,30000,None,8960000000,None,None,None,None,None,281000000,None,None,None,0.189,,1816000000,451000000,9160000000,9261000000,None,None,None,,,,,1.08,4.142,3.328,,,,,,,,0.216,,None,2025-10-30,quarterly,3.07,USD,pre-market,None,1530000000,0.0508,0.276,0.0,99.06,None,2468000000,167000000,8948000000,321.17,323.72,0.0,15435000000,10853000000,10232000000,13369000000,4582000000,3137000000,2267000000,1985000000,16.02,None,352.79,291.3
2025-12-28,WTW,20.88,9807000000.0,16.02,None,0.635,80.53,,None,656000000,656000000,,,,,,,,,None,67195178,None,1761000,1761000,159000000,None,None,1021000000,None,None,54000000,,3.68,0.011,,,,1.441,0.0,451000000,505000000,3.07,2014-09-30,17.27,2803000000,4203000000.0,2267000000,421000000,143000000,331000000,331000000,None,30000,None,8918000000,None,None,None,None,None,281000000,None,None,None,0.189,,1816000000,451000000,9147000000,9157000000,None,None,None,,,,,1.08,4.142,3.328,,,,,,,,0.216,,None,2025-10-30,quarterly,3.07,USD,pre-market,None,1521000000,0.0508,0.276,0.0,99.06,None,2490000000,165000000,8836000000,321.17,323.72,0.0,15208000000,10824000000,10005000000,12935000000,4384000000,2930000000,2267000000,2258000000,16.02,None,352.79,291.3
2025-12-28,WTW,20.88,9807000000.0,16.02,None,0.635,80.53,,None,708000000,708000000,,,,,,,,,None,68705182,None,1761000,1761000,152000000,None,None,1175000000,None,None,54000000,,3.68,0.011,,,,1.441,0.0,451000000,505000000,3.07,2014-06-30,17.27,2870000000,4203000000.0,2267000000,421000000,143000000,360000000,360000000,None,30000,None,9994000000,None,None,None,None,None,281000000,None,None,None,0.189,,1816000000,451000000,10189000000,10326000000,None,None,None,,,,,1.08,4.142,3.328,,,,,,,,0.216,,None,2025-10-30,quarterly,3.07,USD,pre-market,None,1664000000,0.0508,0.276,0.0,99.06,None,2503000000,15000000,9983000000,321.17,323.72,0.0,16551000000,12072000000,10984000000,14089000000,4479000000,3105000000,2267000000,2444000000,16.02,None,352.79,291.3
2025-12-28,WTW,20.88,9807000000.0,16.02,None,0.635,80.53,,None,734000000,734000000,,,,,,,,,None,68705182,None,1761000,1761000,147000000,None,None,1185000000,None,None,54000000,,3.68,0.011,,,,1.441,0.0,451000000,505000000,3.07,2014-03-31,17.27,2835000000,4203000000.0,2267000000,421000000,143000000,339000000,339000000,None,30000,None,9322000000,None,None,None,None,None,281000000,None,None,None,0.189,,1816000000,451000000,9526000000,9690000000,None,None,None,,,,,1.08,4.142,3.328,,,,,,,,0.216,,None,2025-10-30,quarterly,3.07,USD,pre-market,None,1752000000,0.0508,0.276,0.0,99.06,None,2506000000,15000000,9306000000,321.17,323.72,0.0,15828000000,11445000000,10276000000,13356000000,4383000000,3080000000,2267000000,2442000000,16.02,None,352.79,291.3
2025-12-28,WTW,20.88,9807000000.0,16.02,None,0.635,80.53,,None,796000000,796000000,,,,,,,,,None,68705182,None,1761000,1761000,123000000,None,None,1041000000,None,None,54000000,,3.68,0.011,,,,1.441,0.0,451000000,505000000,3.07,2013-12-31,17.27,2838000000,4203000000.0,2267000000,421000000,143000000,353000000,353000000,None,30000,None,8429000000,None,None,None,None,None,281000000,None,None,None,0.189,,1816000000,451000000,8624000000,8724000000,None,None,None,,,,,1.08,4.142,3.328,,,,,,,,0.216,,None,2025-10-30,quarterly,3.07,USD,pre-market,None,1595000000,0.0508,0.276,0.0,99.06,None,2509000000,15000000,8412000000,321.17,323.72,0.0,14794000000,10460000000,9472000000,12552000000,4334000000,3080000000,2267000000,2214000000,16.02,None,352.79,291.3
2025-12-28,WTW,20.88,9807000000.0,16.02,None,0.635,80.53,,None,623000000,623000000,,,,,,,,,None,66817677,None,1761000,1761000,134000000,None,None,985000000,None,None,54000000,,3.68,0.011,,,,1.441,0.0,451000000,505000000,3.07,2013-09-30,17.27,2846000000,4203000000.0,2267000000,421000000,143000000,361000000,361000000,None,30000,None,9232000000,None,None,None,None,None,281000000,None,None,None,0.189,,1816000000,451000000,9406000000,9462000000,None,None,None,,,,,1.08,4.142,3.328,,,,,,,,0.216,,None,2025-10-30,quarterly,3.07,USD,pre-market,None,1577000000,0.0508,0.276,0.0,99.06,None,2532000000,17000000,9218000000,321.17,323.72,0.0,15323000000,11014000000,10143000000,13276000000,4309000000,3133000000,2267000000,2024000000,16.02,None,352.79,291.3
2025-12-28,WTW,20.88,9807000000.0,16.02,None,0.635,80.53,,None,503000000,503000000,,,,,,,,,None,67195178,None,1761000,1761000,88000000,None,None,1044000000,None,None,54000000,,3.68,0.011,,,,1.441,0.0,451000000,505000000,3.07,2013-06-30,17.27,2826000000,4203000000.0,2267000000,421000000,143000000,376000000,376000000,None,30000,None,9927000000,None,None,None,None,None,281000000,None,None,None,0.189,,1816000000,451000000,10127000000,10212000000,None,None,None,,,,,1.08,4.142,3.328,,,,,,,,0.216,,None,2025-10-30,quarterly,3.07,USD,pre-market,None,1653000000,0.0508,0.276,0.0,99.06,None,2536000000,17000000,9910000000,321.17,323.72,0.0,15937000000,11677000000,10762000000,13937000000,4260000000,3175000000,2267000000,1977000000,16.02,None,352.79,291.3
2025-12-28,WTW,20.88,9807000000.0,16.02,None,0.635,80.53,,None,531000000,531000000,,,,,,,,,None,66440176,None,1761000,1761000,104000000,None,None,1051000000,None,None,54000000,,3.68,0.011,,,,1.441,0.0,451000000,505000000,3.07,2013-03-31,17.27,2813000000,4203000000.0,2267000000,421000000,143000000,369000000,369000000,None,30000,None,8211000000,None,None,None,None,None,281000000,None,None,None,0.189,,1816000000,451000000,10013000000,9993000000,None,None,None,,,,,1.08,4.142,3.328,,,,,,,,0.216,,None,2025-10-30,quarterly,3.07,USD,pre-market,None,1599000000,0.0508,0.276,0.0,99.06,None,2595000000,15000000,9811000000,321.17,323.72,0.0,15837000000,11630000000,10706000000,15837000000,4207000000,3238000000,2267000000,1865000000,16.02,None,352.79,291.3
2025-12-28,WTW,20.88,9807000000.0,16.02,None,0.635,80.53,,None,500000000,500000000,,,,,,,,,None,65307673,None,1761000,1761000,88000000,None,None,933000000,None,None,54000000,,3.68,0.011,,,,1.441,0.0,451000000,505000000,3.07,2012-12-31,17.27,2829000000,4203000000.0,2267000000,421000000,143000000,385000000,385000000,None,30000,None,7785000000,None,None,None,None,None,281000000,None,None,None,0.189,,1816000000,451000000,9465000000,9487000000,None,None,None,,,,,1.08,4.142,3.328,,,,,,,,0.216,,None,2025-10-30,quarterly,3.07,USD,pre-market,None,1427000000,0.0508,0.276,0.0,99.06,None,2526000000,15000000,9271000000,321.17,323.72,0.0,15147000000,10928000000,10221000000,15147000000,4219000000,3201000000,2267000000,1699000000,16.02,None,352.79,291.3
2025-12-28,WTW,20.88,9807000000.0,16.02,None,0.635,80.53,,None,424000000,424000000,,,,,,,,,None,66062675,None,1761000,1761000,72000000,None,None,908000000,None,None,54000000,,3.68,0.011,,,,1.441,0.0,451000000,505000000,3.07,2012-09-30,17.27,3304000000,4203000000.0,2267000000,421000000,143000000,379000000,379000000,None,30000,None,10455000000,None,None,None,None,None,281000000,None,None,None,0.189,,1816000000,451000000,10784000000,10662000000,None,None,None,,,,,1.08,4.142,3.328,,,,,,,,0.216,,None,2025-10-30,quarterly,3.07,USD,pre-market,None,2278000000,0.0508,0.276,0.0,99.06,None,2405000000,15000000,None,321.17,323.72,0.0,16982000000,12103000000,11086000000,14284000000,4879000000,3198000000,2267000000,2674000000,16.02,None,352.79,291.3
2025-12-28,WTW,20.88,9807000000.0,16.02,None,0.635,80.53,,None,407000000,407000000,,,,,,,,,None,66440176,None,1761000,1761000,66000000,None,None,1102000000,None,None,54000000,,3.68,0.011,,,,1.441,0.0,451000000,505000000,3.07,2012-06-30,17.27,3298000000,4203000000.0,2267000000,421000000,143000000,391000000,391000000,None,30000,None,10988000000,None,None,None,None,None,281000000,None,None,None,0.189,,1816000000,451000000,11217000000,11213000000,None,None,None,,,,,1.08,4.142,3.328,,,,,,,,0.216,,None,2025-10-30,quarterly,3.07,USD,pre-market,None,2343000000,0.0508,0.276,0.0,99.06,None,2438000000,14000000,None,321.17,323.72,0.0,17608000000,12726000000,11649000000,14897000000,4882000000,3248000000,2267000000,2687000000,16.02,None,352.79,291.3
2025-12-28,WTW,20.88,9807000000.0,16.02,None,0.635,80.53,,None,464000000,464000000,,,,,,,,,None,66357598,None,1761000,1761000,87000000,None,None,1009000000,None,None,54000000,,3.68,0.011,,,,1.441,0.0,451000000,505000000,3.07,2012-03-31,17.27,3306000000,4203000000.0,2267000000,421000000,143000000,406000000,406000000,None,30000,None,10419000000,None,None,None,None,None,281000000,None,None,None,0.189,,1816000000,451000000,10744000000,10727000000,None,None,None,,,,,1.08,4.142,3.328,,,,,,,,0.216,,None,2025-10-30,quarterly,3.07,USD,pre-market,None,2319000000,0.0508,0.276,0.0,99.06,None,2452000000,17000000,None,321.17,323.72,0.0,17089000000,12217000000,11095000000,14387000000,4872000000,3292000000,2267000000,2673000000,16.02,None,352.79,291.3
2025-12-28,WTW,20.88,9807000000.0,16.02,None,0.635,80.53,,None,436000000,436000000,,,,,,,,,None,66440176,None,1761000,1761000,59000000,None,None,1032000000,None,None,54000000,,3.68,0.011,,,,1.441,0.0,451000000,505000000,3.07,2011-12-31,17.27,3295000000,4203000000.0,2267000000,421000000,143000000,420000000,420000000,None,30000,None,9283000000,None,None,None,None,None,281000000,None,None,None,0.189,,1816000000,451000000,9519000000,9587000000,None,None,None,,,,,1.08,4.142,3.328,,,,,,,,0.216,,None,2025-10-30,quarterly,3.07,USD,pre-market,None,2160000000,0.0508,0.276,0.0,99.06,None,2560000000,15000000,9338000000,321.17,323.72,0.0,15649000000,10916000000,9909000000,13116000000,4733000000,3207000000,2267000000,2502000000,16.02,None,352.79,291.3
2025-12-28,WTW,20.88,9807000000.0,16.02,None,0.635,80.53,,None,363000000,363000000,,,,,,,,,None,66440176,None,1761000,1761000,62000000,None,None,1012000000,None,None,54000000,,3.68,0.011,,,,1.441,0.0,451000000,505000000,3.07,2011-09-30,17.27,3297000000,4203000000.0,2267000000,421000000,143000000,440000000,440000000,None,30000,None,10111000000,None,None,None,None,None,281000000,None,None,None,0.189,,1816000000,451000000,10325000000,10319000000,None,None,None,,,,,1.08,4.142,3.328,,,,,,,,0.216,,None,2025-10-30,quarterly,3.07,USD,pre-market,None,2180000000,0.0508,0.276,0.0,99.06,None,2426000000,114000000,None,321.17,323.72,0.0,16615000000,11697000000,10820000000,13898000000,4918000000,3078000000,2267000000,2688000000,16.02,None,352.79,291.3
2025-12-28,WTW,20.88,9807000000.0,16.02,None,0.635,80.53,,None,317000000,317000000,,,,,,,,,None,66440176,None,1761000,1761000,72000000,None,None,1049000000,None,None,54000000,,3.68,0.011,,,,1.441,0.0,451000000,505000000,3.07,2011-06-30,17.27,3317000000,4203000000.0,2267000000,421000000,143000000,461000000,461000000,None,30000,None,11288000000,None,None,None,None,None,281000000,None,None,None,0.189,,1816000000,451000000,11615000000,11596000000,None,None,None,,,,,1.08,4.142,3.328,,,,,,,,0.216,,None,2025-10-30,quarterly,3.07,USD,pre-market,None,2165000000,0.0508,0.276,0.0,99.06,None,2421000000,114000000,None,321.17,323.72,0.0,17941000000,12981000000,12083000000,15202000000,4960000000,3119000000,2267000000,2707000000,16.02,None,352.79,291.3
2025-12-28,WTW,20.88,9807000000.0,16.02,None,0.635,80.53,,None,432000000,432000000,,,,,,,,,None,65685174,None,1761000,1761000,37000000,None,None,992000000,None,None,54000000,,3.68,0.011,,,,1.441,0.0,451000000,505000000,3.07,2011-03-31,17.27,3312000000,4203000000.0,2267000000,421000000,143000000,477000000,477000000,None,30000,None,10511000000,None,None,None,None,None,281000000,None,None,None,0.189,,1816000000,451000000,10880000000,10835000000,None,None,None,,,,,1.08,4.142,3.328,,,,,,,,0.216,,None,2025-10-30,quarterly,3.07,USD,pre-market,None,2125000000,0.0508,0.276,0.0,99.06,None,2577000000,145000000,None,321.17,323.72,0.0,17238000000,12304000000,11358000000,14569000000,4934000000,3211000000,2267000000,2630000000,16.02,None,352.79,291.3
2025-12-28,WTW,20.88,9807000000.0,16.02,None,0.635,80.53,,None,316000000,316000000,,,,,,,,,None,65685174,None,1761000,1761000,149000000,None,None,839000000,None,None,54000000,,3.68,0.011,,,,1.441,0.0,451000000,505000000,3.07,2010-12-31,17.27,3294000000,4203000000.0,2267000000,421000000,143000000,492000000,492000000,None,30000,None,None,None,None,None,None,None,281000000,None,None,None,0.189,,1816000000,451000000,9945000000,9844000000,None,None,None,,,,,1.08,4.142,3.328,,,,,,,,0.216,,None,2025-10-30,quarterly,3.07,USD,pre-market,None,2136000000,0.0508,0.276,0.0,99.06,None,2267000000,110000000,None,321.17,323.72,0.0,15847000000,11100000000,10309000000,13239000000,4747000000,2930000000,2267000000,2577000000,16.02,None,352.79,291.3
2025-12-28,WTW,20.88,9807000000.0,16.02,None,0.635,80.53,,None,141000000,141000000,,,,,,,,,None,64552671,None,1761000,1761000,9763000000,None,None,8632000000,None,None,54000000,,3.68,0.011,,,,1.441,0.0,451000000,505000000,3.07,2010-09-30,17.27,3275000000,4203000000.0,2267000000,421000000,143000000,507000000,507000000,None,30000,None,None,None,None,None,None,None,281000000,None,None,None,0.189,,1816000000,451000000,1760000000,12000000,None,None,None,,,,,1.08,4.142,3.328,,,,,,,,0.216,,None,2025-10-30,quarterly,3.07,USD,pre-market,None,2083000000,0.0508,0.276,0.0,99.06,None,2312000000,110000000,None,321.17,323.72,0.0,15752000000,10533000000,10193000000,13254000000,5219000000,3061000000,2267000000,2470000000,16.02,None,352.79,291.3
2025-12-28,WTW,20.88,9807000000.0,16.02,None,0.635,80.53,,None,139000000,139000000,,,,,,,,,None,64552671,None,1761000,1761000,10975000000,None,None,9687000000,None,None,54000000,,3.68,0.011,,,,1.441,0.0,451000000,505000000,3.07,2010-06-30,17.27,3271000000,4203000000.0,2267000000,421000000,143000000,528000000,528000000,None,30000,None,None,None,None,None,None,None,281000000,None,None,None,0.189,,1816000000,451000000,1977000000,28000000,None,None,None,,,,,1.08,4.142,3.328,,,,,,,,0.216,,None,2025-10-30,quarterly,3.07,USD,pre-market,None,2063000000,0.0508,0.276,0.0,99.06,None,2347000000,193000000,None,321.17,323.72,0.0,17020000000,11803000000,11529000000,14591000000,5217000000,3062000000,2267000000,2401000000,16.02,None,352.79,291.3
2025-12-28,WTW,20.88,9807000000.0,16.02,None,0.635,80.53,,None,196000000,196000000,,,,,,,,,None,64175170,None,1761000,1761000,11494000000,None,None,10528000000,None,None,54000000,,3.68,0.011,,,,1.441,0.0,451000000,505000000,3.07,2010-03-31,17.27,3272000000,4203000000.0,2267000000,421000000,143000000,551000000,551000000,None,30000,None,None,None,None,None,None,None,281000000,None,None,None,0.189,,1816000000,451000000,1675000000,27000000,None,None,None,,,,,1.08,4.142,3.328,,,,,,,,0.216,,None,2025-10-30,quarterly,3.07,USD,pre-market,None,2019000000,0.0508,0.276,0.0,99.06,None,2397000000,193000000,None,321.17,323.72,0.0,17615000000,12399000000,12044000000,15216000000,5216000000,3172000000,2267000000,2349000000,16.02,None,352.79,291.3
2025-12-28,WTW,20.88,9807000000.0,16.02,None,0.635,80.53,,None,191000000,191000000,,,,,,,,,None,64175170,None,1761000,1761000,9686000000,None,None,816000000,None,None,54000000,,3.68,0.011,,,,1.441,0.0,451000000,505000000,3.07,2009-12-31,17.27,3277000000,4203000000.0,2267000000,421000000,143000000,572000000,572000000,None,30000,None,None,None,None,None,None,None,281000000,None,None,None,0.189,,1816000000,451000000,9938000000,256000000,None,None,None,,,,,1.08,4.142,3.328,,,,,,,,0.216,,None,2025-10-30,quarterly,3.07,USD,pre-market,None,1859000000,0.0508,0.276,0.0,99.06,None,2374000000,209000000,None,321.17,323.72,0.0,15623000000,10512000000,10271000000,13394000000,5111000000,3123000000,2267000000,2180000000,16.02,None,352.79,291.3
2025-12-28,WTW,20.88,9807000000.0,16.02,None,0.635,80.53,,None,203000000,203000000,,,,,,,,,None,63797669,None,1761000,1761000,10152000000,None,None,8980000000,None,None,54000000,,3.68,0.011,,,,1.441,0.0,451000000,505000000,3.07,2009-09-30,17.27,3271000000,4203000000.0,2267000000,421000000,143000000,597000000,597000000,None,30000,None,None,None,None,None,None,None,281000000,None,None,None,0.189,,1816000000,451000000,1815000000,2000000,None,None,None,,,,,1.08,4.142,3.328,,,,,,,,0.216,,None,2025-10-30,quarterly,3.07,USD,pre-market,None,1823000000,0.0508,0.276,0.0,99.06,None,2606000000,231000000,None,321.17,323.72,0.0,16375000000,10998000000,10715000000,14174000000,5378000000,3460000000,2267000000,2155000000,16.02,None,352.79,291.3
2025-12-28,WTW,20.88,9807000000.0,16.02,None,0.635,80.53,,None,103000000,103000000,,,,,,,,,None,63420168,None,1761000,1761000,11599000000,None,None,10382000000,None,None,54000000,,3.68,0.011,,,,1.441,0.0,451000000,505000000,3.07,2009-06-30,17.27,3267000000,4203000000.0,2267000000,421000000,143000000,637000000,637000000,None,30000,None,None,None,None,None,None,None,281000000,None,None,None,0.189,,1816000000,451000000,1952000000,11000000,None,None,None,,,,,1.08,4.142,3.328,,,,,,,,0.216,,None,2025-10-30,quarterly,3.07,USD,pre-market,None,1787000000,0.0508,0.276,0.0,99.06,None,2496000000,106000000,None,321.17,323.72,0.0,17867000000,12437000000,12138000000,15709000000,5430000000,3571000000,2267000000,2114000000,16.02,None,352.79,291.3
2025-12-28,WTW,20.88,9807000000.0,16.02,None,0.635,80.53,,None,147000000,147000000,,,,,,,,,None,63042667,None,1761000,1761000,10795000000,None,None,9688000000,None,None,54000000,,3.68,0.011,,,,1.441,0.0,451000000,505000000,3.07,2009-03-31,17.27,3272000000,4203000000.0,2267000000,421000000,143000000,652000000,652000000,None,30000,None,None,None,None,None,None,None,281000000,None,None,None,0.189,,1816000000,451000000,1803000000,12000000,None,None,None,,,,,1.08,4.142,3.328,,,,,,,,0.216,,None,2025-10-30,quarterly,3.07,USD,pre-market,None,1744000000,0.0508,0.276,0.0,99.06,None,2654000000,174000000,17000000,321.17,323.72,0.0,17103000000,11655000000,11421000000,15023000000,5448000000,3602000000,2267000000,2027000000,16.02,None,352.79,291.3
2025-12-28,WTW,20.88,9807000000.0,16.02,None,0.635,80.53,,None,176000000,176000000,,,,,,,,,None,63042667,None,1761000,1761000,10314000000,None,None,9131000000,None,None,54000000,,3.68,0.011,,,,1.441,0.0,451000000,505000000,3.07,2008-12-31,17.27,3275000000,4203000000.0,2267000000,421000000,143000000,682000000,682000000,None,30000,None,None,None,None,None,None,None,281000000,None,None,None,0.189,,1816000000,451000000,1854000000,21000000,None,None,None,,,,,1.08,4.142,3.328,,,,,,,,0.216,,None,2025-10-30,quarterly,3.07,USD,pre-market,None,1593000000,0.0508,0.276,0.0,99.06,None,2650000000,785000000,20000000,321.17,323.72,0.0,16402000000,9327000000,11807000000,14507000000,7075000000,2700000000,2267000000,1845000000,16.02,None,352.79,291.3
2025-12-28,WTW,20.88,9807000000.0,16.02,None,0.635,80.53,,None,156000000,156000000,,,,,,,,,None,53605142,None,1761000,1761000,11157000000,None,None,9937000000,None,None,54000000,,3.68,0.011,,,,1.441,0.0,451000000,505000000,3.07,2008-09-30,17.27,1663000000,4203000000.0,2267000000,421000000,143000000,66000000,66000000,None,30000,None,None,None,None,None,None,None,281000000,None,None,None,0.189,,1816000000,451000000,1699000000,39000000,None,None,None,,,,,1.08,4.142,3.328,,,,,,,,0.216,,None,2025-10-30,quarterly,3.07,USD,pre-market,None,1575000000,0.0508,0.276,0.0,99.06,None,1370000000,39000000,35000000,321.17,323.72,0.0,14961000000,11827000000,11519000000,13511000000,3134000000,1992000000,2267000000,1404000000,16.02,None,352.79,291.3
2025-12-28,WTW,20.88,9807000000.0,16.02,None,0.635,80.53,,None,205000000,205000000,,,,,,,,,None,53605142,None,1761000,1761000,12216000000,None,None,11013000000,None,None,54000000,,3.68,0.011,,,,1.441,0.0,451000000,505000000,3.07,2008-06-30,17.27,1667000000,4203000000.0,2267000000,421000000,143000000,72000000,72000000,None,30000,None,None,None,None,None,None,None,281000000,None,None,None,0.189,,1816000000,451000000,1767000000,22000000,None,None,None,,,,,1.08,4.142,3.328,,,,,,,,0.216,,None,2025-10-30,quarterly,3.07,USD,pre-market,None,1576000000,0.0508,0.276,0.0,99.06,None,1460000000,22000000,37000000,321.17,323.72,0.0,16222000000,13022000000,12641000000,14727000000,3200000000,2086000000,2267000000,1442000000,16.02,None,352.79,291.3
2025-12-28,WTW,20.88,9807000000.0,16.02,None,0.635,80.53,,None,195000000,195000000,,,,,,,,,None,53982643,None,1761000,1761000,11280000000,None,None,10091000000,None,None,54000000,,3.68,0.011,,,,1.441,0.0,451000000,505000000,3.07,2008-03-31,17.27,1654000000,4203000000.0,2267000000,421000000,143000000,74000000,74000000,None,30000,None,None,None,None,None,None,None,281000000,None,None,None,0.189,,1816000000,451000000,1792000000,13000000,None,None,None,,,,,1.08,4.142,3.328,,,,,,,,0.216,,None,2025-10-30,quarterly,3.07,USD,pre-market,None,1574000000,0.0508,0.276,0.0,99.06,None,1415000000,13000000,38000000,321.17,323.72,0.0,15226000000,12116000000,11666000000,13731000000,3110000000,2065000000,2267000000,1437000000,16.02,None,352.79,291.3
2025-12-28,WTW,20.88,9807000000.0,16.02,None,0.635,80.53,,None,200000000,200000000,,,,,,,,,None,53982643,None,1761000,1761000,9265000000,None,None,8241000000,None,None,54000000,,3.68,0.011,,,,1.441,0.0,451000000,505000000,3.07,2007-12-31,17.27,1648000000,4203000000.0,2267000000,421000000,143000000,78000000,78000000,None,30000,None,None,None,None,None,None,None,281000000,None,None,None,0.189,,1816000000,451000000,1520000000,5000000,None,None,None,,,,,1.08,4.142,3.328,,,,,,,,0.216,,None,2025-10-30,quarterly,3.07,USD,pre-market,None,1463000000,0.0508,0.276,0.0,99.06,None,1250000000,5000000,40000000,321.17,323.72,0.0,12948000000,10001000000,9701000000,11553000000,2947000000,1852000000,2267000000,1347000000,16.02,None,352.79,291.3
2025-12-28,WTW,20.88,9807000000.0,16.02,None,0.635,80.53,,None,210000000,210000000,,,,,,,,,None,54737645,None,1761000,1761000,9811000000,None,None,8604000000,None,None,54000000,,3.68,0.011,,,,1.441,0.0,451000000,505000000,3.07,2007-09-30,17.27,None,4203000000.0,2267000000,421000000,143000000,1727000000,1727000000,None,30000,None,None,None,None,None,None,None,281000000,None,None,None,0.189,,1816000000,451000000,1690000000,103000000,None,None,None,,,,,1.08,4.142,3.328,,,,,,,,0.216,,None,2025-10-30,quarterly,3.07,USD,pre-market,None,1404000000,0.0508,0.276,0.0,99.06,None,1200000000,None,48000000,321.17,323.72,0.0,13392000000,10552000000,10265000000,12055000000,2840000000,1790000000,2267000000,1297000000,16.02,None,352.79,291.3
2025-12-28,WTW,20.88,9807000000.0,16.02,None,0.635,80.53,,None,142000000,142000000,,,,,,,,,None,54737645,None,1761000,1761000,11522000000,None,None,10289000000,None,None,54000000,,3.68,0.011,,,,1.441,0.0,451000000,505000000,3.07,2007-06-30,17.27,None,4203000000.0,2267000000,421000000,143000000,1728000000,1728000000,None,30000,None,None,None,None,None,None,None,281000000,None,None,None,0.189,,1816000000,451000000,1790000000,129000000,None,None,None,,,,,1.08,4.142,3.328,,,,,,,,0.216,,None,2025-10-30,quarterly,3.07,USD,pre-market,None,1373000000,0.0508,0.276,0.0,99.06,None,1200000000,None,47000000,321.17,323.72,0.0,15019000000,12268000000,11972000000,13751000000,2751000000,1779000000,2267000000,1227000000,16.02,None,352.79,291.3
2025-12-28,WTW,20.88,9807000000.0,16.02,None,0.635,80.53,,None,253000000,253000000,,,,,,,,,None,58135154,None,1761000,1761000,11447000000,None,None,10025000000,None,None,54000000,,3.68,0.011,,,,1.441,0.0,451000000,505000000,3.07,2007-03-31,17.27,1651000000,4203000000.0,2267000000,421000000,143000000,None,None,None,30000,None,None,None,None,None,None,None,281000000,None,None,None,0.189,,1816000000,451000000,1939000000,-113000000,None,None,None,,,,,1.08,4.142,3.328,,,,,,,,0.216,,None,2025-10-30,quarterly,3.07,USD,pre-market,None,1331000000,0.0508,0.276,0.0,99.06,None,1200000000,None,55000000,321.17,323.72,0.0,14846000000,12272000000,11764000000,13649000000,2574000000,1885000000,2267000000,1147000000,16.02,None,352.79,291.3
2025-12-28,WTW,20.88,9807000000.0,16.02,None,0.635,80.53,,None,288000000,288000000,,,,,,,,,None,58135154,None,1761000,1761000,10062000000,None,None,8756000000,None,None,54000000,,3.68,0.011,,,,1.441,0.0,451000000,505000000,3.07,2006-12-31,17.27,None,4203000000.0,2267000000,421000000,143000000,1656000000,1656000000,None,30000,None,None,None,None,None,None,None,281000000,None,None,None,0.189,,1816000000,451000000,1772000000,53946000,None,None,None,,,,,1.08,4.142,3.328,,,,,,,,0.216,,None,2025-10-30,quarterly,3.07,USD,pre-market,None,1250000000,0.0508,0.276,0.0,99.06,None,800000000,None,58000000,321.17,323.72,0.0,13378000000,10874000000,10546000000,11882000000,2504000000,1336000000,2267000000,1454000000,16.02,None,352.79,291.3
2025-12-28,WTW,20.88,9807000000.0,16.02,None,0.635,80.53,,None,154000000,154000000,,,,,,,,,None,60022659,None,1761000,1761000,11056000000,None,None,9438000000,None,None,54000000,,3.68,0.011,,,,1.441,0.0,451000000,505000000,3.07,2006-09-30,17.27,1603000000,4203000000.0,2267000000,421000000,143000000,None,None,None,30000,None,None,None,None,None,None,None,281000000,None,None,None,0.189,,1816000000,451000000,2035000000,205794000,None,None,None,,,,,1.08,4.142,3.328,,,,,,,,0.216,,None,2025-10-30,quarterly,3.07,USD,pre-market,None,1138000000,0.0508,0.276,0.0,99.06,None,635000000,None,57000000,321.17,323.72,0.0,14422000000,11684000000,11595000000,12914000000,2738000000,1319000000,2267000000,1483000000,16.02,None,352.79,291.3
2025-12-28,WTW,20.88,9807000000.0,16.02,None,0.635,80.53,,None,210000000,210000000,,,,,,,,,None,60022659,None,1761000,1761000,12052000000,None,None,10721000000,None,None,54000000,,3.68,0.011,,,,1.441,0.0,451000000,505000000,3.07,2006-06-30,17.27,1595000000,4203000000.0,2267000000,421000000,143000000,None,None,None,30000,None,None,None,None,None,None,None,281000000,None,None,None,0.189,,1816000000,451000000,1810000000,210789000,None,None,None,,,,,1.08,4.142,3.328,,,,,,,,0.216,,None,2025-10-30,quarterly,3.07,USD,pre-market,None,1086000000,0.0508,0.276,0.0,99.06,None,600000000,None,56000000,321.17,323.72,0.0,15274000000,12797000000,12537000000,13807000000,2477000000,1270000000,2267000000,1438000000,16.02,None,352.79,291.3
2025-12-28,WTW,20.88,9807000000.0,16.02,None,0.635,80.53,,None,158000000,158000000,,,,,,,,,None,60022659,None,1761000,1761000,10890000000,None,None,9653000000,None,None,54000000,,3.68,0.011,,,,1.441,0.0,451000000,505000000,3.07,2006-03-31,17.27,None,4203000000.0,2267000000,421000000,143000000,1607000000,1607000000,None,30000,None,None,None,None,None,None,None,281000000,None,None,None,0.189,,1816000000,451000000,1718000000,194805000,None,None,None,,,,,1.08,4.142,3.328,,,,,,,,0.216,,None,2025-10-30,quarterly,3.07,USD,pre-market,None,1050000000,0.0508,0.276,0.0,99.06,None,600000000,None,56000000,321.17,323.72,0.0,13997000000,11585000000,11320000000,12595000000,2412000000,1275000000,2267000000,1371000000,16.02,None,352.79,291.3
2025-12-28,WTW,20.88,9807000000.0,16.02,None,0.635,80.53,,None,193000000,193000000,,,,,,,,,None,60022659,None,1761000,1761000,9148000000,None,None,8026000000,None,None,54000000,,3.68,0.011,,,,1.441,0.0,451000000,505000000,3.07,2005-12-31,17.27,None,4203000000.0,2267000000,421000000,143000000,1584000000,1584000000,None,30000,None,None,None,None,None,None,None,281000000,None,None,None,0.189,,1816000000,451000000,1563000000,152847000,None,None,None,,,,,1.08,4.142,3.328,,,,,,,,0.216,,None,2025-10-30,quarterly,3.07,USD,pre-market,None,837000000,0.0508,0.276,0.0,99.06,None,600000000,None,65000000,321.17,323.72,0.0,12186000000,9847000000,9668000000,10913000000,2339000000,1245000000,2267000000,1248000000,16.02,None,352.79,291.3
2025-12-28,WTW,20.88,9807000000.0,16.02,None,0.635,80.53,,None,185000000,185000000,,,,,,,,,None,61155162,None,1761000,1761000,9230000000,None,None,7967000000,None,None,54000000,,3.68,0.011,,,,1.441,0.0,451000000,505000000,3.07,2005-09-30,17.27,None,4203000000.0,2267000000,421000000,143000000,1565000000,1565000000,None,30000,None,None,None,None,None,None,None,281000000,None,None,None,0.189,,1816000000,451000000,1665000000,186000000,None,None,None,,,,,1.08,4.142,3.328,,,,,,,,0.216,,None,2025-10-30,quarterly,3.07,USD,pre-market,None,810000000,0.0508,0.276,0.0,99.06,None,600000000,None,65000000,321.17,323.72,0.0,12278000000,9882000000,9704000000,10987000000,2396000000,1283000000,2267000000,1268000000,16.02,None,352.79,291.3
2025-12-28,WTW,20.88,9807000000.0,16.02,None,0.635,80.53,,622000000,1890000000,1890000000,,,,,,,,,None,102000000,None,1761000,1761000,1053000000,None,None,2494000000,None,None,54000000,,3.68,0.011,,,,1.441,0.0,451000000,505000000,3.07,2024-12-31,17.27,8799000000,4203000000.0,2267000000,421000000,143000000,1295000000,1295000000,None,30000,None,None,None,None,5309000000,None,157000000,281000000,None,None,None,0.189,,1816000000,451000000,10721000000,11224000000,None,71000000,None,,,,,1.08,4.142,3.328,,,,,,,,0.216,,None,2025-10-30,annual,3.07,USD,pre-market,None,109000000,0.0508,0.276,0.0,99.06,None,5931000000,118000000,None,321.17,323.72,0.0,27681000000,15105000000,12598000000,19664000000,12576000000,7066000000,2267000000,7940000000,16.02,None,352.79,291.3
2025-12-28,WTW,20.88,9807000000.0,16.02,None,0.635,80.53,,724000000,1424000000,1424000000,,,,,,,,,None,106000000,None,1761000,1761000,1073000000,None,650000000,2572000000,None,None,54000000,,3.68,0.011,,,,1.441,0.0,451000000,505000000,3.07,2023-12-31,17.27,10195000000,4203000000.0,2267000000,421000000,143000000,2016000000,2016000000,None,30000,None,92000000,None,None,4567000000,None,88000000,281000000,None,None,None,0.189,,1816000000,451000000,9437000000,10654000000,None,65000000,None,,,,,1.08,4.142,3.328,,,,,,,,0.216,,None,2025-10-30,annual,3.07,USD,pre-market,None,1466000000,0.0508,0.276,0.0,99.06,None,5941000000,775000000,4000000,321.17,323.72,0.0,29090000000,13433000000,12630000000,19497000000,15657000000,6867000000,2267000000,9520000000,16.02,None,352.79,291.3
2025-12-28,WTW,20.88,9807000000.0,16.02,None,0.635,80.53,,746000000,1262000000,1262000000,,,,,,,,,None,112000000,None,1761000,1761000,975000000,None,250000000,2387000000,None,None,54000000,,3.68,0.011,,,,1.441,0.0,451000000,505000000,3.07,2022-12-31,17.27,10173000000,4203000000.0,2267000000,421000000,143000000,2273000000,2273000000,None,30000,None,-20655000000,None,None,4471000000,None,90000000,281000000,None,None,None,0.189,,1816000000,451000000,12186000000,13345000000,None,221000000,None,,,,,1.08,4.142,3.328,,,,,,,,0.216,,718000000,2025-10-30,annual,3.07,USD,pre-market,None,1764000000,0.0508,0.276,0.0,99.06,None,5479000000,376000000,43000000,321.17,323.72,0.0,31769000000,15835000000,14779000000,21676000000,15934000000,6897000000,2267000000,10016000000,16.02,-3000000,352.79,291.3
2025-12-28,WTW,20.88,9807000000.0,16.02,None,0.635,80.53,,884000000,4486000000,4486000000,,,,,,,,,None,129000000,None,1761000,1761000,898000000,None,613000000,2370000000,None,None,54000000,,3.68,0.011,,,,1.441,0.0,451000000,505000000,3.07,2021-12-31,17.27,10183000000,4203000000.0,2267000000,421000000,143000000,2555000000,2555000000,None,30000,None,11020000000,None,None,3974000000,None,55000000,281000000,None,None,None,0.189,,1816000000,451000000,11432000000,12785000000,None,253000000,None,,,,,1.08,4.142,3.328,,,,,,,,0.216,,1571000000,2025-10-30,annual,3.07,USD,pre-market,None,4645000000,0.0508,0.276,0.0,99.06,None,5486000000,763000000,200000000,321.17,323.72,0.0,34970000000,18488000000,14724000000,21662000000,16482000000,6938000000,2267000000,13260000000,16.02,-3000000,352.79,291.3
2025-12-28,WTW,20.88,9807000000.0,16.02,None,0.635,80.53,,1089000000,2039000000,2039000000,,,,,,,,,None,130000000,None,1761000,1761000,857000000,None,971000000,2408000000,None,None,54000000,,3.68,0.011,,,,1.441,0.0,451000000,505000000,3.07,2020-12-31,17.27,11204000000,4203000000.0,2267000000,421000000,143000000,3043000000,3043000000,None,30000,None,15160000000,None,None,4664000000,None,24000000,281000000,None,None,None,0.189,,1816000000,451000000,15854000000,17250000000,None,109000000,None,,,,,1.08,4.142,3.328,,,,,,,,0.216,,1916000000,2025-10-30,annual,3.07,USD,pre-market,None,2434000000,0.0508,0.276,0.0,99.06,None,6723000000,1123000000,15160000000,321.17,323.72,0.0,38531000000,20301000000,19332000000,27599000000,18230000000,8267000000,2267000000,10820000000,16.02,None,352.79,291.3
2025-12-28,WTW,20.88,9807000000.0,16.02,None,0.635,80.53,,1150000000,887000000,887000000,,,,,,,,,None,130000000,None,1761000,1761000,856000000,None,316000000,2621000000,None,None,54000000,,3.68,0.011,,,,1.441,0.0,451000000,505000000,3.07,2019-12-31,17.27,11194000000,4203000000.0,2267000000,421000000,143000000,3478000000,3478000000,None,30000,None,13089000000,None,None,5301000000,None,23000000,281000000,None,None,None,0.189,,1816000000,451000000,13529000000,14596000000,None,89000000,None,,,,,1.08,4.142,3.328,,,,,,,,0.216,,2014000000,2025-10-30,annual,3.07,USD,pre-market,None,1792000000,0.0508,0.276,0.0,99.06,None,6767000000,480000000,13089000000,321.17,323.72,0.0,35511000000,17122000000,16155000000,25142000000,18389000000,8987000000,2267000000,10249000000,16.02,None,352.79,291.3
2025-12-28,WTW,20.88,9807000000.0,16.02,None,0.635,80.53,,149000000,1033000000,1033000000,,,,,,,,,None,132000000,None,1761000,1761000,691000000,None,186000000,2379000000,None,None,54000000,,3.68,0.011,,,,1.441,0.0,451000000,505000000,3.07,2018-12-31,17.27,10477000000,4203000000.0,2267000000,421000000,143000000,3318000000,3318000000,None,30000,None,12604000000,None,None,4389000000,None,7000000,281000000,None,None,None,0.189,,1816000000,451000000,13008000000,14295000000,None,87000000,None,,,,,1.08,4.142,3.328,,,,,,,,0.216,,942000000,2025-10-30,annual,3.07,USD,pre-market,None,1201000000,0.0508,0.276,0.0,99.06,None,4724000000,186000000,12604000000,321.17,323.72,0.0,32396000000,16420000000,15301000000,22387000000,15976000000,7086000000,2267000000,9852000000,16.02,None,352.79,291.3
2025-12-28,WTW,20.88,9807000000.0,16.02,None,0.635,80.53,,None,1030000000,1030000000,,,,,,,,,None,136000000,None,1761000,1761000,908000000,None,None,2246000000,None,None,54000000,,3.68,0.011,,,,1.441,0.0,451000000,505000000,3.07,2017-12-31,17.27,10519000000,4203000000.0,2267000000,421000000,143000000,3882000000,3882000000,None,30000,None,12155000000,None,None,None,None,None,281000000,None,None,None,0.189,,1816000000,451000000,12585000000,11961000000,None,None,None,,,,,1.08,4.142,3.328,,,,,,,,0.216,,985000000,2025-10-30,annual,3.07,USD,pre-market,None,1104000000,0.0508,0.276,0.0,99.06,None,4701000000,85000000,12155000000,321.17,323.72,0.0,32458000000,15861000000,14755000000,22181000000,16597000000,7426000000,2267000000,10126000000,16.02,None,352.79,291.3
2025-12-28,WTW,20.88,9807000000.0,16.02,None,0.635,80.53,,None,870000000,870000000,,,,,,,,,None,138000000,None,1761000,1761000,117000000,None,None,2080000000,None,None,54000000,,3.68,0.011,,,,1.441,0.0,451000000,505000000,3.07,2016-12-31,17.27,10426000000,4203000000.0,2267000000,421000000,143000000,4368000000,4368000000,None,30000,None,10505000000,None,None,None,None,None,281000000,None,None,None,0.189,,1816000000,451000000,10842000000,11173000000,None,None,None,,,,,1.08,4.142,3.328,,,,,,,,0.216,,None,2025-10-30,annual,3.07,USD,pre-market,None,1344000000,0.0508,0.276,0.0,99.06,None,3998000000,508000000,10505000000,321.17,323.72,0.0,30273000000,13799000000,13373000000,20152000000,16474000000,6779000000,2267000000,9952000000,16.02,None,352.79,291.3
2025-12-28,WTW,20.88,9807000000.0,16.02,None,0.635,80.53,,None,532000000,532000000,,,,,,,,,None,69000018,None,1761000,1761000,75000000,None,None,1258000000,None,None,54000000,,3.68,0.011,,,,1.441,0.0,451000000,505000000,3.07,2015-12-31,17.27,3770000000,4203000000.0,2267000000,421000000,143000000,1107000000,1107000000,None,30000,None,10458000000,None,None,None,None,None,281000000,None,None,None,0.189,,1816000000,451000000,10713000000,10941000000,None,None,None,,,,,1.08,4.142,3.328,,,,,,,,0.216,,None,2025-10-30,annual,3.07,USD,pre-market,None,1597000000,0.0508,0.276,0.0,99.06,None,3441000000,988000000,10458000000,321.17,323.72,0.0,18894000000,12504000000,12801000000,16486000000,6390000000,3685000000,2267000000,2222000000,16.02,None,352.79,291.3
2025-12-28,WTW,20.88,9807000000.0,16.02,None,0.635,80.53,,None,635000000,635000000,,,,,,,,,None,68327681,None,1761000,1761000,131000000,None,None,1044000000,None,None,54000000,,3.68,0.011,,,,1.441,0.0,451000000,505000000,3.07,2014-12-31,17.27,2937000000,4203000000.0,2267000000,421000000,143000000,450000000,450000000,None,30000,None,8960000000,None,None,None,None,None,281000000,None,None,None,0.189,,1816000000,451000000,9160000000,9261000000,None,None,None,,,,,1.08,4.142,3.328,,,,,,,,0.216,,None,2025-10-30,annual,3.07,USD,pre-market,None,1530000000,0.0508,0.276,0.0,99.06,None,2468000000,167000000,8948000000,321.17,323.72,0.0,15435000000,10853000000,10232000000,13369000000,4582000000,3137000000,2267000000,1985000000,16.02,None,352.79,291.3
2025-12-28,WTW,20.88,9807000000.0,16.02,None,0.635,80.53,,None,796000000,796000000,,,,,,,,,None,68000180,None,1761000,1761000,123000000,None,None,1041000000,None,None,54000000,,3.68,0.011,,,,1.441,0.0,451000000,505000000,3.07,2013-12-31,17.27,2838000000,4203000000.0,2267000000,421000000,143000000,353000000,353000000,None,30000,None,8429000000,None,None,None,None,None,281000000,None,None,None,0.189,,1816000000,451000000,8624000000,8724000000,None,None,None,,,,,1.08,4.142,3.328,,,,,,,,0.216,,None,2025-10-30,annual,3.07,USD,pre-market,None,1595000000,0.0508,0.276,0.0,99.06,None,2509000000,15000000,8412000000,321.17,323.72,0.0,14794000000,10460000000,9472000000,12552000000,4334000000,3080000000,2267000000,2214000000,16.02,None,352.79,291.3
2025-12-28,WTW,20.88,9807000000.0,16.02,None,0.635,80.53,,None,500000000,500000000,,,,,,,,,None,65307673,None,1761000,1761000,88000000,None,None,933000000,None,None,54000000,,3.68,0.011,,,,1.441,0.0,451000000,505000000,3.07,2012-12-31,17.27,2829000000,4203000000.0,2267000000,421000000,143000000,385000000,385000000,None,30000,None,7785000000,None,None,None,None,None,281000000,None,None,None,0.189,,1816000000,451000000,9465000000,9487000000,None,None,None,,,,,1.08,4.142,3.328,,,,,,,,0.216,,None,2025-10-30,annual,3.07,USD,pre-market,None,1427000000,0.0508,0.276,0.0,99.06,None,2526000000,15000000,9271000000,321.17,323.72,0.0,15147000000,10928000000,10221000000,15147000000,4219000000,3201000000,2267000000,1699000000,16.02,None,352.79,291.3
2025-12-28,WTW,20.88,9807000000.0,16.02,None,0.635,80.53,,None,436000000,436000000,,,,,,,,,None,66440176,None,1761000,1761000,59000000,None,None,1032000000,None,None,54000000,,3.68,0.011,,,,1.441,0.0,451000000,505000000,3.07,2011-12-31,17.27,3295000000,4203000000.0,2267000000,421000000,143000000,420000000,420000000,None,30000,None,9283000000,None,None,None,None,None,281000000,None,None,None,0.189,,1816000000,451000000,9519000000,9587000000,None,None,None,,,,,1.08,4.142,3.328,,,,,,,,0.216,,None,2025-10-30,annual,3.07,USD,pre-market,None,2160000000,0.0508,0.276,0.0,99.06,None,2560000000,15000000,9338000000,321.17,323.72,0.0,15649000000,10916000000,9909000000,13116000000,4733000000,3207000000,2267000000,2502000000,16.02,None,352.79,291.3
2025-12-28,WTW,20.88,9807000000.0,16.02,None,0.635,80.53,,None,316000000,316000000,,,,,,,,,None,64552671,None,1761000,1761000,None,None,None,839000000,None,None,54000000,,3.68,0.011,,,,1.441,0.0,451000000,505000000,3.07,2010-12-31,17.27,3294000000,4203000000.0,2267000000,421000000,143000000,492000000,492000000,None,30000,None,None,None,None,None,None,None,281000000,None,None,None,0.189,,1816000000,451000000,9945000000,9844000000,None,None,None,,,,,1.08,4.142,3.328,,,,,,,,0.216,,None,2025-10-30,annual,3.07,USD,pre-market,None,2136000000,0.0508,0.276,0.0,99.06,None,2267000000,110000000,None,321.17,323.72,0.0,15745000000,10997000000,10253000000,13137000000,4748000000,2884000000,2267000000,2577000000,16.02,None,352.79,291.3
2025-12-28,WTW,20.88,9807000000.0,16.02,None,0.635,80.53,,None,191000000,191000000,,,,,,,,,None,63797669,None,1761000,1761000,9686000000,None,None,816000000,None,None,54000000,,3.68,0.011,,,,1.441,0.0,451000000,505000000,3.07,2009-12-31,17.27,3277000000,4203000000.0,2267000000,421000000,143000000,572000000,572000000,None,30000,None,-18000000,None,None,None,None,None,281000000,None,None,None,0.189,,1816000000,451000000,9938000000,256000000,None,None,None,,,,,1.08,4.142,3.328,,,,,,,,0.216,,None,2025-10-30,annual,3.07,USD,pre-market,None,1859000000,0.0508,0.276,0.0,99.06,None,2374000000,209000000,None,321.17,323.72,0.0,15641000000,10512000000,10271000000,13415000000,5111000000,3123000000,2267000000,2177000000,16.02,None,352.79,291.3
2025-12-28,WTW,20.88,9807000000.0,16.02,None,0.635,80.53,,None,176000000,176000000,,,,,,,,,None,55870148,None,1761000,1761000,10314000000,None,None,9131000000,None,None,54000000,,3.68,0.011,,,,1.441,0.0,451000000,505000000,3.07,2008-12-31,17.27,3275000000,4203000000.0,2267000000,421000000,143000000,682000000,682000000,None,30000,None,None,None,None,None,None,None,281000000,None,None,None,0.189,,1816000000,451000000,1854000000,21000000,None,None,None,,,,,1.08,4.142,3.328,,,,,,,,0.216,,None,2025-10-30,annual,3.07,USD,pre-market,None,1593000000,0.0508,0.276,0.0,99.06,None,2650000000,785000000,20000000,321.17,323.72,0.0,16402000000,9327000000,11807000000,14507000000,7075000000,2700000000,2267000000,1845000000,16.02,None,352.79,291.3
2025-12-28,WTW,20.88,9807000000.0,16.02,None,0.635,80.53,,None,200000000,200000000,,,,,,,,,None,55492647,None,1761000,1761000,9265000000,None,None,8241000000,None,None,54000000,,3.68,0.011,,,,1.441,0.0,451000000,505000000,3.07,2007-12-31,17.27,1648000000,4203000000.0,2267000000,421000000,143000000,78000000,78000000,None,30000,None,None,None,None,None,None,None,281000000,None,None,None,0.189,,1816000000,451000000,1520000000,5000000,None,None,None,,,,,1.08,4.142,3.328,,,,,,,,0.216,,None,2025-10-30,annual,3.07,USD,pre-market,None,1463000000,0.0508,0.276,0.0,99.06,None,1250000000,5000000,40000000,321.17,323.72,0.0,12948000000,10001000000,9701000000,11553000000,2947000000,1852000000,2267000000,1347000000,16.02,None,352.79,291.3
2025-12-28,WTW,20.88,9807000000.0,16.02,None,0.635,80.53,,None,288000000,288000000,,,,,,,,,None,59645158,None,1761000,1761000,10062000000,None,None,8756000000,None,None,54000000,,3.68,0.011,,,,1.441,0.0,451000000,505000000,3.07,2006-12-31,17.27,None,4203000000.0,2267000000,421000000,143000000,1656000000,1656000000,None,30000,None,None,None,None,None,None,None,281000000,None,None,None,0.189,,1816000000,451000000,1772000000,53946000,None,None,None,,,,,1.08,4.142,3.328,,,,,,,,0.216,,None,2025-10-30,annual,3.07,USD,pre-market,None,1250000000,0.0508,0.276,0.0,99.06,None,800000000,None,58000000,321.17,323.72,0.0,13378000000,10874000000,10546000000,11882000000,2504000000,1336000000,2267000000,1454000000,16.02,None,352.79,291.3
2025-12-28,WTW,20.88,9807000000.0,16.02,None,0.635,80.53,,None,193000000,193000000,,,,,,,,,None,61532663,None,1761000,1761000,9148000000,None,None,8026000000,None,None,54000000,,3.68,0.011,,,,1.441,0.0,451000000,505000000,3.07,2005-12-31,17.27,None,4203000000.0,2267000000,421000000,143000000,1584000000,1584000000,None,30000,None,None,None,None,None,None,None,281000000,None,None,None,0.189,,1816000000,451000000,1563000000,152847000,None,None,None,,,,,1.08,4.142,3.328,,,,,,,,0.216,,None,2025-10-30,annual,3.07,USD,pre-market,None,837000000,0.0508,0.276,0.0,99.06,None,600000000,None,65000000,321.17,323.72,0.0,12186000000,9847000000,9668000000,10913000000,2339000000,1245000000,2267000000,1248000000,16.02,None,352.79,291.3
2025-12-28,WTW,20.88,9807000000.0,16.02,None,0.635,80.53,51000000,None,193000000,193000000,-511000000,-82000000,None,None,None,None,None,None,None,61532663,None,1761000,1761000,9148000000,None,None,8026000000,None,None,54000000,104000000,3.68,0.011,90000000,90000000,None,1.441,0.0,451000000,505000000,3.07,2025-09-30,17.27,None,4203000000.0,2267000000,421000000,143000000,1584000000,1584000000,None,30000,None,None,None,None,None,None,None,310000000,None,None,None,0.189,678000000,1816000000,451000000,1563000000,152847000,None,None,None,None,None,None,None,1.08,4.142,3.328,None,None,None,None,None,-600000000,None,0.216,None,None,2025-10-30,quarterly,3.07,USD,pre-market,None,837000000,0.0508,0.276,0.0,99.06,None,600000000,None,65000000,321.17,323.72,0.0,12186000000,9847000000,9668000000,10913000000,2339000000,1245000000,2267000000,1248000000,16.02,None,352.79,291.3
2025-12-28,WTW,20.88,9807000000.0,16.02,None,0.635,80.53,58000000,None,193000000,193000000,-824000000,696000000,None,None,None,None,None,None,None,61532663,None,1761000,1761000,9148000000,None,None,8026000000,None,None,54000000,57000000,3.68,0.011,91000000,91000000,None,1.441,0.0,451000000,505000000,3.07,2025-06-30,17.27,None,4203000000.0,2267000000,421000000,143000000,1584000000,1584000000,None,30000,None,None,None,None,None,None,None,332000000,None,None,None,0.189,361000000,1816000000,451000000,1563000000,152847000,None,None,None,None,None,None,None,1.08,4.142,3.328,None,None,None,None,None,-500000000,None,0.216,None,None,2025-10-30,quarterly,3.07,USD,pre-market,None,837000000,0.0508,0.276,0.0,99.06,None,600000000,None,65000000,321.17,323.72,0.0,12186000000,9847000000,9668000000,10913000000,2339000000,1245000000,2267000000,1248000000,16.02,None,352.79,291.3
2025-12-28,WTW,20.88,9807000000.0,16.02,None,0.635,80.53,51000000,None,193000000,193000000,24000000,-84000000,None,None,None,None,None,None,None,61532663,None,1761000,1761000,9148000000,None,None,8026000000,None,None,54000000,102000000,3.68,0.011,88000000,88000000,None,1.441,0.0,451000000,505000000,3.07,2025-03-31,17.27,None,4203000000.0,2267000000,421000000,143000000,1584000000,1584000000,None,30000,None,None,None,None,None,None,None,239000000,None,None,None,0.189,-35000000,1816000000,451000000,1563000000,152847000,None,None,None,None,None,None,None,1.08,4.142,3.328,None,None,None,None,None,-200000000,None,0.216,None,None,2025-10-30,quarterly,3.07,USD,pre-market,None,837000000,0.0508,0.276,0.0,99.06,None,600000000,None,65000000,321.17,323.72,0.0,12186000000,9847000000,9668000000,10913000000,2339000000,1245000000,2267000000,1248000000,16.02,None,352.79,291.3
2025-12-28,WTW,20.88,9807000000.0,16.02,None,0.635,80.53,189000000,None,193000000,193000000,-664000000,480000000,None,None,None,None,None,None,None,61532663,None,1761000,1761000,9148000000,None,None,8026000000,None,None,54000000,-122000000,3.68,0.011,89000000,89000000,None,1.441,0.0,451000000,505000000,3.07,2024-12-31,17.27,None,4203000000.0,2267000000,421000000,143000000,1584000000,1584000000,None,30000,None,None,None,None,None,None,None,1248000000,None,None,None,0.189,599000000,1816000000,451000000,1563000000,152847000,None,None,None,None,None,None,None,1.08,4.142,3.328,None,None,None,None,None,-395000000,None,0.216,None,None,2025-10-30,quarterly,3.07,USD,pre-market,None,837000000,0.0508,0.276,0.0,99.06,None,600000000,None,65000000,321.17,323.72,0.0,12186000000,9847000000,9668000000,10913000000,2339000000,1245000000,2267000000,1248000000,16.02,None,352.79,291.3
2025-12-28,WTW,20.88,9807000000.0,16.02,None,0.635,80.53,63000000,None,193000000,193000000,-159000000,-72000000,None,None,None,None,None,None,None,61532663,None,1761000,1761000,9148000000,None,None,8026000000,None,None,54000000,116000000,3.68,0.011,89000000,89000000,None,1.441,0.0,451000000,505000000,3.07,2024-09-30,17.27,None,4203000000.0,2267000000,421000000,143000000,1584000000,1584000000,None,30000,None,None,None,None,None,None,None,-1672000000,None,None,None,0.189,482000000,1816000000,451000000,1563000000,152847000,None,None,None,None,None,None,None,1.08,4.142,3.328,None,None,None,None,None,-205000000,None,0.216,None,None,2025-10-30,quarterly,3.07,USD,pre-market,None,837000000,0.0508,0.276,0.0,99.06,None,600000000,None,65000000,321.17,323.72,0.0,12186000000,9847000000,9668000000,10913000000,2339000000,1245000000,2267000000,1248000000,16.02,None,352.79,291.3
2025-12-28,WTW,20.88,9807000000.0,16.02,None,0.635,80.53,66000000,None,193000000,193000000,-1192000000,-84000000,None,None,None,None,None,None,None,61532663,None,1761000,1761000,9148000000,None,None,8026000000,None,None,54000000,117000000,3.68,0.011,90000000,90000000,None,1.441,0.0,451000000,505000000,3.07,2024-06-30,17.27,None,4203000000.0,2267000000,421000000,143000000,1584000000,1584000000,None,30000,None,None,None,None,None,None,None,141000000,None,None,None,0.189,407000000,1816000000,451000000,1563000000,152847000,None,None,None,None,None,None,None,1.08,4.142,3.328,None,None,None,None,None,-200000000,None,0.216,None,None,2025-10-30,quarterly,3.07,USD,pre-market,None,837000000,0.0508,0.276,0.0,99.06,None,600000000,None,65000000,321.17,323.72,0.0,12186000000,9847000000,9668000000,10913000000,2339000000,1245000000,2267000000,1248000000,16.02,None,352.79,291.3
2025-12-28,WTW,20.88,9807000000.0,16.02,None,0.635,80.53,60000000,None,193000000,193000000,1556000000,-74000000,None,None,None,None,None,None,None,61532663,None,1761000,1761000,9148000000,None,None,8026000000,None,None,54000000,119000000,3.68,0.011,86000000,86000000,None,1.441,0.0,451000000,505000000,3.07,2024-03-31,17.27,None,4203000000.0,2267000000,421000000,143000000,1584000000,1584000000,None,30000,None,None,None,None,None,None,None,190000000,None,None,None,0.189,24000000,1816000000,451000000,1563000000,152847000,None,None,None,None,None,None,None,1.08,4.142,3.328,None,None,None,None,None,-101000000,None,0.216,None,None,2025-10-30,quarterly,3.07,USD,pre-market,None,837000000,0.0508,0.276,0.0,99.06,None,600000000,None,65000000,321.17,323.72,0.0,12186000000,9847000000,9668000000,10913000000,2339000000,1245000000,2267000000,1248000000,16.02,None,352.79,291.3
2025-12-28,WTW,20.88,9807000000.0,16.02,None,0.635,80.53,60000000,None,193000000,193000000,-472000000,-55000000,None,None,None,None,None,None,None,61532663,None,1761000,1761000,9148000000,None,None,8026000000,None,None,54000000,118000000,3.68,0.011,87000000,87000000,None,1.441,0.0,451000000,505000000,3.07,2023-12-31,17.27,None,4203000000.0,2267000000,421000000,143000000,1584000000,1584000000,None,30000,None,None,None,None,None,None,None,622000000,None,None,None,0.189,522000000,1816000000,451000000,1563000000,152847000,None,None,None,None,None,None,None,1.08,4.142,3.328,None,None,None,None,None,-196000000,None,0.216,None,None,2025-10-30,quarterly,3.07,USD,pre-market,None,837000000,0.0508,0.276,0.0,99.06,None,600000000,None,65000000,321.17,323.72,0.0,12186000000,9847000000,9668000000,10913000000,2339000000,1245000000,2267000000,1248000000,16.02,None,352.79,291.3
2025-12-28,WTW,20.88,9807000000.0,16.02,None,0.635,80.53,61000000,None,193000000,193000000,-615000000,5000000,None,None,None,None,None,None,None,61532663,None,1761000,1761000,9148000000,None,None,8026000000,None,None,54000000,122000000,3.68,0.011,88000000,88000000,None,1.441,0.0,451000000,505000000,3.07,2023-09-30,17.27,None,4203000000.0,2267000000,421000000,143000000,1584000000,1584000000,None,30000,None,None,None,None,None,None,None,139000000,None,None,None,0.189,393000000,1816000000,451000000,1563000000,152847000,None,None,None,None,None,None,None,1.08,4.142,3.328,None,None,None,None,None,-350000000,None,0.216,None,None,2025-10-30,quarterly,3.07,USD,pre-market,None,837000000,0.0508,0.276,0.0,99.06,None,600000000,None,65000000,321.17,323.72,0.0,12186000000,9847000000,9668000000,10913000000,2339000000,1245000000,2267000000,1248000000,16.02,None,352.79,291.3
2025-12-28,WTW,20.88,9807000000.0,16.02,None,0.635,80.53,60000000,None,193000000,193000000,340000000,-974000000,None,None,None,None,None,None,None,61532663,None,1761000,1761000,9148000000,None,None,8026000000,None,None,54000000,134000000,3.68,0.011,90000000,90000000,None,1.441,0.0,451000000,505000000,3.07,2023-06-30,17.27,None,4203000000.0,2267000000,421000000,143000000,1584000000,1584000000,None,30000,None,None,None,None,None,None,None,96000000,None,None,None,0.189,296000000,1816000000,451000000,1563000000,152847000,None,None,None,None,None,None,None,1.08,4.142,3.328,None,None,None,None,None,-350000000,None,0.216,None,None,2025-10-30,quarterly,3.07,USD,pre-market,None,837000000,0.0508,0.276,0.0,99.06,None,600000000,None,65000000,321.17,323.72,0.0,12186000000,9847000000,9668000000,10913000000,2339000000,1245000000,2267000000,1248000000,16.02,None,352.79,291.3
2025-12-28,WTW,20.88,9807000000.0,16.02,None,0.635,80.53,61000000,None,193000000,193000000,-453000000,-61000000,-380000000,None,None,None,None,129000000,None,61532663,None,1761000,1761000,9148000000,None,None,8026000000,None,None,54000000,131000000,3.68,0.011,87000000,87000000,None,1.441,0.0,451000000,505000000,3.07,2023-03-31,17.27,None,4203000000.0,2267000000,421000000,143000000,1584000000,1584000000,None,30000,None,None,None,None,None,None,None,206000000,None,None,None,0.189,134000000,1816000000,451000000,1563000000,152847000,None,None,None,None,None,None,None,1.08,4.142,3.328,None,None,None,None,None,-104000000,None,0.216,None,None,2025-10-30,quarterly,3.07,USD,pre-market,None,837000000,0.0508,0.276,0.0,99.06,None,600000000,None,65000000,321.17,323.72,0.0,12186000000,9847000000,9668000000,10913000000,2339000000,1245000000,2267000000,1248000000,16.02,None,352.79,291.3
2025-12-28,WTW,20.88,9807000000.0,16.02,None,0.635,80.53,54000000,None,193000000,193000000,-336000000,-115000000,-76000000,None,None,None,None,-458000000,None,61532663,None,1761000,1761000,9148000000,None,None,8026000000,None,None,54000000,137000000,3.68,0.011,89000000,89000000,None,1.441,0.0,451000000,505000000,3.07,2022-12-31,17.27,None,4203000000.0,2267000000,421000000,143000000,1584000000,1584000000,None,30000,None,None,None,None,None,None,None,593000000,None,None,None,0.189,375000000,1816000000,451000000,1563000000,152847000,None,None,None,None,None,None,None,1.08,4.142,3.328,None,None,None,None,None,-440000000,None,0.216,None,None,2025-10-30,quarterly,3.07,USD,pre-market,None,837000000,0.0508,0.276,0.0,99.06,None,600000000,None,65000000,321.17,323.72,0.0,12186000000,9847000000,9668000000,10913000000,2339000000,1245000000,2267000000,1248000000,16.02,None,352.79,291.3
2025-12-28,WTW,20.88,9807000000.0,16.02,None,0.635,80.53,57000000,None,193000000,193000000,-419000000,-77000000,-317000000,None,None,None,None,90000000,None,61532663,None,1761000,1761000,9148000000,None,None,8026000000,None,None,54000000,131000000,3.68,0.011,91000000,91000000,None,1.441,0.0,451000000,505000000,3.07,2022-09-30,17.27,None,4203000000.0,2267000000,421000000,143000000,1584000000,1584000000,None,30000,None,None,None,None,None,None,None,192000000,None,None,None,0.189,179000000,1816000000,451000000,1563000000,152847000,None,None,None,None,None,None,None,1.08,4.142,3.328,None,None,None,None,None,-369000000,None,0.216,None,None,2025-10-30,quarterly,3.07,USD,pre-market,None,837000000,0.0508,0.276,0.0,99.06,None,600000000,None,65000000,321.17,323.72,0.0,12186000000,9847000000,9668000000,10913000000,2339000000,1245000000,2267000000,1248000000,16.02,None,352.79,291.3
2025-12-28,WTW,20.88,9807000000.0,16.02,None,0.635,80.53,47000000,None,193000000,193000000,-110000000,-55000000,72000000,None,None,None,None,98000000,None,61532663,None,1761000,1761000,9148000000,None,None,8026000000,None,None,54000000,148000000,3.68,0.011,91000000,91000000,None,1.441,0.0,451000000,505000000,3.07,2022-06-30,17.27,None,4203000000.0,2267000000,421000000,143000000,1584000000,1584000000,None,30000,None,None,None,None,None,None,None,114000000,None,None,None,0.189,237000000,1816000000,451000000,1563000000,152847000,None,None,None,None,None,None,None,1.08,4.142,3.328,None,None,None,None,None,-471000000,None,0.216,None,None,2025-10-30,quarterly,3.07,USD,pre-market,None,837000000,0.0508,0.276,0.0,99.06,None,600000000,None,65000000,321.17,323.72,0.0,12186000000,9847000000,9668000000,10913000000,2339000000,1245000000,2267000000,1248000000,16.02,None,352.79,291.3
2025-12-28,WTW,20.88,9807000000.0,16.02,None,0.635,80.53,46000000,None,193000000,193000000,-2580000000,74000000,-2485000000,None,None,None,None,82000000,None,61532663,None,1761000,1761000,9148000000,None,None,8026000000,None,None,54000000,151000000,3.68,0.011,98000000,98000000,None,1.441,0.0,451000000,505000000,3.07,2022-03-31,17.27,None,4203000000.0,2267000000,421000000,143000000,1584000000,1584000000,None,30000,None,None,None,None,None,None,None,125000000,None,None,None,0.189,21000000,1816000000,451000000,1563000000,152847000,None,None,None,None,None,None,None,1.08,4.142,3.328,None,None,None,None,None,-2250000000,None,0.216,None,None,2025-10-30,quarterly,3.07,USD,pre-market,None,837000000,0.0508,0.276,0.0,99.06,None,600000000,None,65000000,321.17,323.72,0.0,12186000000,9847000000,9668000000,10913000000,2339000000,1245000000,2267000000,1248000000,16.02,None,352.79,291.3
2025-12-28,WTW,20.88,9807000000.0,16.02,None,0.635,80.53,39000000,None,193000000,193000000,-809000000,1993000000,1368000000,None,None,None,None,-309000000,None,61532663,None,1761000,1761000,9148000000,None,None,8026000000,None,None,54000000,153000000,3.68,0.011,99000000,99000000,None,1.441,0.0,451000000,505000000,3.07,2021-12-31,17.27,None,4203000000.0,2267000000,421000000,143000000,1584000000,1584000000,None,30000,None,None,None,None,None,None,None,569000000,None,None,None,0.189,184000000,1816000000,451000000,1563000000,152847000,None,None,None,None,None,None,None,1.08,4.142,3.328,None,None,None,None,None,-627000000,None,0.216,None,None,2025-10-30,quarterly,3.07,USD,pre-market,None,837000000,0.0508,0.276,0.0,99.06,None,600000000,None,65000000,321.17,323.72,0.0,12186000000,9847000000,9668000000,10913000000,2339000000,1245000000,2267000000,1248000000,16.02,None,352.79,291.3
2025-12-28,WTW,20.88,9807000000.0,16.02,None,0.635,80.53,43000000,None,193000000,193000000,-1189000000,-13000000,None,None,None,None,None,None,None,61532663,None,1761000,1761000,9148000000,None,None,8026000000,None,None,54000000,154000000,3.68,0.011,6000000,6000000,None,1.441,0.0,451000000,505000000,3.07,2021-09-30,17.27,None,4203000000.0,2267000000,421000000,143000000,1584000000,1584000000,None,30000,None,None,None,None,None,None,None,907000000,None,None,None,0.189,1511000000,1816000000,451000000,1563000000,152847000,None,None,None,None,None,None,None,1.08,4.142,3.328,None,None,None,None,None,-1000000000,None,0.216,None,None,2025-10-30,quarterly,3.07,USD,pre-market,None,837000000,0.0508,0.276,0.0,99.06,None,600000000,None,65000000,321.17,323.72,0.0,12186000000,9847000000,9668000000,10913000000,2339000000,1245000000,2267000000,1248000000,16.02,None,352.79,291.3
2025-12-28,WTW,20.88,9807000000.0,16.02,None,0.635,80.53,55000000,None,193000000,193000000,-235000000,-55000000,None,None,None,None,None,None,None,61532663,None,1761000,1761000,9148000000,None,None,8026000000,None,None,54000000,170000000,3.68,0.011,177000000,177000000,None,1.441,0.0,451000000,505000000,3.07,2021-06-30,17.27,None,4203000000.0,2267000000,421000000,143000000,1584000000,1584000000,None,30000,None,None,None,None,None,None,None,186000000,None,None,None,0.189,494000000,1816000000,451000000,1563000000,152847000,None,None,None,None,None,None,None,1.08,4.142,3.328,None,None,None,None,None,-1000000,None,0.216,None,None,2025-10-30,quarterly,3.07,USD,pre-market,None,837000000,0.0508,0.276,0.0,99.06,None,600000000,None,65000000,321.17,323.72,0.0,12186000000,9847000000,9668000000,10913000000,2339000000,1245000000,2267000000,1248000000,16.02,None,352.79,291.3
2025-12-28,WTW,20.88,9807000000.0,16.02,None,0.635,80.53,51000000,None,193000000,193000000,-832000000,429000000,None,None,None,None,None,None,None,61532663,None,1761000,1761000,9148000000,None,None,8026000000,None,None,54000000,174000000,3.68,0.011,92000000,92000000,None,1.441,0.0,451000000,505000000,3.07,2021-03-31,17.27,None,4203000000.0,2267000000,421000000,143000000,1584000000,1584000000,None,30000,None,None,None,None,None,None,None,736000000,None,None,None,0.189,-128000000,1816000000,451000000,1563000000,152847000,None,None,None,None,None,None,None,1.08,4.142,3.328,None,None,None,None,None,None,None,0.216,None,None,2025-10-30,quarterly,3.07,USD,pre-market,None,837000000,0.0508,0.276,0.0,99.06,None,600000000,None,65000000,321.17,323.72,0.0,12186000000,9847000000,9668000000,10913000000,2339000000,1245000000,2267000000,1248000000,16.02,None,352.79,291.3
2025-12-28,WTW,20.88,9807000000.0,16.02,None,0.635,80.53,54000000,None,193000000,193000000,-100000000,-52000000,None,None,None,None,None,None,None,61532663,None,1761000,1761000,9148000000,None,None,8026000000,None,None,54000000,184000000,3.68,0.011,87000000,87000000,None,1.441,0.0,451000000,505000000,3.07,2020-12-31,17.27,None,4203000000.0,2267000000,421000000,143000000,1584000000,1584000000,None,30000,None,None,None,None,None,None,None,483000000,None,None,None,0.189,568000000,1816000000,451000000,1563000000,152847000,None,None,None,None,None,None,None,1.08,4.142,3.328,None,None,None,None,None,0,None,0.216,None,None,2025-10-30,quarterly,3.07,USD,pre-market,None,837000000,0.0508,0.276,0.0,99.06,None,600000000,None,65000000,321.17,323.72,0.0,12186000000,9847000000,9668000000,10913000000,2339000000,1245000000,2267000000,1248000000,16.02,None,352.79,291.3
2025-12-28,WTW,20.88,9807000000.0,16.02,None,0.635,80.53,64000000,None,193000000,193000000,-119000000,141000000,None,None,None,None,None,None,None,61532663,None,1761000,1761000,9148000000,None,None,8026000000,None,None,54000000,181000000,3.68,0.011,88000000,88000000,None,1.441,0.0,451000000,505000000,3.07,2020-09-30,17.27,None,4203000000.0,2267000000,421000000,143000000,1584000000,1584000000,None,30000,None,None,None,None,None,None,None,122000000,None,None,None,0.189,521000000,1816000000,451000000,1563000000,152847000,None,None,None,None,None,None,None,1.08,4.142,3.328,None,None,None,None,None,-13000000,None,0.216,None,None,2025-10-30,quarterly,3.07,USD,pre-market,None,837000000,0.0508,0.276,0.0,99.06,None,600000000,None,65000000,321.17,323.72,0.0,12186000000,9847000000,9668000000,10913000000,2339000000,1245000000,2267000000,1248000000,16.02,None,352.79,291.3
2025-12-28,WTW,20.88,9807000000.0,16.02,None,0.635,80.53,87000000,None,193000000,193000000,-401000000,-87000000,None,None,None,None,None,None,None,61532663,None,1761000,1761000,9148000000,None,None,8026000000,None,None,54000000,186000000,3.68,0.011,87000000,87000000,None,1.441,0.0,451000000,505000000,3.07,2020-06-30,17.27,None,4203000000.0,2267000000,421000000,143000000,1584000000,1584000000,None,30000,None,None,None,None,None,None,None,102000000,None,None,None,0.189,662000000,1816000000,451000000,1563000000,152847000,None,None,None,None,None,None,None,1.08,4.142,3.328,None,None,None,None,None,-114000000,None,0.216,None,None,2025-10-30,quarterly,3.07,USD,pre-market,None,837000000,0.0508,0.276,0.0,99.06,None,600000000,None,65000000,321.17,323.72,0.0,12186000000,9847000000,9668000000,10913000000,2339000000,1245000000,2267000000,1248000000,16.02,None,352.79,291.3
2025-12-28,WTW,20.88,9807000000.0,16.02,None,0.635,80.53,81000000,None,193000000,193000000,186000000,-162000000,None,None,None,None,None,None,None,61532663,None,1761000,1761000,9148000000,None,None,8026000000,None,None,54000000,219000000,3.68,0.011,84000000,84000000,None,1.441,0.0,451000000,505000000,3.07,2020-03-31,17.27,None,4203000000.0,2267000000,421000000,143000000,1584000000,1584000000,None,30000,None,None,None,None,None,None,None,313000000,None,None,None,0.189,23000000,1816000000,451000000,1563000000,152847000,None,None,None,None,None,None,None,1.08,4.142,3.328,None,None,None,None,None,396000000,None,0.216,None,None,2025-10-30,quarterly,3.07,USD,pre-market,None,837000000,0.0508,0.276,0.0,99.06,None,600000000,None,65000000,321.17,323.72,0.0,12186000000,9847000000,9668000000,10913000000,2339000000,1245000000,2267000000,1248000000,16.02,None,352.79,291.3
2025-12-28,WTW,20.88,9807000000.0,16.02,None,0.635,80.53,87000000,None,193000000,193000000,-377000000,-83000000,None,None,None,None,None,None,None,61532663,None,1761000,1761000,9148000000,None,None,8026000000,None,None,54000000,190000000,3.68,0.011,84000000,84000000,None,1.441,0.0,451000000,505000000,3.07,2019-12-31,17.27,None,4203000000.0,2267000000,421000000,143000000,1584000000,1584000000,None,30000,None,None,None,None,None,None,None,551000000,None,None,None,0.189,461000000,1816000000,451000000,1563000000,152847000,None,None,None,None,None,None,None,1.08,4.142,3.328,None,None,None,None,None,-3000000,None,0.216,None,None,2025-10-30,quarterly,3.07,USD,pre-market,None,837000000,0.0508,0.276,0.0,99.06,None,600000000,None,65000000,321.17,323.72,0.0,12186000000,9847000000,9668000000,10913000000,2339000000,1245000000,2267000000,1248000000,16.02,None,352.79,291.3
2025-12-28,WTW,20.88,9807000000.0,16.02,None,0.635,80.53,64000000,None,193000000,193000000,1148000000,-1383000000,None,None,None,None,None,None,None,61532663,None,1761000,1761000,9148000000,None,None,8026000000,None,None,54000000,176000000,3.68,0.011,84000000,84000000,None,1.441,0.0,451000000,505000000,3.07,2019-09-30,17.27,None,4203000000.0,2267000000,421000000,143000000,1584000000,1584000000,None,30000,None,None,None,None,None,None,None,80000000,None,None,None,0.189,317000000,1816000000,451000000,1563000000,152847000,None,None,None,None,None,None,None,1.08,4.142,3.328,None,None,None,None,None,-96000000,None,0.216,None,None,2025-10-30,quarterly,3.07,USD,pre-market,None,837000000,0.0508,0.276,0.0,99.06,None,600000000,None,65000000,321.17,323.72,0.0,12186000000,9847000000,9668000000,10913000000,2339000000,1245000000,2267000000,1248000000,16.02,None,352.79,291.3
2025-12-28,WTW,20.88,9807000000.0,16.02,None,0.635,80.53,80000000,None,193000000,193000000,-456000000,-73000000,None,None,None,None,None,None,None,61532663,None,1761000,1761000,9148000000,None,None,8026000000,None,None,54000000,182000000,3.68,0.011,84000000,84000000,None,1.441,0.0,451000000,505000000,3.07,2019-06-30,17.27,None,4203000000.0,2267000000,421000000,143000000,1584000000,1584000000,None,30000,None,None,None,None,None,None,None,149000000,None,None,None,0.189,350000000,1816000000,451000000,1563000000,152847000,None,None,None,None,None,None,None,1.08,4.142,3.328,None,None,None,None,None,-51000000,None,0.216,None,None,2025-10-30,quarterly,3.07,USD,pre-market,None,837000000,0.0508,0.276,0.0,99.06,None,600000000,None,65000000,321.17,323.72,0.0,12186000000,9847000000,9668000000,10913000000,2339000000,1245000000,2267000000,1248000000,16.02,None,352.79,291.3
2025-12-28,WTW,20.88,9807000000.0,16.02,None,0.635,80.53,74000000,None,193000000,193000000,82000000,-75000000,None,None,None,None,None,None,None,61532663,None,1761000,1761000,9148000000,None,None,8026000000,None,None,54000000,181000000,3.68,0.011,77000000,77000000,None,1.441,0.0,451000000,505000000,3.07,2019-03-31,17.27,None,4203000000.0,2267000000,421000000,143000000,1584000000,1584000000,None,30000,None,None,None,None,None,None,None,293000000,None,None,None,0.189,-47000000,1816000000,451000000,1563000000,152847000,None,None,None,None,None,None,None,1.08,4.142,3.328,None,None,None,None,None,None,None,0.216,None,None,2025-10-30,quarterly,3.07,USD,pre-market,None,837000000,0.0508,0.276,0.0,99.06,None,600000000,None,65000000,321.17,323.72,0.0,12186000000,9847000000,9668000000,10913000000,2339000000,1245000000,2267000000,1248000000,16.02,None,352.79,291.3
2025-12-28,WTW,20.88,9807000000.0,16.02,None,0.635,80.53,72000000,None,193000000,193000000,-361000000,-101000000,None,None,None,None,None,None,None,61532663,None,1761000,1761000,9148000000,None,None,8026000000,None,None,54000000,181000000,3.68,0.011,78000000,78000000,None,1.441,0.0,451000000,505000000,3.07,2018-12-31,17.27,None,4203000000.0,2267000000,421000000,143000000,1584000000,1584000000,None,30000,None,None,None,None,None,None,None,383000000,None,None,None,0.189,572000000,1816000000,451000000,1563000000,152847000,None,None,None,None,None,None,None,1.08,4.142,3.328,None,None,None,None,None,-201000000,None,0.216,None,None,2025-10-30,quarterly,3.07,USD,pre-market,None,837000000,0.0508,0.276,0.0,99.06,None,600000000,None,65000000,321.17,323.72,0.0,12186000000,9847000000,9668000000,10913000000,2339000000,1245000000,2267000000,1248000000,16.02,None,352.79,291.3
2025-12-28,WTW,20.88,9807000000.0,16.02,None,0.635,80.53,84000000,None,193000000,193000000,-207000000,-87000000,None,None,None,None,None,None,None,61532663,None,1761000,1761000,9148000000,None,None,8026000000,None,None,54000000,181000000,3.68,0.011,79000000,79000000,None,1.441,0.0,451000000,505000000,3.07,2018-09-30,17.27,None,4203000000.0,2267000000,421000000,143000000,1584000000,1584000000,None,30000,None,None,None,None,None,None,None,46000000,None,None,None,0.189,321000000,1816000000,451000000,1563000000,152847000,None,None,None,None,None,None,None,1.08,4.142,3.328,None,None,None,None,None,-132000000,None,0.216,None,None,2025-10-30,quarterly,3.07,USD,pre-market,None,837000000,0.0508,0.276,0.0,99.06,None,600000000,None,65000000,321.17,323.72,0.0,12186000000,9847000000,9668000000,10913000000,2339000000,1245000000,2267000000,1248000000,16.02,None,352.79,291.3
2025-12-28,WTW,20.88,9807000000.0,16.02,None,0.635,80.53,88000000,None,193000000,193000000,-311000000,-74000000,None,None,None,None,None,None,None,61532663,None,1761000,1761000,9148000000,None,None,8026000000,None,None,54000000,193000000,3.68,0.011,81000000,81000000,None,1.441,0.0,451000000,505000000,3.07,2018-06-30,17.27,None,4203000000.0,2267000000,421000000,143000000,1584000000,1584000000,None,30000,None,None,None,None,None,None,None,65000000,None,None,None,0.189,377000000,1816000000,451000000,1563000000,152847000,None,None,None,None,None,None,None,1.08,4.142,3.328,None,None,None,None,None,-269000000,None,0.216,None,None,2025-10-30,quarterly,3.07,USD,pre-market,None,837000000,0.0508,0.276,0.0,99.06,None,600000000,None,65000000,321.17,323.72,0.0,12186000000,9847000000,9668000000,10913000000,2339000000,1245000000,2267000000,1248000000,16.02,None,352.79,291.3
2025-12-28,WTW,20.88,9807000000.0,16.02,None,0.635,80.53,78000000,None,193000000,193000000,-24000000,-79000000,None,None,None,None,None,None,None,61532663,None,1761000,1761000,9148000000,None,None,8026000000,None,None,54000000,192000000,3.68,0.011,68000000,68000000,None,1.441,0.0,451000000,505000000,3.07,2018-03-31,17.27,None,4203000000.0,2267000000,421000000,143000000,1584000000,1584000000,None,30000,None,None,None,None,None,None,None,221000000,None,None,None,0.189,18000000,1816000000,451000000,1563000000,152847000,None,None,None,None,None,None,None,1.08,4.142,3.328,None,None,None,None,None,-7000000,None,0.216,None,None,2025-10-30,quarterly,3.07,USD,pre-market,None,837000000,0.0508,0.276,0.0,99.06,None,600000000,None,65000000,321.17,323.72,0.0,12186000000,9847000000,9668000000,10913000000,2339000000,1245000000,2267000000,1248000000,16.02,None,352.79,291.3
2025-12-28,WTW,20.88,9807000000.0,16.02,None,0.635,80.53,125000000,None,193000000,193000000,-233000000,-73000000,None,None,None,None,None,None,None,61532663,None,1761000,1761000,9148000000,None,None,8026000000,None,None,54000000,223000000,3.68,0.011,68000000,68000000,None,1.441,0.0,451000000,505000000,3.07,2017-12-31,17.27,None,4203000000.0,2267000000,421000000,143000000,1584000000,1584000000,None,30000,None,None,None,None,None,None,None,253000000,None,None,None,0.189,347000000,1816000000,451000000,1563000000,152847000,None,None,None,None,None,None,None,1.08,4.142,3.328,None,None,None,None,None,107000000,None,0.216,None,None,2025-10-30,quarterly,3.07,USD,pre-market,None,837000000,0.0508,0.276,0.0,99.06,None,600000000,None,65000000,321.17,323.72,0.0,12186000000,9847000000,9668000000,10913000000,2339000000,1245000000,2267000000,1248000000,16.02,None,352.79,291.3
2025-12-28,WTW,20.88,9807000000.0,16.02,None,0.635,80.53,99000000,None,193000000,193000000,-50000000,-107000000,None,None,None,None,None,None,None,61532663,None,1761000,1761000,9148000000,None,None,8026000000,None,None,54000000,198000000,3.68,0.011,72000000,72000000,None,1.441,0.0,451000000,505000000,3.07,2017-09-30,17.27,None,4203000000.0,2267000000,421000000,143000000,1584000000,1584000000,None,30000,None,None,None,None,None,None,None,-54000000,None,None,None,0.189,196000000,1816000000,451000000,1563000000,152847000,None,None,None,None,None,None,None,1.08,4.142,3.328,None,None,None,None,None,-343000000,None,0.216,None,None,2025-10-30,quarterly,3.07,USD,pre-market,None,837000000,0.0508,0.276,0.0,99.06,None,600000000,None,65000000,321.17,323.72,0.0,12186000000,9847000000,9668000000,10913000000,2339000000,1245000000,2267000000,1248000000,16.02,None,352.79,291.3
2025-12-28,WTW,20.88,9807000000.0,16.02,None,0.635,80.53,74000000,None,193000000,193000000,-210000000,-73000000,None,None,None,None,None,None,None,61532663,None,1761000,1761000,9148000000,None,None,8026000000,None,None,54000000,209000000,3.68,0.011,72000000,72000000,None,1.441,0.0,451000000,505000000,3.07,2017-06-30,17.27,None,4203000000.0,2267000000,421000000,143000000,1584000000,1584000000,None,30000,None,None,None,None,None,None,None,41000000,None,None,None,0.189,224000000,1816000000,451000000,1563000000,152847000,None,None,None,None,None,None,None,1.08,4.142,3.328,None,None,None,None,None,-140000000,None,0.216,None,None,2025-10-30,quarterly,3.07,USD,pre-market,None,837000000,0.0508,0.276,0.0,99.06,None,600000000,None,65000000,321.17,323.72,0.0,12186000000,9847000000,9668000000,10913000000,2339000000,1245000000,2267000000,1248000000,16.02,None,352.79,291.3
2025-12-28,WTW,20.88,9807000000.0,16.02,None,0.635,80.53,77000000,None,193000000,193000000,14000000,-82000000,None,None,None,None,None,None,None,61532663,None,1761000,1761000,9148000000,None,None,8026000000,None,None,54000000,203000000,3.68,0.011,65000000,65000000,None,1.441,0.0,451000000,505000000,3.07,2017-03-31,17.27,None,4203000000.0,2267000000,421000000,143000000,1584000000,1584000000,None,30000,None,None,None,None,None,None,None,352000000,None,None,None,0.189,95000000,1816000000,451000000,1563000000,152847000,None,None,None,None,None,None,None,1.08,4.142,3.328,None,None,None,None,None,-156000000,None,0.216,None,None,2025-10-30,quarterly,3.07,USD,pre-market,None,837000000,0.0508,0.276,0.0,99.06,None,600000000,None,65000000,321.17,323.72,0.0,12186000000,9847000000,9668000000,10913000000,2339000000,1245000000,2267000000,1248000000,16.02,None,352.79,291.3
2025-12-28,WTW,20.88,9807000000.0,16.02,None,0.635,80.53,92000000,None,193000000,193000000,-116000000,-95000000,None,None,None,None,None,None,None,61532663,None,1761000,1761000,9148000000,None,None,8026000000,None,None,54000000,194000000,3.68,0.011,66000000,66000000,None,1.441,0.0,451000000,505000000,3.07,2016-12-31,17.27,None,4203000000.0,2267000000,421000000,143000000,1584000000,1584000000,None,30000,None,None,None,None,None,None,None,40000000,None,None,None,0.189,359000000,1816000000,451000000,1563000000,152847000,None,None,None,None,None,None,None,1.08,4.142,3.328,None,None,None,None,None,-174000000,None,0.216,None,None,2025-10-30,quarterly,3.07,USD,pre-market,None,837000000,0.0508,0.276,0.0,99.06,None,600000000,None,65000000,321.17,323.72,0.0,12186000000,9847000000,9668000000,10913000000,2339000000,1245000000,2267000000,1248000000,16.02,None,352.79,291.3
2025-12-28,WTW,20.88,9807000000.0,16.02,None,0.635,80.53,81000000,None,193000000,193000000,-335000000,-25000000,None,None,None,None,None,None,None,61532663,None,1761000,1761000,9148000000,None,None,8026000000,None,None,54000000,202000000,3.68,0.011,66000000,66000000,None,1.441,0.0,451000000,505000000,3.07,2016-09-30,17.27,None,4203000000.0,2267000000,421000000,143000000,1584000000,1584000000,None,30000,None,None,None,None,None,None,None,-31000000,None,None,None,0.189,181000000,1816000000,451000000,1563000000,152847000,None,None,None,None,None,None,None,1.08,4.142,3.328,None,None,None,None,None,-184000000,None,0.216,None,None,2025-10-30,quarterly,3.07,USD,pre-market,None,837000000,0.0508,0.276,0.0,99.06,None,600000000,None,65000000,321.17,323.72,0.0,12186000000,9847000000,9668000000,10913000000,2339000000,1245000000,2267000000,1248000000,16.02,None,352.79,291.3
2025-12-28,WTW,20.88,9807000000.0,16.02,None,0.635,80.53,68000000,None,193000000,193000000,-208000000,-109000000,None,None,None,None,None,None,None,61532663,None,1761000,1761000,9148000000,None,None,8026000000,None,None,54000000,169000000,3.68,0.011,67000000,67000000,None,1.441,0.0,451000000,505000000,3.07,2016-06-30,17.27,None,4203000000.0,2267000000,421000000,143000000,1584000000,1584000000,None,30000,None,None,None,None,None,None,None,76000000,None,None,None,0.189,309000000,1816000000,451000000,1563000000,152847000,None,None,None,None,None,None,None,1.08,4.142,3.328,None,None,None,None,None,-38000000,None,0.216,None,None,2025-10-30,quarterly,3.07,USD,pre-market,None,837000000,0.0508,0.276,0.0,99.06,None,600000000,None,65000000,321.17,323.72,0.0,12186000000,9847000000,9668000000,10913000000,2339000000,1245000000,2267000000,1248000000,16.02,None,352.79,291.3
2025-12-28,WTW,20.88,9807000000.0,16.02,None,0.635,80.53,66000000,None,193000000,193000000,-116000000,417000000,None,None,None,None,None,None,None,61532663,None,1761000,1761000,9148000000,None,None,8026000000,None,None,54000000,204000000,3.68,0.011,4000000,4000000,None,1.441,0.0,451000000,505000000,3.07,2016-03-31,17.27,None,4203000000.0,2267000000,421000000,143000000,1584000000,1584000000,None,30000,None,None,None,None,None,None,None,245000000,None,None,None,0.189,118000000,1816000000,451000000,1563000000,152847000,None,None,None,None,None,None,None,1.08,4.142,3.328,None,None,None,None,None,-1000000,None,0.216,None,None,2025-10-30,quarterly,3.07,USD,pre-market,None,837000000,0.0508,0.276,0.0,99.06,None,600000000,None,65000000,321.17,323.72,0.0,12186000000,9847000000,9668000000,10913000000,2339000000,1245000000,2267000000,1248000000,16.02,None,352.79,291.3
2025-12-28,WTW,20.88,9807000000.0,16.02,None,0.635,80.53,47000000,None,193000000,193000000,547000000,-595000000,None,None,None,None,None,None,None,61532663,None,1761000,1761000,9148000000,None,None,8026000000,None,None,54000000,48000000,3.68,0.011,112000000,112000000,None,1.441,0.0,451000000,505000000,3.07,2015-12-31,17.27,None,4203000000.0,2267000000,421000000,143000000,1584000000,1584000000,None,30000,None,None,None,None,None,None,None,-18000000,None,None,None,0.189,130000000,1816000000,451000000,1563000000,152847000,None,None,None,None,None,None,None,1.08,4.142,3.328,None,None,None,None,None,82000000,None,0.216,None,None,2025-10-30,quarterly,3.07,USD,pre-market,None,837000000,0.0508,0.276,0.0,99.06,None,600000000,None,65000000,321.17,323.72,0.0,12186000000,9847000000,9668000000,10913000000,2339000000,1245000000,2267000000,1248000000,16.02,None,352.79,291.3
2025-12-28,WTW,20.88,9807000000.0,16.02,None,0.635,80.53,54000000,None,193000000,193000000,-10000000,-100000000,None,None,None,None,None,None,None,61532663,None,1761000,1761000,9148000000,None,None,8026000000,None,None,54000000,48000000,3.68,0.011,56000000,56000000,None,1.441,0.0,451000000,505000000,3.07,2015-09-30,17.27,None,4203000000.0,2267000000,421000000,143000000,1584000000,1584000000,None,30000,None,None,None,None,None,None,None,116000000,None,None,None,0.189,106000000,1816000000,451000000,1563000000,152847000,None,None,None,None,None,None,None,1.08,4.142,3.328,None,None,None,None,None,-3000000,None,0.216,None,None,2025-10-30,quarterly,3.07,USD,pre-market,None,837000000,0.0508,0.276,0.0,99.06,None,600000000,None,65000000,321.17,323.72,0.0,12186000000,9847000000,9668000000,10913000000,2339000000,1245000000,2267000000,1248000000,16.02,None,352.79,291.3
2025-12-28,WTW,20.88,9807000000.0,16.02,None,0.635,80.53,40000000,None,193000000,193000000,143000000,-240000000,None,None,None,None,None,None,None,61532663,None,1761000,1761000,9148000000,None,None,8026000000,None,None,54000000,39000000,3.68,0.011,55000000,55000000,None,1.441,0.0,451000000,505000000,3.07,2015-06-30,17.27,None,4203000000.0,2267000000,421000000,143000000,1584000000,1584000000,None,30000,None,None,None,None,None,None,None,72000000,None,None,None,0.189,71000000,1816000000,451000000,1563000000,152847000,None,None,None,None,None,None,None,1.08,4.142,3.328,None,None,None,None,None,-64000000,None,0.216,None,None,2025-10-30,quarterly,3.07,USD,pre-market,None,837000000,0.0508,0.276,0.0,99.06,None,600000000,None,65000000,321.17,323.72,0.0,12186000000,9847000000,9668000000,10913000000,2339000000,1245000000,2267000000,1248000000,16.02,None,352.79,291.3
2025-12-28,WTW,20.88,9807000000.0,16.02,None,0.635,80.53,17000000,None,193000000,193000000,-39000000,-8000000,None,None,None,None,None,None,None,61532663,None,1761000,1761000,9148000000,None,None,8026000000,None,None,54000000,36000000,3.68,0.011,54000000,54000000,None,1.441,0.0,451000000,505000000,3.07,2015-03-31,17.27,None,4203000000.0,2267000000,421000000,143000000,1584000000,1584000000,None,30000,None,None,None,None,None,None,None,214000000,None,None,None,0.189,-64000000,1816000000,451000000,1563000000,152847000,None,None,None,None,None,None,None,1.08,4.142,3.328,None,None,None,None,None,-15000000,None,0.216,None,None,2025-10-30,quarterly,3.07,USD,pre-market,None,837000000,0.0508,0.276,0.0,99.06,None,600000000,None,65000000,321.17,323.72,0.0,12186000000,9847000000,9668000000,10913000000,2339000000,1245000000,2267000000,1248000000,16.02,None,352.79,291.3
2025-12-28,WTW,20.88,9807000000.0,16.02,None,0.635,80.53,33000000,None,193000000,193000000,-40000000,-159000000,None,None,None,None,None,None,None,61532663,None,1761000,1761000,9148000000,None,None,8026000000,None,None,54000000,38000000,3.68,0.011,53000000,53000000,None,1.441,0.0,451000000,505000000,3.07,2014-12-31,17.27,None,4203000000.0,2267000000,421000000,143000000,1584000000,1584000000,None,30000,None,None,None,None,None,None,None,83000000,None,None,None,0.189,196000000,1816000000,451000000,1563000000,152847000,None,None,None,None,None,None,None,1.08,4.142,3.328,None,None,None,None,None,-13000000,None,0.216,None,None,2025-10-30,quarterly,3.07,USD,pre-market,None,837000000,0.0508,0.276,0.0,99.06,None,600000000,None,65000000,321.17,323.72,0.0,12186000000,9847000000,9668000000,10913000000,2339000000,1245000000,2267000000,1248000000,16.02,None,352.79,291.3
2025-12-28,WTW,20.88,9807000000.0,16.02,None,0.635,80.53,29000000,None,193000000,193000000,-129000000,-34000000,None,None,None,None,None,None,None,61532663,None,1761000,1761000,9148000000,None,None,8026000000,None,None,54000000,36000000,3.68,0.011,54000000,54000000,None,1.441,0.0,451000000,505000000,3.07,2014-09-30,17.27,None,4203000000.0,2267000000,421000000,143000000,1584000000,1584000000,None,30000,None,None,None,None,None,None,None,-8000000,None,None,None,0.189,129000000,1816000000,451000000,1563000000,152847000,None,None,None,None,None,None,None,1.08,4.142,3.328,None,None,None,None,None,-83000000,None,0.216,None,None,2025-10-30,quarterly,3.07,USD,pre-market,None,837000000,0.0508,0.276,0.0,99.06,None,600000000,None,65000000,321.17,323.72,0.0,12186000000,9847000000,9668000000,10913000000,2339000000,1245000000,2267000000,1248000000,16.02,None,352.79,291.3
2025-12-28,WTW,20.88,9807000000.0,16.02,None,0.635,80.53,32000000,None,193000000,193000000,-105000000,-62000000,None,None,None,None,None,None,None,61532663,None,1761000,1761000,9148000000,None,None,8026000000,None,None,54000000,36000000,3.68,0.011,53000000,53000000,None,1.441,0.0,451000000,505000000,3.07,2014-06-30,17.27,None,4203000000.0,2267000000,421000000,143000000,1584000000,1584000000,None,30000,None,None,None,None,None,None,None,48000000,None,None,None,0.189,147000000,1816000000,451000000,1563000000,152847000,None,None,None,None,None,None,None,1.08,4.142,3.328,None,None,None,None,None,-82000000,None,0.216,None,None,2025-10-30,quarterly,3.07,USD,pre-market,None,837000000,0.0508,0.276,0.0,99.06,None,600000000,None,65000000,321.17,323.72,0.0,12186000000,9847000000,9668000000,10913000000,2339000000,1245000000,2267000000,1248000000,16.02,None,352.79,291.3
2025-12-28,WTW,20.88,9807000000.0,16.02,None,0.635,80.53,23000000,None,193000000,193000000,-49000000,-21000000,None,None,None,None,None,None,None,61532663,None,1761000,1761000,9148000000,None,None,8026000000,None,None,54000000,36000000,3.68,0.011,50000000,50000000,None,1.441,0.0,451000000,505000000,3.07,2014-03-31,17.27,None,4203000000.0,2267000000,421000000,143000000,1584000000,1584000000,None,30000,None,None,None,None,None,None,None,250000000,None,None,None,0.189,5000000,1816000000,451000000,1563000000,152847000,None,None,None,None,None,None,None,1.08,4.142,3.328,None,None,None,None,None,-35000000,None,0.216,None,None,2025-10-30,quarterly,3.07,USD,pre-market,None,837000000,0.0508,0.276,0.0,99.06,None,600000000,None,65000000,321.17,323.72,0.0,12186000000,9847000000,9668000000,10913000000,2339000000,1245000000,2267000000,1248000000,16.02,None,352.79,291.3
2025-12-28,WTW,20.88,9807000000.0,16.02,None,0.635,80.53,40000000,None,193000000,193000000,-5000000,-15000000,None,None,None,None,None,None,None,61532663,None,1761000,1761000,9148000000,None,None,8026000000,None,None,54000000,39000000,3.68,0.011,49000000,49000000,None,1.441,0.0,451000000,505000000,3.07,2013-12-31,17.27,None,4203000000.0,2267000000,421000000,143000000,1584000000,1584000000,None,30000,None,None,None,None,None,None,None,74000000,None,None,None,0.189,195000000,1816000000,451000000,1563000000,152847000,None,None,None,None,None,None,None,1.08,4.142,3.328,None,None,None,None,None,None,None,0.216,None,None,2025-10-30,quarterly,3.07,USD,pre-market,None,837000000,0.0508,0.276,0.0,99.06,None,600000000,None,65000000,321.17,323.72,0.0,12186000000,9847000000,9668000000,10913000000,2339000000,1245000000,2267000000,1248000000,16.02,None,352.79,291.3
2025-12-28,WTW,20.88,9807000000.0,16.02,None,0.635,80.53,27000000,None,193000000,193000000,-82000000,-30000000,None,None,None,None,None,None,None,61532663,None,1761000,1761000,9148000000,None,None,8026000000,None,None,54000000,35000000,3.68,0.011,49000000,49000000,None,1.441,0.0,451000000,505000000,3.07,2013-09-30,17.27,None,4203000000.0,2267000000,421000000,143000000,1584000000,1584000000,None,30000,None,None,None,None,None,None,None,-27000000,None,None,None,0.189,229000000,1816000000,451000000,1563000000,152847000,None,None,None,None,None,None,None,1.08,4.142,3.328,None,None,None,None,None,522000000,None,0.216,None,None,2025-10-30,quarterly,3.07,USD,pre-market,None,837000000,0.0508,0.276,0.0,99.06,None,600000000,None,65000000,321.17,323.72,0.0,12186000000,9847000000,9668000000,10913000000,2339000000,1245000000,2267000000,1248000000,16.02,None,352.79,291.3
2025-12-28,WTW,20.88,9807000000.0,16.02,None,0.635,80.53,29000000,None,193000000,193000000,-68000000,-54000000,None,None,None,None,None,None,None,61532663,None,1761000,1761000,9148000000,None,None,8026000000,None,None,54000000,35000000,3.68,0.011,48000000,48000000,None,1.441,0.0,451000000,505000000,3.07,2013-06-30,17.27,None,4203000000.0,2267000000,421000000,143000000,1584000000,1584000000,None,30000,None,None,None,None,None,None,None,107000000,None,None,None,0.189,98000000,1816000000,451000000,1563000000,152847000,None,None,None,None,None,None,None,1.08,4.142,3.328,None,None,None,None,None,-53000000,None,0.216,None,None,2025-10-30,quarterly,3.07,USD,pre-market,None,837000000,0.0508,0.276,0.0,99.06,None,600000000,None,65000000,321.17,323.72,0.0,12186000000,9847000000,9668000000,10913000000,2339000000,1245000000,2267000000,1248000000,16.02,None,352.79,291.3
2025-12-28,WTW,20.88,9807000000.0,16.02,None,0.635,80.53,23000000,None,193000000,193000000,18000000,-21000000,None,None,None,None,None,None,None,61532663,None,1761000,1761000,9148000000,None,None,8026000000,None,None,54000000,40000000,3.68,0.011,47000000,47000000,None,1.441,0.0,451000000,505000000,3.07,2013-03-31,17.27,None,4203000000.0,2267000000,421000000,143000000,1584000000,1584000000,None,30000,None,None,None,None,None,None,None,223000000,None,None,None,0.189,39000000,1816000000,451000000,1563000000,152847000,None,None,None,None,None,None,None,1.08,4.142,3.328,None,None,None,None,None,55000000,None,0.216,None,None,2025-10-30,quarterly,3.07,USD,pre-market,None,837000000,0.0508,0.276,0.0,99.06,None,600000000,None,65000000,321.17,323.72,0.0,12186000000,9847000000,9668000000,10913000000,2339000000,1245000000,2267000000,1248000000,16.02,None,352.79,291.3
2025-12-28,WTW,20.88,9807000000.0,16.02,None,0.635,80.53,39000000,None,193000000,193000000,-67000000,-73000000,None,None,None,None,None,None,None,61532663,None,1761000,1761000,9148000000,None,None,8026000000,None,None,54000000,35000000,3.68,0.011,46000000,46000000,None,1.441,0.0,451000000,505000000,3.07,2012-12-31,17.27,None,4203000000.0,2267000000,421000000,143000000,1584000000,1584000000,None,30000,None,None,None,None,None,None,None,-800000000,None,None,None,0.189,215000000,1816000000,451000000,1563000000,152847000,None,None,None,None,None,None,None,1.08,4.142,3.328,None,None,None,None,None,100000000,None,0.216,None,None,2025-10-30,quarterly,3.07,USD,pre-market,None,837000000,0.0508,0.276,0.0,99.06,None,600000000,None,65000000,321.17,323.72,0.0,12186000000,9847000000,9668000000,10913000000,2339000000,1245000000,2267000000,1248000000,16.02,None,352.79,291.3
2025-12-28,WTW,20.88,9807000000.0,16.02,None,0.635,80.53,35000000,None,193000000,193000000,-104000000,-33000000,None,None,None,None,None,None,None,61532663,None,1761000,1761000,9148000000,None,None,8026000000,None,None,54000000,35000000,3.68,0.011,46000000,46000000,None,1.441,0.0,451000000,505000000,3.07,2012-09-30,17.27,None,4203000000.0,2267000000,421000000,143000000,1584000000,1584000000,None,30000,None,None,None,None,None,None,None,26000000,None,None,None,0.189,152000000,1816000000,451000000,1563000000,152847000,None,None,None,None,None,None,None,1.08,4.142,3.328,None,None,None,None,None,-44000000,None,0.216,None,None,2025-10-30,quarterly,3.07,USD,pre-market,None,837000000,0.0508,0.276,0.0,99.06,None,600000000,None,65000000,321.17,323.72,0.0,12186000000,9847000000,9668000000,10913000000,2339000000,1245000000,2267000000,1248000000,16.02,None,352.79,291.3
2025-12-28,WTW,20.88,9807000000.0,16.02,None,0.635,80.53,27000000,None,193000000,193000000,-120000000,-29000000,None,None,None,None,None,None,None,61532663,None,1761000,1761000,9148000000,None,None,8026000000,None,None,54000000,34000000,3.68,0.011,47000000,47000000,None,1.441,0.0,451000000,505000000,3.07,2012-06-30,17.27,None,4203000000.0,2267000000,421000000,143000000,1584000000,1584000000,None,30000,None,None,None,None,None,None,None,109000000,None,None,None,0.189,96000000,1816000000,451000000,1563000000,152847000,None,None,None,None,None,None,None,1.08,4.142,3.328,None,None,None,None,None,-37000000,None,0.216,None,None,2025-10-30,quarterly,3.07,USD,pre-market,None,837000000,0.0508,0.276,0.0,99.06,None,600000000,None,65000000,321.17,323.72,0.0,12186000000,9847000000,9668000000,10913000000,2339000000,1245000000,2267000000,1248000000,16.02,None,352.79,291.3
2025-12-28,WTW,20.88,9807000000.0,16.02,None,0.635,80.53,36000000,None,193000000,193000000,-85000000,-37000000,None,None,None,None,None,None,None,61532663,None,1761000,1761000,9148000000,None,None,8026000000,None,None,54000000,34000000,3.68,0.011,46000000,46000000,None,1.441,0.0,451000000,505000000,3.07,2012-03-31,17.27,None,4203000000.0,2267000000,421000000,143000000,1584000000,1584000000,None,30000,None,None,None,None,None,None,None,232000000,None,None,None,0.189,62000000,1816000000,451000000,1563000000,152847000,None,None,None,None,None,None,None,1.08,4.142,3.328,None,None,None,None,None,-19000000,None,0.216,None,None,2025-10-30,quarterly,3.07,USD,pre-market,None,837000000,0.0508,0.276,0.0,99.06,None,600000000,None,65000000,321.17,323.72,0.0,12186000000,9847000000,9668000000,10913000000,2339000000,1245000000,2267000000,1248000000,16.02,None,352.79,291.3
2025-12-28,WTW,20.88,9807000000.0,16.02,None,0.635,80.53,40000000,None,193000000,193000000,-64000000,-29000000,None,None,None,None,None,None,None,61532663,None,1761000,1761000,9148000000,None,None,8026000000,None,None,54000000,34000000,3.68,0.011,44000000,44000000,None,1.441,0.0,451000000,505000000,3.07,2011-12-31,17.27,None,4203000000.0,2267000000,421000000,143000000,1584000000,1584000000,None,30000,None,None,None,None,None,None,None,28000000,None,None,None,0.189,167000000,1816000000,451000000,1563000000,152847000,None,None,None,None,None,None,None,1.08,4.142,3.328,None,None,None,None,None,390000000,None,0.216,None,None,2025-10-30,quarterly,3.07,USD,pre-market,None,837000000,0.0508,0.276,0.0,99.06,None,600000000,None,65000000,321.17,323.72,0.0,12186000000,9847000000,9668000000,10913000000,2339000000,1245000000,2267000000,1248000000,16.02,None,352.79,291.3
2025-12-28,WTW,20.88,9807000000.0,16.02,None,0.635,80.53,24000000,None,193000000,193000000,-69000000,-20000000,None,None,None,None,None,None,None,61532663,None,1761000,1761000,9148000000,None,None,8026000000,None,None,54000000,35000000,3.68,0.011,46000000,46000000,None,1.441,0.0,451000000,505000000,3.07,2011-09-30,17.27,None,4203000000.0,2267000000,421000000,143000000,1584000000,1584000000,None,30000,None,None,None,None,None,None,None,60000000,None,None,None,0.189,146000000,1816000000,451000000,1563000000,152847000,None,None,None,None,None,None,None,1.08,4.142,3.328,None,None,None,None,None,None,None,0.216,None,None,2025-10-30,quarterly,3.07,USD,pre-market,None,837000000,0.0508,0.276,0.0,99.06,None,600000000,None,65000000,321.17,323.72,0.0,12186000000,9847000000,9668000000,10913000000,2339000000,1245000000,2267000000,1248000000,16.02,None,352.79,291.3
2025-12-28,WTW,20.88,9807000000.0,16.02,None,0.635,80.53,27000000,None,193000000,193000000,-208000000,-28000000,None,None,None,None,None,None,None,61532663,None,1761000,1761000,9148000000,None,None,8026000000,None,None,54000000,36000000,3.68,0.011,45000000,45000000,None,1.441,0.0,451000000,505000000,3.07,2011-06-30,17.27,None,4203000000.0,2267000000,421000000,143000000,1584000000,1584000000,None,30000,None,None,None,None,None,None,None,85000000,None,None,None,0.189,119000000,1816000000,451000000,1563000000,152847000,None,None,None,None,None,None,None,1.08,4.142,3.328,None,None,None,None,None,-94000000,None,0.216,None,None,2025-10-30,quarterly,3.07,USD,pre-market,None,837000000,0.0508,0.276,0.0,99.06,None,600000000,None,65000000,321.17,323.72,0.0,12186000000,9847000000,9668000000,10913000000,2339000000,1245000000,2267000000,1248000000,16.02,None,352.79,291.3
2025-12-28,WTW,20.88,9807000000.0,16.02,None,0.635,80.53,20000000,None,193000000,193000000,127000000,-24000000,None,None,None,None,None,None,None,61532663,None,1761000,1761000,9148000000,None,None,8026000000,None,None,54000000,37000000,3.68,0.011,45000000,45000000,None,1.441,0.0,451000000,505000000,3.07,2011-03-31,17.27,None,4203000000.0,2267000000,421000000,143000000,1584000000,1584000000,None,30000,None,None,None,None,None,None,None,34000000,None,None,None,0.189,7000000,1816000000,451000000,1563000000,152847000,None,None,None,None,None,None,None,1.08,4.142,3.328,None,None,None,None,None,798000000,None,0.216,None,None,2025-10-30,quarterly,3.07,USD,pre-market,None,837000000,0.0508,0.276,0.0,99.06,None,600000000,None,65000000,321.17,323.72,0.0,12186000000,9847000000,9668000000,10913000000,2339000000,1245000000,2267000000,1248000000,16.02,None,352.79,291.3
2025-12-28,WTW,20.88,9807000000.0,16.02,None,0.635,80.53,24000000,None,193000000,193000000,-67000000,-18000000,None,None,106000000,None,None,None,None,61532663,None,1761000,1761000,9148000000,None,None,8026000000,None,None,54000000,36000000,3.68,0.011,46000000,46000000,None,1.441,0.0,451000000,505000000,3.07,2010-12-31,17.27,None,4203000000.0,2267000000,421000000,143000000,1584000000,1584000000,None,30000,None,None,None,None,None,None,None,103000000,None,None,None,0.189,229000000,1816000000,451000000,1563000000,152847000,None,None,None,None,None,None,None,1.08,4.142,3.328,None,None,None,None,None,-5000000,None,0.216,None,None,2025-10-30,quarterly,3.07,USD,pre-market,None,837000000,0.0508,0.276,0.0,99.06,None,600000000,None,65000000,321.17,323.72,0.0,12186000000,9847000000,9668000000,10913000000,2339000000,1245000000,2267000000,1248000000,16.02,None,352.79,291.3
2025-12-28,WTW,20.88,9807000000.0,16.02,None,0.635,80.53,14000000,None,193000000,193000000,-89000000,-19000000,None,None,None,None,None,None,None,61532663,None,1761000,1761000,9148000000,None,None,8026000000,None,None,54000000,36000000,3.68,0.011,45000000,45000000,None,1.441,0.0,451000000,505000000,3.07,2010-09-30,17.27,None,4203000000.0,2267000000,421000000,143000000,1584000000,1584000000,None,30000,None,None,None,None,None,None,None,65000000,None,None,None,0.189,104000000,1816000000,451000000,1563000000,152847000,None,None,None,None,None,None,None,1.08,4.142,3.328,None,None,None,None,None,65000000,None,0.216,None,None,2025-10-30,quarterly,3.07,USD,pre-market,None,837000000,0.0508,0.276,0.0,99.06,None,600000000,None,65000000,321.17,323.72,0.0,12186000000,9847000000,9668000000,10913000000,2339000000,1245000000,2267000000,1248000000,16.02,None,352.79,291.3
2025-12-28,WTW,20.88,9807000000.0,16.02,None,0.635,80.53,16000000,None,193000000,193000000,-120000000,-16000000,None,None,None,None,None,None,None,61532663,None,1761000,1761000,9148000000,None,None,8026000000,None,None,54000000,37000000,3.68,0.011,66000000,66000000,None,1.441,0.0,451000000,505000000,3.07,2010-06-30,17.27,None,4203000000.0,2267000000,421000000,143000000,1584000000,1584000000,None,30000,None,None,None,None,None,None,None,91000000,None,None,None,0.189,83000000,1816000000,451000000,1563000000,152847000,None,None,None,None,None,None,None,1.08,4.142,3.328,None,None,None,None,None,-35000000,None,0.216,None,None,2025-10-30,quarterly,3.07,USD,pre-market,None,837000000,0.0508,0.276,0.0,99.06,None,600000000,None,65000000,321.17,323.72,0.0,12186000000,9847000000,9668000000,10913000000,2339000000,1245000000,2267000000,1248000000,16.02,None,352.79,291.3
2025-12-28,WTW,20.88,9807000000.0,16.02,None,0.635,80.53,29000000,None,193000000,193000000,-17000000,-41000000,None,None,-109000000,None,None,None,None,61532663,None,1761000,1761000,9148000000,None,None,8026000000,None,None,54000000,36000000,3.68,0.011,45000000,45000000,None,1.441,0.0,451000000,505000000,3.07,2010-03-31,17.27,None,4203000000.0,2267000000,421000000,143000000,1584000000,1584000000,None,30000,None,None,None,None,None,None,None,211000000,None,None,None,0.189,73000000,1816000000,451000000,1563000000,152847000,None,None,None,None,None,None,None,1.08,4.142,3.328,None,None,None,None,None,65000000,None,0.216,None,None,2025-10-30,quarterly,3.07,USD,pre-market,None,837000000,0.0508,0.276,0.0,99.06,None,600000000,None,65000000,321.17,323.72,0.0,12186000000,9847000000,9668000000,10913000000,2339000000,1245000000,2267000000,1248000000,16.02,None,352.79,291.3
2025-12-28,WTW,20.88,9807000000.0,16.02,None,0.635,80.53,22000000,None,193000000,193000000,-289000000,144000000,None,None,304000000,None,None,None,None,61532663,None,1761000,1761000,9148000000,None,None,8026000000,None,None,54000000,41000000,3.68,0.011,49000000,49000000,None,1.441,0.0,451000000,505000000,3.07,2009-12-31,17.27,None,4203000000.0,2267000000,421000000,143000000,1584000000,1584000000,None,30000,None,None,None,None,None,None,None,84000000,None,None,None,0.189,132000000,1816000000,451000000,1563000000,152847000,None,None,None,None,None,None,None,1.08,4.142,3.328,None,None,None,None,None,-66000000,None,0.216,None,None,2025-10-30,quarterly,3.07,USD,pre-market,None,837000000,0.0508,0.276,0.0,99.06,None,600000000,None,65000000,321.17,323.72,0.0,12186000000,9847000000,9668000000,10913000000,2339000000,1245000000,2267000000,1248000000,16.02,None,352.79,291.3
2025-12-28,WTW,20.88,9807000000.0,16.02,None,0.635,80.53,36000000,None,193000000,193000000,43000000,-27000000,None,None,-119000000,None,None,None,None,61532663,None,1761000,1761000,9148000000,None,None,8026000000,None,None,54000000,44000000,3.68,0.011,46000000,46000000,None,1.441,0.0,451000000,505000000,3.07,2009-09-30,17.27,None,4203000000.0,2267000000,421000000,143000000,1584000000,1584000000,None,30000,None,None,None,None,None,None,None,81000000,None,None,None,0.189,78000000,1816000000,451000000,1563000000,152847000,None,None,None,None,None,None,None,1.08,4.142,3.328,None,None,None,None,None,266000000,None,0.216,None,None,2025-10-30,quarterly,3.07,USD,pre-market,None,837000000,0.0508,0.276,0.0,99.06,None,600000000,None,65000000,321.17,323.72,0.0,12186000000,9847000000,9668000000,10913000000,2339000000,1245000000,2267000000,1248000000,16.02,None,352.79,291.3
2025-12-28,WTW,20.88,9807000000.0,16.02,None,0.635,80.53,21000000,None,193000000,193000000,-212000000,33000000,None,None,-62000000,None,None,None,None,61532663,None,1761000,1761000,9148000000,None,None,8026000000,None,None,54000000,37000000,3.68,0.011,52000000,52000000,None,1.441,0.0,451000000,505000000,3.07,2009-06-30,17.27,None,4203000000.0,2267000000,421000000,143000000,1584000000,1584000000,None,30000,None,None,None,None,None,None,None,91000000,None,None,None,0.189,124000000,1816000000,451000000,1563000000,152847000,None,None,None,None,None,None,None,1.08,4.142,3.328,None,None,None,None,None,-55000000,None,0.216,None,None,2025-10-30,quarterly,3.07,USD,pre-market,None,837000000,0.0508,0.276,0.0,99.06,None,600000000,None,65000000,321.17,323.72,0.0,12186000000,9847000000,9668000000,10913000000,2339000000,1245000000,2267000000,1248000000,16.02,None,352.79,291.3
2025-12-28,WTW,20.88,9807000000.0,16.02,None,0.635,80.53,17000000,None,193000000,193000000,-58000000,-48000000,None,None,-141000000,None,None,None,None,61532663,None,1761000,1761000,9148000000,None,None,8026000000,None,None,54000000,38000000,3.68,0.011,44000000,44000000,None,1.441,0.0,451000000,505000000,3.07,2009-03-31,17.27,None,4203000000.0,2267000000,421000000,143000000,1584000000,1584000000,None,30000,None,None,None,None,None,None,None,201000000,None,None,None,0.189,84000000,1816000000,451000000,1563000000,152847000,None,None,None,None,None,None,None,1.08,4.142,3.328,None,None,None,None,None,633000000,None,0.216,None,None,2025-10-30,quarterly,3.07,USD,pre-market,None,837000000,0.0508,0.276,0.0,99.06,None,600000000,None,65000000,321.17,323.72,0.0,12186000000,9847000000,9668000000,10913000000,2339000000,1245000000,2267000000,1248000000,16.02,None,352.79,291.3
2025-12-28,WTW,20.88,9807000000.0,16.02,None,0.635,80.53,28000000,None,193000000,193000000,879000000,-942000000,None,None,-240000000,None,None,None,None,61532663,None,1761000,1761000,9148000000,None,None,8026000000,None,None,54000000,37000000,3.68,0.011,37000000,37000000,None,1.441,0.0,451000000,505000000,3.07,2008-12-31,17.27,None,4203000000.0,2267000000,421000000,143000000,1584000000,1584000000,None,30000,None,None,None,None,None,None,None,62000000,None,None,None,0.189,98000000,1816000000,451000000,1563000000,152847000,None,None,None,None,None,None,None,1.08,4.142,3.328,None,None,None,None,None,75000000,None,0.216,None,None,2025-10-30,quarterly,3.07,USD,pre-market,None,837000000,0.0508,0.276,0.0,99.06,None,600000000,None,65000000,321.17,323.72,0.0,12186000000,9847000000,9668000000,10913000000,2339000000,1245000000,2267000000,1248000000,16.02,None,352.79,291.3
2025-12-28,WTW,20.88,9807000000.0,16.02,None,0.635,80.53,2000000,None,193000000,193000000,-119000000,3000000,None,None,None,None,None,None,None,61532663,None,1761000,1761000,9148000000,None,None,8026000000,None,None,54000000,20000000,3.68,0.011,37000000,37000000,None,1.441,0.0,451000000,505000000,3.07,2008-09-30,17.27,None,4203000000.0,2267000000,421000000,143000000,1584000000,1584000000,None,30000,None,None,None,None,None,None,None,36000000,None,None,None,0.189,78000000,1816000000,451000000,1563000000,152847000,None,None,None,None,None,None,None,1.08,4.142,3.328,None,None,None,None,None,None,None,0.216,None,None,2025-10-30,quarterly,3.07,USD,pre-market,None,837000000,0.0508,0.276,0.0,99.06,None,600000000,None,65000000,321.17,323.72,0.0,12186000000,9847000000,9668000000,10913000000,2339000000,1245000000,2267000000,1248000000,16.02,None,352.79,291.3
2025-12-28,WTW,20.88,9807000000.0,16.02,None,0.635,80.53,20000000,None,193000000,193000000,11000000,-25000000,None,None,None,None,None,None,None,61532663,None,1761000,1761000,9148000000,None,None,8026000000,None,None,54000000,17000000,3.68,0.011,36000000,36000000,None,1.441,0.0,451000000,505000000,3.07,2008-06-30,17.27,None,4203000000.0,2267000000,421000000,143000000,1584000000,1584000000,None,30000,None,None,None,None,None,None,None,39000000,None,None,None,0.189,26000000,1816000000,451000000,1563000000,152847000,None,None,None,None,None,None,None,1.08,4.142,3.328,None,None,None,None,None,None,None,0.216,None,None,2025-10-30,quarterly,3.07,USD,pre-market,None,837000000,0.0508,0.276,0.0,99.06,None,600000000,None,65000000,321.17,323.72,0.0,12186000000,9847000000,9668000000,10913000000,2339000000,1245000000,2267000000,1248000000,16.02,None,352.79,291.3
2025-12-28,WTW,20.88,9807000000.0,16.02,None,0.635,80.53,44000000,None,193000000,193000000,57000000,-76000000,None,None,-240000000,None,None,None,None,61532663,None,1761000,1761000,9148000000,None,None,8026000000,None,None,54000000,16000000,3.68,0.011,36000000,36000000,None,1.441,0.0,451000000,505000000,3.07,2008-03-31,17.27,None,4203000000.0,2267000000,421000000,143000000,1584000000,1584000000,None,30000,None,None,None,None,None,None,None,166000000,None,None,None,0.189,9000000,1816000000,451000000,1563000000,152847000,None,None,None,None,None,None,None,1.08,4.142,3.328,None,None,None,None,None,-75000000,None,0.216,None,None,2025-10-30,quarterly,3.07,USD,pre-market,None,837000000,0.0508,0.276,0.0,99.06,None,600000000,None,65000000,321.17,323.72,0.0,12186000000,9847000000,9668000000,10913000000,2339000000,1245000000,2267000000,1248000000,16.02,None,352.79,291.3
2025-12-28,WTW,20.88,9807000000.0,16.02,None,0.635,80.53,50000000,None,193000000,193000000,-4000000,-42000000,None,None,276000000,None,None,None,None,61532663,None,1761000,1761000,9148000000,None,None,8026000000,None,None,54000000,17000000,3.68,0.011,36000000,36000000,None,1.441,0.0,451000000,505000000,3.07,2007-12-31,17.27,None,4203000000.0,2267000000,421000000,143000000,1584000000,1584000000,None,30000,None,None,None,None,None,None,None,95000000,None,None,None,0.189,35000000,1816000000,451000000,1563000000,152847000,None,None,None,None,None,None,None,1.08,4.142,3.328,None,None,None,None,None,-23000000,None,0.216,None,None,2025-10-30,quarterly,3.07,USD,pre-market,None,837000000,0.0508,0.276,0.0,99.06,None,600000000,None,65000000,321.17,323.72,0.0,12186000000,9847000000,9668000000,10913000000,2339000000,1245000000,2267000000,1248000000,16.02,None,352.79,291.3
2025-12-28,WTW,20.88,9807000000.0,16.02,None,0.635,80.53,59000000,None,193000000,193000000,-27000000,-45000000,None,None,None,None,None,None,None,61532663,None,1761000,1761000,9148000000,None,None,8026000000,None,None,54000000,16000000,3.68,0.011,36000000,36000000,None,1.441,0.0,451000000,505000000,3.07,2007-09-30,17.27,None,4203000000.0,2267000000,421000000,143000000,1584000000,1584000000,None,30000,None,None,None,None,None,None,None,67000000,None,None,None,0.189,135000000,1816000000,451000000,1563000000,152847000,None,None,None,None,None,None,None,1.08,4.142,3.328,None,None,None,None,None,None,None,0.216,None,None,2025-10-30,quarterly,3.07,USD,pre-market,None,837000000,0.0508,0.276,0.0,99.06,None,600000000,None,65000000,321.17,323.72,0.0,12186000000,9847000000,9668000000,10913000000,2339000000,1245000000,2267000000,1248000000,16.02,None,352.79,291.3
2025-12-28,WTW,20.88,9807000000.0,16.02,None,0.635,80.53,50000000,None,193000000,193000000,-26000000,-107000000,None,None,None,None,None,None,None,61532663,None,1761000,1761000,9148000000,None,None,8026000000,None,None,54000000,17000000,3.68,0.011,35000000,35000000,None,1.441,0.0,451000000,505000000,3.07,2007-06-30,17.27,None,4203000000.0,2267000000,421000000,143000000,1584000000,1584000000,None,30000,None,None,None,None,None,None,None,78000000,None,None,None,0.189,18000000,1816000000,451000000,1563000000,152847000,None,None,None,None,None,None,None,1.08,4.142,3.328,None,None,None,None,None,None,None,0.216,None,None,2025-10-30,quarterly,3.07,USD,pre-market,None,837000000,0.0508,0.276,0.0,99.06,None,600000000,None,65000000,321.17,323.72,0.0,12186000000,9847000000,9668000000,10913000000,2339000000,1245000000,2267000000,1248000000,16.02,None,352.79,291.3
2025-12-28,WTW,20.88,9807000000.0,16.02,None,0.635,80.53,26000000,None,193000000,193000000,-89000000,-27000000,None,None,-160000000,None,None,None,None,61532663,None,1761000,1761000,9148000000,None,None,8026000000,None,None,54000000,16000000,3.68,0.011,36000000,36000000,None,1.441,0.0,451000000,505000000,3.07,2007-03-31,17.27,None,4203000000.0,2267000000,421000000,143000000,1584000000,1584000000,None,30000,None,None,None,None,None,None,None,169000000,None,None,None,0.189,80000000,1816000000,451000000,1563000000,152847000,None,None,None,None,None,None,None,1.08,4.142,3.328,None,None,None,None,None,-457000000,None,0.216,None,None,2025-10-30,quarterly,3.07,USD,pre-market,None,837000000,0.0508,0.276,0.0,99.06,None,600000000,None,65000000,321.17,323.72,0.0,12186000000,9847000000,9668000000,10913000000,2339000000,1245000000,2267000000,1248000000,16.02,None,352.79,291.3
2025-12-28,WTW,20.88,9807000000.0,16.02,None,0.635,80.53,20000000,None,193000000,193000000,-44000000,111000000,None,None,-8182000,None,None,None,None,61532663,None,1761000,1761000,9148000000,None,None,8026000000,None,None,54000000,17000000,3.68,0.011,37000000,37000000,None,1.441,0.0,451000000,505000000,3.07,2006-12-31,17.27,None,4203000000.0,2267000000,421000000,143000000,1584000000,1584000000,None,30000,None,None,None,None,None,None,None,148000000,None,None,None,0.189,63000000,1816000000,451000000,1563000000,152847000,None,None,None,None,None,None,None,1.08,4.142,3.328,None,None,None,None,None,-179000000,None,0.216,None,None,2025-10-30,quarterly,3.07,USD,pre-market,None,837000000,0.0508,0.276,0.0,99.06,None,600000000,None,65000000,321.17,323.72,0.0,12186000000,9847000000,9668000000,10913000000,2339000000,1245000000,2267000000,1248000000,16.02,None,352.79,291.3
2025-12-28,WTW,20.88,9807000000.0,16.02,None,0.635,80.53,9000000,None,193000000,193000000,-26000000,1000000,None,None,None,None,None,None,None,61532663,None,1761000,1761000,9148000000,None,None,8026000000,None,None,54000000,17000000,3.68,0.011,37000000,37000000,None,1.441,0.0,451000000,505000000,3.07,2006-09-30,17.27,None,4203000000.0,2267000000,421000000,143000000,1584000000,1584000000,None,30000,None,None,None,None,None,None,None,89000000,None,None,None,0.189,-29000000,1816000000,451000000,1563000000,152847000,None,None,None,None,None,None,None,1.08,4.142,3.328,None,None,None,None,None,None,None,0.216,None,None,2025-10-30,quarterly,3.07,USD,pre-market,None,837000000,0.0508,0.276,0.0,99.06,None,600000000,None,65000000,321.17,323.72,0.0,12186000000,9847000000,9668000000,10913000000,2339000000,1245000000,2267000000,1248000000,16.02,None,352.79,291.3
2025-12-28,WTW,20.88,9807000000.0,16.02,None,0.635,80.53,14000000,None,193000000,193000000,-32000000,-21000000,None,None,None,None,None,None,None,61532663,None,1761000,1761000,9148000000,None,None,8026000000,None,None,54000000,15000000,3.68,0.011,37000000,37000000,None,1.441,0.0,451000000,505000000,3.07,2006-06-30,17.27,None,4203000000.0,2267000000,421000000,143000000,1584000000,1584000000,None,30000,None,None,None,None,None,None,None,72000000,None,None,None,0.189,98000000,1816000000,451000000,1563000000,152847000,None,None,None,None,None,None,None,1.08,4.142,3.328,None,None,None,None,None,None,None,0.216,None,None,2025-10-30,quarterly,3.07,USD,pre-market,None,837000000,0.0508,0.276,0.0,99.06,None,600000000,None,65000000,321.17,323.72,0.0,12186000000,9847000000,9668000000,10913000000,2339000000,1245000000,2267000000,1248000000,16.02,None,352.79,291.3
2025-12-28,WTW,20.88,9807000000.0,16.02,None,0.635,80.53,12000000,None,193000000,193000000,-27000000,-24000000,None,None,None,None,None,None,None,61532663,None,1761000,1761000,9148000000,None,None,8026000000,None,None,54000000,14000000,3.68,0.011,34000000,34000000,None,1.441,0.0,451000000,505000000,3.07,2006-03-31,17.27,None,4203000000.0,2267000000,421000000,143000000,1584000000,1584000000,None,30000,None,None,None,None,None,None,None,140000000,None,None,None,0.189,15000000,1816000000,451000000,1563000000,152847000,None,None,None,None,None,None,None,1.08,4.142,3.328,None,None,None,None,None,None,None,0.216,None,None,2025-10-30,quarterly,3.07,USD,pre-market,None,837000000,0.0508,0.276,0.0,99.06,None,600000000,None,65000000,321.17,323.72,0.0,12186000000,9847000000,9668000000,10913000000,2339000000,1245000000,2267000000,1248000000,16.02,None,352.79,291.3
2025-12-28,WTW,20.88,9807000000.0,16.02,None,0.635,80.53,9000000,None,193000000,193000000,-84000000,-27000000,None,None,-52914000,None,None,None,None,61532663,None,1761000,1761000,9148000000,None,None,8026000000,None,None,54000000,14000000,3.68,0.011,34000000,34000000,None,1.441,0.0,451000000,505000000,3.07,2005-12-31,17.27,None,4203000000.0,2267000000,421000000,143000000,1584000000,1584000000,None,30000,None,None,None,None,None,None,None,60000000,None,None,None,0.189,120000000,1816000000,451000000,1563000000,152847000,None,None,None,None,None,None,None,1.08,4.142,3.328,None,None,None,None,None,-54000000,None,0.216,None,None,2025-10-30,quarterly,3.07,USD,pre-market,None,837000000,0.0508,0.276,0.0,99.06,None,600000000,None,65000000,321.17,323.72,0.0,12186000000,9847000000,9668000000,10913000000,2339000000,1245000000,2267000000,1248000000,16.02,None,352.79,291.3
2025-12-28,WTW,20.88,9807000000.0,16.02,None,0.635,80.53,8000000,None,193000000,193000000,-40000000,-16000000,None,None,None,None,None,None,None,61532663,None,1761000,1761000,9148000000,None,None,8026000000,None,None,54000000,13000000,3.68,0.011,35000000,35000000,None,1.441,0.0,451000000,505000000,3.07,2005-09-30,17.27,None,4203000000.0,2267000000,421000000,143000000,1584000000,1584000000,None,30000,None,None,None,None,None,None,None,49000000,None,None,None,0.189,97000000,1816000000,451000000,1563000000,152847000,None,None,None,None,None,None,None,1.08,4.142,3.328,None,None,None,None,None,-154000000,None,0.216,None,None,2025-10-30,quarterly,3.07,USD,pre-market,None,837000000,0.0508,0.276,0.0,99.06,None,600000000,None,65000000,321.17,323.72,0.0,12186000000,9847000000,9668000000,10913000000,2339000000,1245000000,2267000000,1248000000,16.02,None,352.79,291.3
2025-12-28,WTW,20.88,9807000000.0,16.02,None,0.635,80.53,245000000,None,193000000,193000000,-459000000,250000000,None,None,None,None,None,None,None,61532663,None,1761000,1761000,9148000000,None,None,8026000000,None,None,54000000,456000000,3.68,0.011,354000000,354000000,None,1.441,0.0,451000000,505000000,3.07,2024-12-31,17.27,None,4203000000.0,2267000000,421000000,143000000,1584000000,1584000000,None,30000,None,None,None,None,None,None,None,1248000000,None,None,None,0.189,1512000000,1816000000,451000000,1563000000,152847000,None,None,None,None,None,None,None,1.08,4.142,3.328,None,None,None,None,None,-901000000,None,0.216,None,None,2025-10-30,annual,3.07,USD,pre-market,None,837000000,0.0508,0.276,0.0,99.06,None,600000000,None,65000000,321.17,323.72,0.0,12186000000,9847000000,9668000000,10913000000,2339000000,1245000000,2267000000,1248000000,16.02,None,352.79,291.3
2025-12-28,WTW,20.88,9807000000.0,16.02,None,0.635,80.53,242000000,None,193000000,193000000,-1200000000,-1085000000,None,None,None,None,None,None,None,61532663,None,1761000,1761000,9148000000,None,None,8026000000,None,None,54000000,505000000,3.68,0.011,352000000,352000000,None,1.441,0.0,451000000,505000000,3.07,2023-12-31,17.27,None,4203000000.0,2267000000,421000000,143000000,1584000000,1584000000,None,30000,None,None,None,None,None,None,None,1055000000,None,None,None,0.189,1345000000,1816000000,451000000,1563000000,152847000,None,None,None,None,None,None,None,1.08,4.142,3.328,None,None,None,None,None,-1000000000,None,0.216,None,None,2025-10-30,annual,3.07,USD,pre-market,None,837000000,0.0508,0.276,0.0,99.06,None,600000000,None,65000000,321.17,323.72,0.0,12186000000,9847000000,9668000000,10913000000,2339000000,1245000000,2267000000,1248000000,16.02,None,352.79,291.3
2025-12-28,WTW,20.88,9807000000.0,16.02,None,0.635,80.53,204000000,None,193000000,193000000,-3445000000,-173000000,-2806000000,None,None,None,None,-188000000,None,61532663,None,1761000,1761000,9148000000,None,None,8026000000,None,None,54000000,567000000,3.68,0.011,369000000,369000000,None,1.441,0.0,451000000,505000000,3.07,2022-12-31,17.27,None,4203000000.0,2267000000,421000000,143000000,1584000000,1584000000,None,30000,None,None,None,None,None,None,None,1024000000,None,None,None,0.189,812000000,1816000000,451000000,1563000000,152847000,None,None,None,None,None,None,None,1.08,4.142,3.328,None,None,None,None,None,-3530000000,None,0.216,None,None,2025-10-30,annual,3.07,USD,pre-market,None,837000000,0.0508,0.276,0.0,99.06,None,600000000,None,65000000,321.17,323.72,0.0,12186000000,9847000000,9668000000,10913000000,2339000000,1245000000,2267000000,1248000000,16.02,None,352.79,291.3
2025-12-28,WTW,20.88,9807000000.0,16.02,None,0.635,80.53,201000000,None,193000000,193000000,-3114000000,2770000000,1517000000,None,None,None,None,-134000000,None,61532663,None,1761000,1761000,9148000000,None,None,8026000000,None,None,54000000,650000000,3.68,0.011,374000000,374000000,None,1.441,0.0,451000000,505000000,3.07,2021-12-31,17.27,None,4203000000.0,2267000000,421000000,143000000,1584000000,1584000000,None,30000,None,None,None,None,None,None,None,4236000000,None,None,None,0.189,2061000000,1816000000,451000000,1563000000,152847000,None,None,None,None,None,None,None,1.08,4.142,3.328,None,None,None,None,None,-1627000000,None,0.216,None,None,2025-10-30,annual,3.07,USD,pre-market,None,837000000,0.0508,0.276,0.0,99.06,None,600000000,None,65000000,321.17,323.72,0.0,12186000000,9847000000,9668000000,10913000000,2339000000,1245000000,2267000000,1248000000,16.02,None,352.79,291.3
2025-12-28,WTW,20.88,9807000000.0,16.02,None,0.635,80.53,286000000,None,193000000,193000000,-434000000,-160000000,None,None,None,None,None,None,None,61532663,None,1761000,1761000,9148000000,None,None,8026000000,None,None,54000000,770000000,3.68,0.011,346000000,346000000,None,1.441,0.0,451000000,505000000,3.07,2020-12-31,17.27,None,4203000000.0,2267000000,421000000,143000000,1584000000,1584000000,None,30000,None,None,None,None,None,None,None,1020000000,None,None,None,0.189,1774000000,1816000000,451000000,1563000000,152847000,None,None,None,None,None,None,None,1.08,4.142,3.328,None,None,None,None,None,282000000,None,0.216,None,None,2025-10-30,annual,3.07,USD,pre-market,None,837000000,0.0508,0.276,0.0,99.06,None,600000000,None,65000000,321.17,323.72,0.0,12186000000,9847000000,9668000000,10913000000,2339000000,1245000000,2267000000,1248000000,16.02,None,352.79,291.3
2025-12-28,WTW,20.88,9807000000.0,16.02,None,0.635,80.53,305000000,None,193000000,193000000,397000000,-1614000000,None,None,None,None,None,None,None,61532663,None,1761000,1761000,9148000000,None,None,8026000000,None,None,54000000,729000000,3.68,0.011,329000000,329000000,None,1.441,0.0,451000000,505000000,3.07,2019-12-31,17.27,None,4203000000.0,2267000000,421000000,143000000,1584000000,1584000000,None,30000,None,None,None,None,None,None,None,1073000000,None,None,None,0.189,1081000000,1816000000,451000000,1563000000,152847000,None,None,None,None,None,None,None,1.08,4.142,3.328,None,None,None,None,None,-150000000,None,0.216,None,None,2025-10-30,annual,3.07,USD,pre-market,None,837000000,0.0508,0.276,0.0,99.06,None,600000000,None,65000000,321.17,323.72,0.0,12186000000,9847000000,9668000000,10913000000,2339000000,1245000000,2267000000,1248000000,16.02,None,352.79,291.3
2025-12-28,WTW,20.88,9807000000.0,16.02,None,0.635,80.53,322000000,None,193000000,193000000,-903000000,-341000000,None,None,None,None,None,None,None,61532663,None,1761000,1761000,9148000000,None,None,8026000000,None,None,54000000,747000000,3.68,0.011,306000000,306000000,None,1.441,0.0,451000000,505000000,3.07,2018-12-31,17.27,None,4203000000.0,2267000000,421000000,143000000,1584000000,1584000000,None,30000,None,None,None,None,None,None,None,715000000,None,None,None,0.189,1288000000,1816000000,451000000,1563000000,152847000,None,None,None,None,None,None,None,1.08,4.142,3.328,None,None,None,None,None,-602000000,None,0.216,None,None,2025-10-30,annual,3.07,USD,pre-market,None,837000000,0.0508,0.276,0.0,99.06,None,600000000,None,65000000,321.17,323.72,0.0,12186000000,9847000000,9668000000,10913000000,2339000000,1245000000,2267000000,1248000000,16.02,None,352.79,291.3
2025-12-28,WTW,20.88,9807000000.0,16.02,None,0.635,80.53,375000000,None,193000000,193000000,-479000000,-335000000,None,None,None,None,None,None,None,61532663,None,1761000,1761000,9148000000,None,None,8026000000,None,None,54000000,833000000,3.68,0.011,277000000,277000000,None,1.441,0.0,451000000,505000000,3.07,2017-12-31,17.27,None,4203000000.0,2267000000,421000000,143000000,1584000000,1584000000,None,30000,None,None,None,None,None,None,None,592000000,None,None,None,0.189,862000000,1816000000,451000000,1563000000,152847000,None,None,None,None,None,None,None,1.08,4.142,3.328,None,None,None,None,None,-709000000,None,0.216,None,None,2025-10-30,annual,3.07,USD,pre-market,None,837000000,0.0508,0.276,0.0,99.06,None,600000000,None,65000000,321.17,323.72,0.0,12186000000,9847000000,9668000000,10913000000,2339000000,1245000000,2267000000,1248000000,16.02,None,352.79,291.3
2025-12-28,WTW,20.88,9807000000.0,16.02,None,0.635,80.53,307000000,None,193000000,193000000,-775000000,188000000,None,None,None,None,None,None,None,61532663,None,1761000,1761000,9148000000,None,None,8026000000,None,None,54000000,769000000,3.68,0.011,199000000,199000000,None,1.441,0.0,451000000,505000000,3.07,2016-12-31,17.27,None,4203000000.0,2267000000,421000000,143000000,1584000000,1584000000,None,30000,None,None,None,None,None,None,None,330000000,None,None,None,0.189,967000000,1816000000,451000000,1563000000,152847000,None,None,None,None,None,None,None,1.08,4.142,3.328,None,None,None,None,None,-396000000,None,0.216,None,None,2025-10-30,annual,3.07,USD,pre-market,None,837000000,0.0508,0.276,0.0,99.06,None,600000000,None,65000000,321.17,323.72,0.0,12186000000,9847000000,9668000000,10913000000,2339000000,1245000000,2267000000,1248000000,16.02,None,352.79,291.3
2025-12-28,WTW,20.88,9807000000.0,16.02,None,0.635,80.53,158000000,None,193000000,193000000,641000000,-943000000,None,None,None,None,None,None,None,61532663,None,1761000,1761000,9148000000,None,None,8026000000,None,None,54000000,171000000,3.68,0.011,277000000,277000000,None,1.441,0.0,451000000,505000000,3.07,2015-12-31,17.27,None,4203000000.0,2267000000,421000000,143000000,1584000000,1584000000,None,30000,None,None,None,None,None,None,None,384000000,None,None,None,0.189,243000000,1816000000,451000000,1563000000,152847000,None,None,None,None,None,None,None,1.08,4.142,3.328,None,None,None,None,None,-82000000,None,0.216,None,None,2025-10-30,annual,3.07,USD,pre-market,None,837000000,0.0508,0.276,0.0,99.06,None,600000000,None,65000000,321.17,323.72,0.0,12186000000,9847000000,9668000000,10913000000,2339000000,1245000000,2267000000,1248000000,16.02,None,352.79,291.3
2025-12-28,WTW,20.88,9807000000.0,16.02,None,0.635,80.53,117000000,None,193000000,193000000,-323000000,-276000000,None,None,None,None,None,None,None,61532663,None,1761000,1761000,9148000000,None,None,8026000000,None,None,54000000,146000000,3.68,0.011,210000000,210000000,None,1.441,0.0,451000000,505000000,3.07,2014-12-31,17.27,None,4203000000.0,2267000000,421000000,143000000,1584000000,1584000000,None,30000,None,None,None,None,None,None,None,373000000,None,None,None,0.189,477000000,1816000000,451000000,1563000000,152847000,None,None,None,None,None,None,None,1.08,4.142,3.328,None,None,None,None,None,-213000000,None,0.216,None,None,2025-10-30,annual,3.07,USD,pre-market,None,837000000,0.0508,0.276,0.0,99.06,None,600000000,None,65000000,321.17,323.72,0.0,12186000000,9847000000,9668000000,10913000000,2339000000,1245000000,2267000000,1248000000,16.02,None,352.79,291.3
2025-12-28,WTW,20.88,9807000000.0,16.02,None,0.635,80.53,119000000,None,193000000,193000000,-137000000,-120000000,None,None,None,None,None,None,None,61532663,None,1761000,1761000,9148000000,None,None,8026000000,None,None,54000000,149000000,3.68,0.011,193000000,193000000,None,1.441,0.0,451000000,505000000,3.07,2013-12-31,17.27,None,4203000000.0,2267000000,421000000,143000000,1584000000,1584000000,None,30000,None,None,None,None,None,None,None,377000000,None,None,None,0.189,561000000,1816000000,451000000,1563000000,152847000,None,None,None,None,None,None,None,1.08,4.142,3.328,None,None,None,None,None,522000000,None,0.216,None,None,2025-10-30,annual,3.07,USD,pre-market,None,837000000,0.0508,0.276,0.0,99.06,None,600000000,None,65000000,321.17,323.72,0.0,12186000000,9847000000,9668000000,10913000000,2339000000,1245000000,2267000000,1248000000,16.02,None,352.79,291.3
2025-12-28,WTW,20.88,9807000000.0,16.02,None,0.635,80.53,137000000,None,193000000,193000000,-291000000,-172000000,None,None,None,None,None,None,None,61532663,None,1761000,1761000,9148000000,None,None,8026000000,None,None,54000000,138000000,3.68,0.011,185000000,185000000,None,1.441,0.0,451000000,505000000,3.07,2012-12-31,17.27,None,4203000000.0,2267000000,421000000,143000000,1584000000,1584000000,None,30000,None,None,None,None,None,None,None,-433000000,None,None,None,0.189,525000000,1816000000,451000000,1563000000,152847000,None,None,None,None,None,None,None,1.08,4.142,3.328,None,None,None,None,None,-100000000,None,0.216,None,None,2025-10-30,annual,3.07,USD,pre-market,None,837000000,0.0508,0.276,0.0,99.06,None,600000000,None,65000000,321.17,323.72,0.0,12186000000,9847000000,9668000000,10913000000,2339000000,1245000000,2267000000,1248000000,16.02,None,352.79,291.3
2025-12-28,WTW,20.88,9807000000.0,16.02,None,0.635,80.53,111000000,None,193000000,193000000,-214000000,-101000000,None,None,None,None,None,None,None,61532663,None,1761000,1761000,9148000000,None,None,8026000000,None,None,54000000,142000000,3.68,0.011,180000000,180000000,None,1.441,0.0,451000000,505000000,3.07,2011-12-31,17.27,None,4203000000.0,2267000000,421000000,143000000,1584000000,1584000000,None,30000,None,None,None,None,None,None,None,219000000,None,None,None,0.189,439000000,1816000000,451000000,1563000000,152847000,None,None,None,None,None,None,None,1.08,4.142,3.328,None,None,None,None,None,1094000000,None,0.216,None,None,2025-10-30,annual,3.07,USD,pre-market,None,837000000,0.0508,0.276,0.0,99.06,None,600000000,None,65000000,321.17,323.72,0.0,12186000000,9847000000,9668000000,10913000000,2339000000,1245000000,2267000000,1248000000,16.02,None,352.79,291.3
2025-12-28,WTW,20.88,9807000000.0,16.02,None,0.635,80.53,83000000,None,193000000,193000000,-293000000,-94000000,None,None,None,None,None,None,None,61532663,None,1761000,1761000,9148000000,None,None,8026000000,None,None,54000000,145000000,3.68,0.011,202000000,202000000,None,1.441,0.0,451000000,505000000,3.07,2010-12-31,17.27,None,4203000000.0,2267000000,421000000,143000000,1584000000,1584000000,None,30000,None,None,None,None,None,None,None,470000000,None,None,None,0.189,489000000,1816000000,451000000,1563000000,152847000,None,None,None,None,None,None,None,1.08,4.142,3.328,None,None,None,None,None,90000000,None,0.216,None,None,2025-10-30,annual,3.07,USD,pre-market,None,837000000,0.0508,0.276,0.0,99.06,None,600000000,None,65000000,321.17,323.72,0.0,12186000000,9847000000,9668000000,10913000000,2339000000,1245000000,2267000000,1248000000,16.02,None,352.79,291.3
2025-12-28,WTW,20.88,9807000000.0,16.02,None,0.635,80.53,96000000,None,193000000,193000000,-516000000,102000000,None,None,-18000000,None,None,None,None,61532663,None,1761000,1761000,9148000000,None,None,8026000000,None,None,54000000,160000000,3.68,0.011,191000000,191000000,None,1.441,0.0,451000000,505000000,3.07,2009-12-31,17.27,None,4203000000.0,2267000000,421000000,143000000,1584000000,1584000000,None,30000,None,None,None,None,None,None,None,457000000,None,None,None,0.189,418000000,1816000000,451000000,1563000000,152847000,None,None,None,None,None,None,None,1.08,4.142,3.328,None,None,None,None,None,778000000,None,0.216,None,None,2025-10-30,annual,3.07,USD,pre-market,None,837000000,0.0508,0.276,0.0,99.06,None,600000000,None,65000000,321.17,323.72,0.0,12186000000,9847000000,9668000000,10913000000,2339000000,1245000000,2267000000,1248000000,16.02,None,352.79,291.3
2025-12-28,WTW,20.88,9807000000.0,16.02,None,0.635,80.53,94000000,None,193000000,193000000,828000000,-1040000000,None,None,-212000000,None,None,None,None,61532663,None,1761000,1761000,9148000000,None,None,8026000000,None,None,54000000,90000000,3.68,0.011,146000000,146000000,None,1.441,0.0,451000000,505000000,3.07,2008-12-31,17.27,None,4203000000.0,2267000000,421000000,143000000,1584000000,1584000000,None,30000,None,None,None,None,None,None,None,303000000,None,None,None,0.189,211000000,1816000000,451000000,1563000000,152847000,None,None,None,None,None,None,None,1.08,4.142,3.328,None,None,None,None,None,-75000000,None,0.216,None,None,2025-10-30,annual,3.07,USD,pre-market,None,837000000,0.0508,0.276,0.0,99.06,None,600000000,None,65000000,321.17,323.72,0.0,12186000000,9847000000,9668000000,10913000000,2339000000,1245000000,2267000000,1248000000,16.02,None,352.79,291.3
2025-12-28,WTW,20.88,9807000000.0,16.02,None,0.635,80.53,185000000,None,193000000,193000000,-146000000,-221000000,None,None,285000000,None,None,None,None,61532663,None,1761000,1761000,9148000000,None,None,8026000000,None,None,54000000,66000000,3.68,0.011,143000000,143000000,None,1.441,0.0,451000000,505000000,3.07,2007-12-31,17.27,None,4203000000.0,2267000000,421000000,143000000,1584000000,1584000000,None,30000,None,None,None,None,None,None,None,409000000,None,None,None,0.189,268000000,1816000000,451000000,1563000000,152847000,None,None,None,None,None,None,None,1.08,4.142,3.328,None,None,None,None,None,-480000000,None,0.216,None,None,2025-10-30,annual,3.07,USD,pre-market,None,837000000,0.0508,0.276,0.0,99.06,None,600000000,None,65000000,321.17,323.72,0.0,12186000000,9847000000,9668000000,10913000000,2339000000,1245000000,2267000000,1248000000,16.02,None,352.79,291.3
2025-12-28,WTW,20.88,9807000000.0,16.02,None,0.635,80.53,55000000,None,193000000,193000000,-129000000,67000000,None,None,50818000,None,None,None,None,61532663,None,1761000,1761000,9148000000,None,None,8026000000,None,None,54000000,63000000,3.68,0.011,145000000,145000000,None,1.441,0.0,451000000,505000000,3.07,2006-12-31,17.27,None,4203000000.0,2267000000,421000000,143000000,1584000000,1584000000,None,30000,None,None,None,None,None,None,None,449000000,None,None,None,0.189,147000000,1816000000,451000000,1563000000,152847000,None,None,None,None,None,None,None,1.08,4.142,3.328,None,None,None,None,None,-211000000,None,0.216,None,None,2025-10-30,annual,3.07,USD,pre-market,None,837000000,0.0508,0.276,0.0,99.06,None,600000000,None,65000000,321.17,323.72,0.0,12186000000,9847000000,9668000000,10913000000,2339000000,1245000000,2267000000,1248000000,16.02,None,352.79,291.3
2025-12-28,WTW,20.88,9807000000.0,16.02,None,0.635,80.53,32000000,None,193000000,193000000,-315000000,32000000,None,None,-233914000,None,None,None,None,61532663,None,1761000,1761000,9148000000,None,None,8026000000,None,None,54000000,54000000,3.68,0.011,135000000,135000000,None,1.441,0.0,451000000,505000000,3.07,2005-12-31,17.27,None,4203000000.0,2267000000,421000000,143000000,1584000000,1584000000,None,30000,None,None,None,None,None,None,None,300000000,None,None,None,0.189,140000000,1816000000,451000000,1563000000,152847000,None,None,None,None,None,None,None,1.08,4.142,3.328,None,None,None,None,None,-360000000,None,0.216,None,None,2025-10-30,annual,3.07,USD,pre-market,None,837000000,0.0508,0.276,0.0,99.06,None,600000000,None,65000000,321.17,323.72,0.0,12186000000,9847000000,9668000000,10913000000,2339000000,1245000000,2267000000,1248000000,16.02,None,352.79,291.3
