date,symbol,eps,revenue_ttm,pe_ratio,accumulateddepreciationamortizationppe,beta,book_value,capitalexpenditures,capitalleaseobligations,cashandcashequivalentsatcarryingvalue,cashandshortterminvestments,cashflowfromfinancing,cashflowfrominvestment,changeincashandcashequivalents,changeinexchangerate,changeininventory,changeinoperatingassets,changeinoperatingliabilities,changeinreceivables,commonstock,commonstocksharesoutstanding,comprehensiveincomenetoftax,costofgoodsandservicessold,costofrevenue,currentaccountspayable,currentdebt,currentlongtermdebt,currentnetreceivables,deferredrevenue,depreciation,depreciationandamortization,depreciationdepletionandamortization,dividend_per_share,dividend_yield,dividendpayout,dividendpayoutcommonstock,dividendpayoutpreferredstock,earnings_growth_yoy,earnings_surprise,ebit,ebitda,estimated_eps,fiscaldateending,forward_pe,goodwill,gross_profit_ttm,grossprofit,incomebeforetax,incometaxexpense,intangibleassets,intangibleassetsexcludinggoodwill,interestanddebtexpense,interestexpense,interestincome,inventory,investmentincomenet,investments,longtermdebt,longtermdebtnoncurrent,longterminvestments,netincome,netincomefromcontinuingoperations,netinterestincome,noninterestincome,operating_margin_ttm,operatingcashflow,operatingexpenses,operatingincome,othercurrentassets,othercurrentliabilities,othernoncurrentassets,othernoncurrentliabilities,othernonoperatingincome,paymentsforoperatingactivities,paymentsforrepurchaseofcommonstock,paymentsforrepurchaseofequity,paymentsforrepurchaseofpreferredstock,peg_ratio,price_to_book,price_to_sales_ttm,proceedsfromissuanceofcommonstock,proceedsfromissuanceoflongtermdebtandcapitalsecuritiesnet,proceedsfromissuanceofpreferredstock,proceedsfromoperatingactivities,proceedsfromrepaymentsofshorttermdebt,proceedsfromrepurchaseofequity,proceedsfromsaleoftreasurystock,profit_margin,profitloss,propertyplantequipment,report_date,report_type,reported_eps,reportedcurrency,reporttime,researchanddevelopment,retainedearnings,return_on_assets_ttm,return_on_equity_ttm,revenue_growth_yoy,revenue_per_share_ttm,sellinggeneralandadministrative,shortlongtermdebttotal,shorttermdebt,shortterminvestments,sma_200,sma_50,surprise_pct,totalassets,totalcurrentassets,totalcurrentliabilities,totalliabilities,totalnoncurrentassets,totalnoncurrentliabilities,totalrevenue,totalshareholderequity,trailing_pe,treasurystock,week_52_high,week_52_low
1996-03-31,XEL,,,,,,,,,,,,,,,,,,,,,,,,,,,,,,,,,,,,,,-0.03,,,0.5,,,,,,,,,,,,,,,,,,,,,,,,,,,,,,,,,,,,,,,,,,,,,,,,,1996-04-24,,0.47,,pre-market,,,,,,,,,,,,,-6.0,,,,,,,,,,,,
1996-06-30,XEL,,,,,,,,,,,,,,,,,,,,,,,,,,,,,,,,,,,,,,-0.02,,,0.32,,,,,,,,,,,,,,,,,,,,,,,,,,,,,,,,,,,,,,,,,,,,,,,,,1996-07-24,,0.3,,pre-market,,,,,,,,,,,,,-6.25,,,,,,,,,,,,
1996-09-30,XEL,,,,,,,,,,,,,,,,,,,,,,,,,,,,,,,,,,,,,,-0.01,,,0.6,,,,,,,,,,,,,,,,,,,,,,,,,,,,,,,,,,,,,,,,,,,,,,,,,1996-11-01,,0.59,,pre-market,,,,,,,,,,,,,-1.6667,,,,,,,,,,,,
1996-12-31,XEL,,,,,,,,,,,,,,,,,,,,,,,,,,,,,,,,,,,,,,0.07,,,0.49,,,,,,,,,,,,,,,,,,,,,,,,,,,,,,,,,,,,,,,,,,,,,,,,,1997-01-29,,0.56,,pre-market,,,,,,,,,,,,,14.2857,,,,,,,,,,,,
1997-03-31,XEL,,,,,,,,,,,,,,,,,,,,,,,,,,,,,,,,,,,,,,-0.03,,,0.48,,,,,,,,,,,,,,,,,,,,,,,,,,,,,,,,,,,,,,,,,,,,,,,,,1997-05-02,,0.45,,pre-market,,,,,,,,,,,,,-6.25,,,,,,,,,,,,
1997-06-30,XEL,,,,,,,,,,,,,,,,,,,,,,,,,,,,,,,,,,,,,,-0.06,,,0.3,,,,,,,,,,,,,,,,,,,,,,,,,,,,,,,,,,,,,,,,,,,,,,,,,1997-09-04,,0.24,,pre-market,,,,,,,,,,,,,-20.0,,,,,,,,,,,,
1997-09-30,XEL,,,,,,,,,,,,,,,,,,,,,,,,,,,,,,,,,,,,,,0.0,,,0.62,,,,,,,,,,,,,,,,,,,,,,,,,,,,,,,,,,,,,,,,,,,,,,,,,1997-10-22,,0.62,,pre-market,,,,,,,,,,,,,0.0,,,,,,,,,,,,
1997-12-31,XEL,,,,,,,,,,,,,,,,,,,,,,,,,,,,,,,,,,,,,,-0.07,,,0.54,,,,,,,,,,,,,,,,,,,,,,,,,,,,,,,,,,,,,,,,,,,,,,,,,1998-01-28,,0.47,,pre-market,,,,,,,,,,,,,-12.963,,,,,,,,,,,,
1998-03-31,XEL,,,,,,,,,,,,,,,,,,,,,,,,,,,,,,,,,,,,,,-0.12,,,0.49,,,,,,,,,,,,,,,,,,,,,,,,,,,,,,,,,,,,,,,,,,,,,,,,,1998-04-22,,0.37,,pre-market,,,,,,,,,,,,,-24.4898,,,,,,,,,,,,
1998-06-30,XEL,,,,,,,,,,,,,,,,,,,,,,,,,,,,,,,,,,,,,,0.01,,,0.22,,,,,,,,,,,,,,,,,,,,,,,,,,,,,,,,,,,,,,,,,,,,,,,,,1998-07-22,,0.23,,pre-market,,,,,,,,,,,,,4.5455,,,,,,,,,,,,
1998-09-30,XEL,,,,,,,,,,,,,,,,,,,,,,,,,,,,,,,,,,,,,,0.09,,,0.68,,,,,,,,,,,,,,,,,,,,,,,,,,,,,,,,,,,,,,,,,,,,,,,,,1998-10-28,,0.77,,pre-market,,,,,,,,,,,,,13.2353,,,,,,,,,,,,
1998-12-31,XEL,,,,,,,,,,,,,,,,,,,,,,,,,,,,,,,,,,,,,,0.11,,,0.47,,,,,,,,,,,,,,,,,,,,,,,,,,,,,,,,,,,,,,,,,,,,,,,,,1999-01-27,,0.58,,pre-market,,,,,,,,,,,,,23.4043,,,,,,,,,,,,
1999-03-31,XEL,,,,,,,,,,,,,,,,,,,,,,,,,,,,,,,,,,,,,,-0.12,,,0.46,,,,,,,,,,,,,,,,,,,,,,,,,,,,,,,,,,,,,,,,,,,,,,,,,1999-04-15,,0.34,,pre-market,,,,,,,,,,,,,-26.087,,,,,,,,,,,,
1999-06-30,XEL,,,,,,,,,,,,,,,,,,,,,,,,,,,,,,,,,,,,,,-0.04,,,0.24,,,,,,,,,,,,,,,,,,,,,,,,,,,,,,,,,,,,,,,,,,,,,,,,,1999-07-15,,0.2,,pre-market,,,,,,,,,,,,,-16.6667,,,,,,,,,,,,
1999-09-30,XEL,,,,,,,,,,,,,,,,,,,,,,,,,,,,,,,,,,,,,,-0.05,,,0.77,,,,,,,,,,,,,,,,,,,,,,,,,,,,,,,,,,,,,,,,,,,,,,,,,1999-10-14,,0.72,,pre-market,,,,,,,,,,,,,-6.4935,,,,,,,,,,,,
1999-12-31,XEL,,,,,,,,,,,,,,,,,,,,,,,,,,,,,,,,,,,,,,-0.01,,,0.48,,,,,,,,,,,,,,,,,,,,,,,,,,,,,,,,,,,,,,,,,,,,,,,,,2000-01-12,,0.47,,pre-market,,,,,,,,,,,,,-2.0833,,,,,,,,,,,,
2000-03-31,XEL,,,,,,,,,,,,,,,,,,,,,,,,,,,,,,,,,,,,,,0.09,,,0.27,,,,,,,,,,,,,,,,,,,,,,,,,,,,,,,,,,,,,,,,,,,,,,,,,2000-04-13,,0.36,,pre-market,,,,,,,,,,,,,33.3333,,,,,,,,,,,,
2000-06-30,XEL,,,,,,,,,,,,,,,,,,,,,,,,,,,,,,,,,,,,,,0.14,,,0.25,,,,,,,,,,,,,,,,,,,,,,,,,,,,,,,,,,,,,,,,,,,,,,,,,2000-07-20,,0.39,,pre-market,,,,,,,,,,,,,56.0,,,,,,,,,,,,
2000-09-30,XEL,,,,,,,,,,,,,,,,,,,,,,,,,,,,,,,,,,,,,,0.02,,,0.7,,,,,,,,,,,,,,,,,,,,,,,,,,,,,,,,,,,,,,,,,,,,,,,,,2000-10-25,,0.72,,post-market,,,,,,,,,,,,,2.8571,,,,,,,,,,,,
2000-12-31,XEL,,,,,,,,,,,,,,,,,,,,,,,,,,,,,,,,,,,,,,0.02,,,0.47,,,,,,,,,,,,,,,,,,,,,,,,,,,,,,,,,,,,,,,,,,,,,,,,,2001-01-31,,0.49,,post-market,,,,,,,,,,,,,4.2553,,,,,,,,,,,,
2001-03-31,XEL,,,,,,,,,,,,,,,,,,,,,,,,,,,,,,,,,,,,,,-0.02,,,0.63,,,,,,,,,,,,,,,,,,,,,,,,,,,,,,,,,,,,,,,,,,,,,,,,,2001-04-25,,0.61,,pre-market,,,,,,,,,,,,,-3.1746,,,,,,,,,,,,
2001-06-30,XEL,,,,,,,,,,,,,,,,,,,,,,,,,,,,,,,,,,,,,,0.0,,,0.46,,,,,,,,,,,,,,,,,,,,,,,,,,,,,,,,,,,,,,,,,,,,,,,,,2001-07-25,,0.46,,pre-market,,,,,,,,,,,,,0.0,,,,,,,,,,,,
2001-09-30,XEL,,,,,,,,,,,,,,,,,,,,,,,,,,,,,,,,,,,,,,0.03,,,0.76,,,,,,,,,,,,,,,,,,,,,,,,,,,,,,,,,,,,,,,,,,,,,,,,,2001-10-24,,0.79,,post-market,,,,,,,,,,,,,3.9474,,,,,,,,,,,,
2001-12-31,XEL,,,,,,,,,,,,,,,,,,,,,,,,,,,,,,,,,,,,,,0.03,,,0.43,,,,,,,,,,,,,,,,,,,,,,,,,,,,,,,,,,,,,,,,,,,,,,,,,2002-01-30,,0.46,,pre-market,,,,,,,,,,,,,6.9767,,,,,,,,,,,,
2002-03-31,XEL,,,,,,,,,,,,,,,,,,,,,,,,,,,,,,,,,,,,,,-0.03,,,0.34,,,,,,,,,,,,,,,,,,,,,,,,,,,,,,,,,,,,,,,,,,,,,,,,,2002-04-24,,0.31,,pre-market,,,,,,,,,,,,,-8.8235,,,,,,,,,,,,
2002-06-30,XEL,,,,,,,,,,,,,,,,,,,,,,,,,,,,,,,,,,,,,,-0.04,,,0.41,,,,,,,,,,,,,,,,,,,,,,,,,,,,,,,,,,,,,,,,,,,,,,,,,2002-07-25,,0.37,,post-market,,,,,,,,,,,,,-9.7561,,,,,,,,,,,,
2002-09-30,XEL,,,,,,,,,,,,,,,,,,,,,,,,,,,,,,,,,,,,,,-0.08,,,0.52,,,,,,,,,,,,,,,,,,,,,,,,,,,,,,,,,,,,,,,,,,,,,,,,,2002-10-20,,0.44,,pre-market,,,,,,,,,,,,,-15.3846,,,,,,,,,,,,
2002-12-31,XEL,,,,,,,,,,,,,,,,,,,,,,,,,,,,,,,,,,,,,,-0.06,,,0.33,,,,,,,,,,,,,,,,,,,,,,,,,,,,,,,,,,,,,,,,,,,,,,,,,2003-01-29,,0.27,,pre-market,,,,,,,,,,,,,-18.1818,,,,,,,,,,,,
2003-03-31,XEL,,,,,,,,,,,,,,,,,,,,,,,,,,,,,,,,,,,,,,0.04,,,0.29,,,,,,,,,,,,,,,,,,,,,,,,,,,,,,,,,,,,,,,,,,,,,,,,,2003-04-29,,0.33,,pre-market,,,,,,,,,,,,,13.7931,,,,,,,,,,,,
2003-06-30,XEL,,,,,,,,,,,,,,,,,,,,,,,,,,,,,,,,,,,,,,-0.06,,,0.23,,,,,,,,,,,,,,,,,,,,,,,,,,,,,,,,,,,,,,,,,,,,,,,,,2003-08-01,,0.17,,pre-market,,,,,,,,,,,,,-26.087,,,,,,,,,,,,
2003-09-30,XEL,,,,,,,,,,,,,,,,,,,,,,,,,,,,,,,,,,,,,,0.04,,,0.4,,,,,,,,,,,,,,,,,,,,,,,,,,,,,,,,,,,,,,,,,,,,,,,,,2003-10-23,,0.44,,pre-market,,,,,,,,,,,,,10.0,,,,,,,,,,,,
2003-12-31,XEL,,,,,,,,,,,,,,,,,,,,,,,,,,,,,,,,,,,,,,0.08,,,0.27,,,,,,,,,,,,,,,,,,,,,,,,,,,,,,,,,,,,,,,,,,,,,,,,,2004-01-28,,0.35,,pre-market,,,,,,,,,,,,,29.6296,,,,,,,,,,,,
2004-03-31,XEL,,,,,,,,,,,,,,,,,,,,,,,,,,,,,,,,,,,,,,0.02,,,0.33,,,,,,,,,,,,,,,,,,,,,,,,,,,,,,,,,,,,,,,,,,,,,,,,,2004-04-28,,0.35,,pre-market,,,,,,,,,,,,,6.0606,,,,,,,,,,,,
2004-06-30,XEL,,,,,,,,,,,,,,,,,,,,,,,,,,,,,,,,,,,,,,0.03,,,0.17,,,,,,,,,,,,,,,,,,,,,,,,,,,,,,,,,,,,,,,,,,,,,,,,,2004-07-28,,0.2,,pre-market,,,,,,,,,,,,,17.6471,,,,,,,,,,,,
2004-09-30,XEL,,,,,,,,,,,,,,,,,,,,,,,,,,,,,,,,,,,,,,0.02,,,0.38,,,,,,,,,,,,,,,,,,,,,,,,,,,,,,,,,,,,,,,,,,,,,,,,,2004-10-22,,0.4,,pre-market,,,,,,,,,,,,,5.2632,,,,,,,,,,,,
2004-12-31,XEL,,,,,,,,,,,,,,,,,,,,,,,,,,,,,,,,,,,,,,0.04,,,0.3,,,,,,,,,,,,,,,,,,,,,,,,,,,,,,,,,,,,,,,,,,,,,,,,,2005-02-01,,0.34,,pre-market,,,,,,,,,,,,,13.3333,,,,,,,,,,,,
2005-03-31,XEL,,,,,,,,,,,,,,,,,,,,,,,,,,,,,,,,,,,,,,-0.03,,,0.33,,,,,,,,,,,,,,,,,,,,,,,,,,,,,,,,,,,,,,,,,,,,,,,,,2005-04-27,,0.3,,pre-market,,,,,,,,,,,,,-9.0909,,,,,,,,,,,,
2005-06-30,XEL,,,,,,,,,,,,,,,,,,,,,,,,,,,,,,,,,,,,,,0.01,,,0.18,,,,,,,,,,,,,,,,,,,,,,,,,,,,,,,,,,,,,,,,,,,,,,,,,2005-07-27,,0.19,,pre-market,,,,,,,,,,,,,5.5556,,,,,,,,,,,,
2005-09-30,XEL,,,,,,,,,,,,,,,,,,,,,,,,,,,,,,,,,,,,,,0.03,,,0.44,,,,,,,,,,,,,,,,,,,,,,,,,,,,,,,,,,,,,,,,,,,,,,,,,2005-10-26,,0.47,,pre-market,,,,,,,,,,,,,6.8182,,,,,,,,,,,,
2005-12-31,XEL,,,,,,,,,,,,,,,,,,,,,,,,,,,,,,,,,,,,,,-0.01,,,0.25,,,,,,,,,,,,,,,,,,,,,,,,,,,,,,,,,,,,,,,,,,,,,,,,,2006-02-01,,0.24,,pre-market,,,,,,,,,,,,,-4.0,,,,,,,,,,,,
2006-03-31,XEL,,,,,,,,,,,,,,,,,,,,,,,,,,,,,,,,,,,,,,0.07,,,0.29,,,,,,,,,,,,,,,,,,,,,,,,,,,,,,,,,,,,,,,,,,,,,,,,,2006-04-27,,0.36,,pre-market,,,,,,,,,,,,,24.1379,,,,,,,,,,,,
2006-06-30,XEL,,,,,,,,,,,,,,,,,,,,,,,,,,,,,,,,,,,,,,0.03,,,0.21,,,,,,,,,,,,,,,,,,,,,,,,,,,,,,,,,,,,,,,,,,,,,,,,,2006-08-01,,0.24,,pre-market,,,,,,,,,,,,,14.2857,,,,,,,,,,,,
2006-09-30,XEL,,,,,,,,,,,,,,,,,,,,,,,,,,,,,,,,,,,,,,0.05,,,0.48,,,,,,,,,,,,,,,,,,,,,,,,,,,,,,,,,,,,,,,,,,,,,,,,,2006-10-26,,0.53,,pre-market,,,,,,,,,,,,,10.4167,,,,,,,,,,,,
2006-12-31,XEL,,,,,,,,,,,,,,,,,,,,,,,,,,,,,,,,,,,,,,0.01,,,0.22,,,,,,,,,,,,,,,,,,,,,,,,,,,,,,,,,,,,,,,,,,,,,,,,,2007-01-31,,0.23,,pre-market,,,,,,,,,,,,,4.5455,,,,,,,,,,,,
2007-03-31,XEL,,,,,,,,,,,,,,,,,,,,,,,,,,,,,,,,,,,,,,-0.08,,,0.36,,,,,,,,,,,,,,,,,,,,,,,,,,,,,,,,,,,,,,,,,,,,,,,,,2007-04-25,,0.28,,pre-market,,,,,,,,,,,,,-22.2222,,,,,,,,,,,,
2007-06-30,XEL,,,,,,,,,,,,,,,,,,,,,,,,,,,,,,,,,,,,,,0.03,,,0.26,,,,,,,,,,,,,,,,,,,,,,,,,,,,,,,,,,,,,,,,,,,,,,,,,2007-07-25,,0.29,,pre-market,,,,,,,,,,,,,11.5385,,,,,,,,,,,,
2007-09-30,XEL,,,,,,,,,,,,,,,,,,,,,,,,,,,,,,,,,,,,,,0.0,,,0.57,,,,,,,,,,,,,,,,,,,,,,,,,,,,,,,,,,,,,,,,,,,,,,,,,2007-10-25,,0.57,,pre-market,,,,,,,,,,,,,0.0,,,,,,,,,,,,
2007-12-31,XEL,,,,,,,,,,,,,,,,,,,,,,,,,,,,,,,,,,,,,,0.03,,,0.28,,,,,,,,,,,,,,,,,,,,,,,,,,,,,,,,,,,,,,,,,,,,,,,,,2008-01-30,,0.31,,pre-market,,,,,,,,,,,,,10.7143,,,,,,,,,,,,
2008-03-31,XEL,,,,,,,,,,,,,,,,,,,,,,,,,,,,,,,,,,,,,,0.03,,,0.32,,,,,,,,,,,,,,,,,,,,,,,,,,,,,,,,,,,,,,,,,,,,,,,,,2008-05-01,,0.35,,pre-market,,,,,,,,,,,,,9.375,,,,,,,,,,,,
2008-06-30,XEL,,,,,,,,,,,,,,,,,,,,,,,,,,,,,,,,,,,,,,-0.06,,,0.3,,,,,,,,,,,,,,,,,,,,,,,,,,,,,,,,,,,,,,,,,,,,,,,,,2008-07-31,,0.24,,pre-market,,,,,,,,,,,,,-20.0,,,,,,,,,,,,
2008-09-30,XEL,,,,,,,,,,,,,,,,,,,,,,,,,,,,,,,,,,,,,,-0.04,,,0.55,,,,,,,,,,,,,,,,,,,,,,,,,,,,,,,,,,,,,,,,,,,,,,,,,2008-10-23,,0.51,,pre-market,,,,,,,,,,,,,-7.2727,,,,,,,,,,,,
2008-12-31,XEL,,,,,,,,,,,,,,,,,,,,,,,,,,,,,,,,,,,,,,-0.01,,,0.36,,,,,,,,,,,,,,,,,,,,,,,,,,,,,,,,,,,,,,,,,,,,,,,,,2009-01-29,,0.35,,pre-market,,,,,,,,,,,,,-2.7778,,,,,,,,,,,,
2009-03-31,XEL,,,,,,,,,,,,,,,,,,,,,,,,,,,,,,,,,,,,,,0.01,,,0.37,,,,,,,,,,,,,,,,,,,,,,,,,,,,,,,,,,,,,,,,,,,,,,,,,2009-04-30,,0.38,,pre-market,,,,,,,,,,,,,2.7027,,,,,,,,,,,,
2009-06-30,XEL,,,,,,,,,,,,,,,,,,,,,,,,,,,,,,,,,,,,,,0.0,,,0.25,,,,,,,,,,,,,,,,,,,,,,,,,,,,,,,,,,,,,,,,,,,,,,,,,2009-07-30,,0.25,,pre-market,,,,,,,,,,,,,0.0,,,,,,,,,,,,
2009-09-30,XEL,,,,,,,,,,,,,,,,,,,,,,,,,,,,,,,,,,,,,,-0.02,,,0.5,,,,,,,,,,,,,,,,,,,,,,,,,,,,,,,,,,,,,,,,,,,,,,,,,2009-10-29,,0.48,,pre-market,,,,,,,,,,,,,-4.0,,,,,,,,,,,,
2009-12-31,XEL,,,,,,,,,,,,,,,,,,,,,,,,,,,,,,,,,,,,,,0.01,,,0.36,,,,,,,,,,,,,,,,,,,,,,,,,,,,,,,,,,,,,,,,,,,,,,,,,2010-01-28,,0.37,,pre-market,,,,,,,,,,,,,2.7778,,,,,,,,,,,,
2010-03-31,XEL,,,,,,,,,,,,,,,,,,,,,,,,,,,,,,,,,,,,,,0.01,,,0.41,,,,,,,,,,,,,,,,,,,,,,,,,,,,,,,,,,,,,,,,,,,,,,,,,2010-04-29,,0.42,,pre-market,,,,,,,,,,,,,2.439,,,,,,,,,,,,
2010-06-30,XEL,,,,,,,,,,,,,,,,,,,,,,,,,,,,,,,,,,,,,,0.02,,,0.27,,,,,,,,,,,,,,,,,,,,,,,,,,,,,,,,,,,,,,,,,,,,,,,,,2010-07-29,,0.29,,pre-market,,,,,,,,,,,,,7.4074,,,,,,,,,,,,
2010-09-30,XEL,,,,,,,,,,,,,,,,,,,,,,,,,,,,,,,,,,,,,,0.07,,,0.55,,,,,,,,,,,,,,,,,,,,,,,,,,,,,,,,,,,,,,,,,,,,,,,,,2010-10-28,,0.62,,pre-market,,,,,,,,,,,,,12.7273,,,,,,,,,,,,
2010-12-31,XEL,,,,,,,,,,,,,,,,,,,,,,,,,,,,,,,,,,,,,,-0.03,,,0.32,,,,,,,,,,,,,,,,,,,,,,,,,,,,,,,,,,,,,,,,,,,,,,,,,2011-01-27,,0.29,,pre-market,,,,,,,,,,,,,-9.375,,,,,,,,,,,,
2011-03-31,XEL,,,,,,,,,,,,,,,,,,,,,,,,,,,,,,,,,,,,,,-0.01,,,0.43,,,,,,,,,,,,,,,,,,,,,,,,,,,,,,,,,,,,,,,,,,,,,,,,,2011-04-28,,0.42,,pre-market,,,,,,,,,,,,,-2.3256,,,,,,,,,,,,
2011-06-30,XEL,,,,,,,,,,,,,,,,,,,,,,,,,,,,,,,,,,,,,,0.02,,,0.31,,,,,,,,,,,,,,,,,,,,,,,,,,,,,,,,,,,,,,,,,,,,,,,,,2011-07-28,,0.33,,pre-market,,,,,,,,,,,,,6.4516,,,,,,,,,,,,
2011-09-30,XEL,,,,,,,,,,,,,,,,,,,,,,,,,,,,,,,,,,,,,,0.04,,,0.65,,,,,,,,,,,,,,,,,,,,,,,,,,,,,,,,,,,,,,,,,,,,,,,,,2011-10-27,,0.69,,pre-market,,,,,,,,,,,,,6.1538,,,,,,,,,,,,
2011-12-31,XEL,,,,,,,,,,,,,,,,,,,,,,,,,,,,,,,,,,,,,,-0.01,,,0.3,,,,,,,,,,,,,,,,,,,,,,,,,,,,,,,,,,,,,,,,,,,,,,,,,2012-02-02,,0.29,,pre-market,,,,,,,,,,,,,-3.3333,,,,,,,,,,,,
2012-03-31,XEL,,,,,,,,,,,,,,,,,,,,,,,,,,,,,,,,,,,,,,0.01,,,0.37,,,,,,,,,,,,,,,,,,,,,,,,,,,,,,,,,,,,,,,,,,,,,,,,,2012-04-26,,0.38,,pre-market,,,,,,,,,,,,,2.7027,,,,,,,,,,,,
2012-06-30,XEL,,,,,,,,,,,,,,,,,,,,,,,,,,,,,,,,,,,,,,0.02,,,0.36,,,,,,,,,,,,,,,,,,,,,,,,,,,,,,,,,,,,,,,,,,,,,,,,,2012-08-02,,0.38,,pre-market,,,,,,,,,,,,,5.5556,,,,,,,,,,,,
2012-09-30,XEL,,,,,,,,,,,,,,,,,,,,,,,,,,,,,,,,,,,,,,0.05,,,0.73,,,,,,,,,,,,,,,,,,,,,,,,,,,,,,,,,,,,,,,,,,,,,,,,,2012-10-25,,0.78,,pre-market,,,,,,,,,,,,,6.8493,,,,,,,,,,,,
2012-12-31,XEL,,,,,,,,,,,,,,,,,,,,,,,,,,,,,,,,,,,,,,0.02,,,0.27,,,,,,,,,,,,,,,,,,,,,,,,,,,,,,,,,,,,,,,,,,,,,,,,,2013-01-31,,0.29,,pre-market,,,,,,,,,,,,,7.4074,,,,,,,,,,,,
2013-03-31,XEL,,,,,,,,,,,,,,,,,,,,,,,,,,,,,,,,,,,,,,0.03,,,0.45,,,,,,,,,,,,,,,,,,,,,,,,,,,,,,,,,,,,,,,,,,,,,,,,,2013-05-02,,0.48,,pre-market,,,,,,,,,,,,,6.6667,,,,,,,,,,,,
2013-06-30,XEL,,,,,,,,,,,,,,,,,,,,,,,,,,,,,,,,,,,,,,0.01,,,0.39,,,,,,,,,,,,,,,,,,,,,,,,,,,,,,,,,,,,,,,,,,,,,,,,,2013-08-01,,0.4,,pre-market,,,,,,,,,,,,,2.5641,,,,,,,,,,,,
2013-09-30,XEL,,,,,,,,,,,,,,,,,,,,,,,,,,,,,,,,,,,,,,0.0,,,0.77,,,,,,,,,,,,,,,,,,,,,,,,,,,,,,,,,,,,,,,,,,,,,,,,,2013-10-24,,0.77,,pre-market,,,,,,,,,,,,,0.0,,,,,,,,,,,,
2013-12-31,XEL,,,,,,,,,,,,,,,,,,,,,,,,,,,,,,,,,,,,,,0.01,,,0.29,,,,,,,,,,,,,,,,,,,,,,,,,,,,,,,,,,,,,,,,,,,,,,,,,2014-01-30,,0.3,,pre-market,,,,,,,,,,,,,3.4483,,,,,,,,,,,,
2014-03-31,XEL,,,,,,,,,,,,,,,,,,,,,,,,,,,,,,,,,,,,,,0.02,,,0.5,,,,,,,,,,,,,,,,,,,,,,,,,,,,,,,,,,,,,,,,,,,,,,,,,2014-05-01,,0.52,,pre-market,,,,,,,,,,,,,4.0,,,,,,,,,,,,
2014-06-30,XEL,,,,,,,,,,,,,,,,,,,,,,,,,,,,,,,,,,,,,,-0.01,,,0.4,,,,,,,,,,,,,,,,,,,,,,,,,,,,,,,,,,,,,,,,,,,,,,,,,2014-07-31,,0.39,,pre-market,,,,,,,,,,,,,-2.5,,,,,,,,,,,,
2014-09-30,XEL,,,,,,,,,,,,,,,,,,,,,,,,,,,,,,,,,,,,,,-0.02,,,0.75,,,,,,,,,,,,,,,,,,,,,,,,,,,,,,,,,,,,,,,,,,,,,,,,,2014-10-30,,0.73,,pre-market,,,,,,,,,,,,,-2.6667,,,,,,,,,,,,
2014-12-31,XEL,,,,,,,,,,,,,,,,,,,,,,,,,,,,,,,,,,,,,,0.05,,,0.34,,,,,,,,,,,,,,,,,,,,,,,,,,,,,,,,,,,,,,,,,,,,,,,,,2015-01-29,,0.39,,pre-market,,,,,,,,,,,,,14.7059,,,,,,,,,,,,
2015-03-31,XEL,,,,,,,,,,,,,,,,,,,,,,,,,,,,,,,,,,,,,,-0.04,,,0.5,,,,,,,,,,,,,,,,,,,,,,,,,,,,,,,,,,,,,,,,,,,,,,,,,2015-04-30,,0.46,,pre-market,,,,,,,,,,,,,-8.0,,,,,,,,,,,,
2015-06-30,XEL,,,,,,,,,,,,,,,,,,,,,,,,,,,,,,,,,,,,,,-0.01,,,0.4,,,,,,,,,,,,,,,,,,,,,,,,,,,,,,,,,,,,,,,,,,,,,,,,,2015-07-30,,0.39,,pre-market,,,,,,,,,,,,,-2.5,,,,,,,,,,,,
2015-09-30,XEL,,,,,,,,,,,,,,,,,,,,,,,,,,,,,,,,,,,,,,0.04,,,0.8,,,,,,,,,,,,,,,,,,,,,,,,,,,,,,,,,,,,,,,,,,,,,,,,,2015-10-29,,0.84,,pre-market,,,,,,,,,,,,,5.0,,,,,,,,,,,,
2015-12-31,XEL,,,,,,,,,,,,,,,,,,,,,,,,,,,,,,,,,,,,,,0.01,,,0.4,,,,,,,,,,,,,,,,,,,,,,,,,,,,,,,,,,,,,,,,,,,,,,,,,2016-01-28,,0.41,,pre-market,,,,,,,,,,,,,2.5,,,,,,,,,,,,
2016-03-31,XEL,,,,,,,,,,,,,,,,,,,,,,,,,,,,,,,,,,,,,,0.0,,,0.47,,,,,,,,,,,,,,,,,,,,,,,,,,,,,,,,,,,,,,,,,,,,,,,,,2016-05-09,,0.47,,pre-market,,,,,,,,,,,,,0.0,,,,,,,,,,,,
2016-06-30,XEL,,,,,,,,,,,,,,,,,,,,,,,,,,,,,,,,,,,,,,-0.01,,,0.4,,,,,,,,,,,,,,,,,,,,,,,,,,,,,,,,,,,,,,,,,,,,,,,,,2016-08-03,,0.39,,pre-market,,,,,,,,,,,,,-2.5,,,,,,,,,,,,
2016-09-30,XEL,,,,,,,,,,,,,,,,,,,,,,,,,,,,,,,,,,,,,,0.03,,,0.87,,,,,,,,,,,,,,,,,,,,,,,,,,,,,,,,,,,,,,,,,,,,,,,,,2016-10-27,,0.9,,pre-market,,,,,,,,,,,,,3.4483,,,,,,,,,,,,
2016-12-31,XEL,,,,,,,,,,,,,,,,,,,,,,,,,,,,,,,,,,,,,,0.01,,,0.44,,,,,,,,,,,,,,,,,,,,,,,,,,,,,,,,,,,,,,,,,,,,,,,,,2017-02-02,,0.45,,pre-market,,,,,,,,,,,,,2.2727,,,,,,,,,,,,
2017-03-31,XEL,,,,,,,,,,,,,,,,,,,,,,,,,,,,,,,,,,,,,,-0.02,,,0.49,,,,,,,,,,,,,,,,,,,,,,,,,,,,,,,,,,,,,,,,,,,,,,,,,2017-04-27,,0.47,,pre-market,,,,,,,,,,,,,-4.0816,,,,,,,,,,,,
2017-06-30,XEL,,,,,,,,,,,,,,,,,,,,,,,,,,,,,,,,,,,,,,0.03,,,0.42,,,,,,,,,,,,,,,,,,,,,,,,,,,,,,,,,,,,,,,,,,,,,,,,,2017-07-27,,0.45,,pre-market,,,,,,,,,,,,,7.1429,,,,,,,,,,,,
2017-09-30,XEL,,,,,,,,,,,,,,,,,,,,,,,,,,,,,,,,,,,,,,0.05,,,0.92,,,,,,,,,,,,,,,,,,,,,,,,,,,,,,,,,,,,,,,,,,,,,,,,,2017-10-26,,0.97,,pre-market,,,,,,,,,,,,,5.4348,,,,,,,,,,,,
2017-12-31,XEL,,,,,,,,,,,,,,,,,,,,,,,,,,,,,,,,,,,,,,-0.01,,,0.43,,,,,,,,,,,,,,,,,,,,,,,,,,,,,,,,,,,,,,,,,,,,,,,,,2018-02-07,,0.42,,pre-market,,,,,,,,,,,,,-2.3256,,,,,,,,,,,,
2018-03-31,XEL,,,,,,,,,,,,,,,,,,,,,,,,,,,,,,,,,,,,,,0.06,,,0.51,,,,,,,,,,,,,,,,,,,,,,,,,,,,,,,,,,,,,,,,,,,,,,,,,2018-04-26,,0.57,,pre-market,,,,,,,,,,,,,11.7647,,,,,,,,,,,,
2018-06-30,XEL,,,,,,,,,,,,,,,,,,,,,,,,,,,,,,,,,,,,,,0.05,,,0.47,,,,,,,,,,,,,,,,,,,,,,,,,,,,,,,,,,,,,,,,,,,,,,,,,2018-07-26,,0.52,,pre-market,,,,,,,,,,,,,10.6383,,,,,,,,,,,,
2018-09-30,XEL,,,,,,,,,,,,,,,,,,,,,,,,,,,,,,,,,,,,,,-0.02,,,0.98,,,,,,,,,,,,,,,,,,,,,,,,,,,,,,,,,,,,,,,,,,,,,,,,,2018-10-25,,0.96,,pre-market,,,,,,,,,,,,,-2.0408,,,,,,,,,,,,
2018-12-31,XEL,,,,,,,,,,,,,,,,,,,,,,,,,,,,,,,,,,,,,,0.01,,,0.41,,,,,,,,,,,,,,,,,,,,,,,,,,,,,,,,,,,,,,,,,,,,,,,,,2019-01-31,,0.42,,pre-market,,,,,,,,,,,,,2.439,,,,,,,,,,,,
2019-03-31,XEL,,,,,,,,,,,,,,,,,,,,,,,,,,,,,,,,,,,,,,0.0,,,0.61,,,,,,,,,,,,,,,,,,,,,,,,,,,,,,,,,,,,,,,,,,,,,,,,,2019-04-25,,0.61,,pre-market,,,,,,,,,,,,,0.0,,,,,,,,,,,,
2019-06-30,XEL,,,,,,,,,,,,,,,,,,,,,,,,,,,,,,,,,,,,,,-0.07,,,0.53,,,,,,,,,,,,,,,,,,,,,,,,,,,,,,,,,,,,,,,,,,,,,,,,,2019-08-01,,0.46,,pre-market,,,,,,,,,,,,,-13.2075,,,,,,,,,,,,
2019-09-30,XEL,,,,,,,,,,,,,,,,,,,,,,,,,,,,,,,,,,,,,,-0.02,,,1.03,,,,,,,,,,,,,,,,,,,,,,,,,,,,,,,,,,,,,,,,,,,,,,,,,2019-10-24,,1.01,,pre-market,,,,,,,,,,,,,-1.9417,,,,,,,,,,,,
2019-12-31,XEL,,,,,,,,,,,,,,,,,,,,,,,,,,,,,,,,,,,,,,0.02,,,0.54,,,,,,,,,,,,,,,,,,,,,,,,,,,,,,,,,,,,,,,,,,,,,,,,,2020-01-30,,0.56,,pre-market,,,,,,,,,,,,,3.7037,,,,,,,,,,,,
2020-03-31,XEL,,,,,,,,,,,,,,,,,,,,,,,,,,,,,,,,,,,,,,-0.03,,,0.59,,,,,,,,,,,,,,,,,,,,,,,,,,,,,,,,,,,,,,,,,,,,,,,,,2020-05-07,,0.56,,pre-market,,,,,,,,,,,,,-5.0847,,,,,,,,,,,,
2020-06-30,XEL,,,,,,,,,,,,,,,,,,,,,,,,,,,,,,,,,,,,,,0.05,,,0.49,,,,,,,,,,,,,,,,,,,,,,,,,,,,,,,,,,,,,,,,,,,,,,,,,2020-07-30,,0.54,,pre-market,,,,,,,,,,,,,10.2041,,,,,,,,,,,,
2020-09-30,XEL,,,,,,,,,,,,,,,,,,,,,,,,,,,,,,,,,,,,,,0.08,,,1.06,,,,,,,,,,,,,,,,,,,,,,,,,,,,,,,,,,,,,,,,,,,,,,,,,2020-10-29,,1.14,,pre-market,,,,,,,,,,,,,7.5472,,,,,,,,,,,,
2020-12-31,XEL,,,,,,,,,,,,,,,,,,,,,,,,,,,,,,,,,,,,,,0.0,,,0.54,,,,,,,,,,,,,,,,,,,,,,,,,,,,,,,,,,,,,,,,,,,,,,,,,2021-01-28,,0.54,,pre-market,,,,,,,,,,,,,0.0,,,,,,,,,,,,
2021-03-31,XEL,,,,,,,,,,,,,,,,,,,,,,,,,,,,,,,,,,,,,,0.06,,,0.61,,,,,,,,,,,,,,,,,,,,,,,,,,,,,,,,,,,,,,,,,,,,,,,,,2021-04-29,,0.67,,pre-market,,,,,,,,,,,,,9.8361,,,,,,,,,,,,
2021-06-30,XEL,,,,,,,,,,,,,,,,,,,,,,,,,,,,,,,,,,,,,,0.01,,,0.57,,,,,,,,,,,,,,,,,,,,,,,,,,,,,,,,,,,,,,,,,,,,,,,,,2021-07-29,,0.58,,pre-market,,,,,,,,,,,,,1.7544,,,,,,,,,,,,
2021-09-30,XEL,,,,,,,,,,,,,,,,,,,,,,,,,,,,,,,,,,,,,,-0.04,,,1.17,,,,,,,,,,,,,,,,,,,,,,,,,,,,,,,,,,,,,,,,,,,,,,,,,2021-10-28,,1.13,,pre-market,,,,,,,,,,,,,-3.4188,,,,,,,,,,,,
2021-12-31,XEL,,,,,,,,,,,,,,,,,,,,,,,,,,,,,,,,,,,,,,0.01,,,0.57,,,,,,,,,,,,,,,,,,,,,,,,,,,,,,,,,,,,,,,,,,,,,,,,,2022-01-27,,0.58,,pre-market,,,,,,,,,,,,,1.7544,,,,,,,,,,,,
2022-03-31,XEL,,,,,,,,,,,,,,,,,,,,,,,,,,,,,,,,,,,,,,0.02,,,0.68,,,,,,,,,,,,,,,,,,,,,,,,,,,,,,,,,,,,,,,,,,,,,,,,,2022-04-28,,0.7,,pre-market,,,,,,,,,,,,,2.9412,,,,,,,,,,,,
2022-06-30,XEL,,,,,,,,,,,,,,,,,,,,,,,,,,,,,,,,,,,,,,0.0,,,0.6,,,,,,,,,,,,,,,,,,,,,,,,,,,,,,,,,,,,,,,,,,,,,,,,,2022-07-28,,0.6,,pre-market,,,,,,,,,,,,,0.0,,,,,,,,,,,,
2022-09-30,XEL,,,,,,,,,,,,,,,,,,,,,,,,,,,,,,,,,,,,,,-0.04,,,1.22,,,,,,,,,,,,,,,,,,,,,,,,,,,,,,,,,,,,,,,,,,,,,,,,,2022-10-27,,1.18,,pre-market,,,,,,,,,,,,,-3.2787,,,,,,,,,,,,
2022-12-31,XEL,,,,,,,,,,,,,,,,,,,,,,,,,,,,,,,,,,,,,,0.02,,,0.67,,,,,,,,,,,,,,,,,,,,,,,,,,,,,,,,,,,,,,,,,,,,,,,,,2023-01-26,,0.69,,pre-market,,,,,,,,,,,,,2.9851,,,,,,,,,,,,
2023-03-31,XEL,,,,,,,,,,,,,,,,,,,,,,,,,,,,,,,,,,,,,,0.02,,,0.74,,,,,,,,,,,,,,,,,,,,,,,,,,,,,,,,,,,,,,,,,,,,,,,,,2023-04-27,,0.76,,pre-market,,,,,,,,,,,,,2.7027,,,,,,,,,,,,
2023-06-30,XEL,,,,,,,,,,,,,,,,,,,,,,,,,,,,,,,,,,,,,,-0.05,,,0.57,,,,,,,,,,,,,,,,,,,,,,,,,,,,,,,,,,,,,,,,,,,,,,,,,2023-07-27,,0.52,,pre-market,,,,,,,,,,,,,-8.7719,,,,,,,,,,,,
2023-09-30,XEL,,,,,,,,,,,,,,,,,,,,,,,,,,,,,,,,,,,,,,-0.03,,,1.26,,,,,,,,,,,,,,,,,,,,,,,,,,,,,,,,,,,,,,,,,,,,,,,,,2023-10-27,,1.23,,pre-market,,,,,,,,,,,,,-2.381,,,,,,,,,,,,
2023-12-31,XEL,,,,,,,,,,,,,,,,,,,,,,,,,,,,,,,,,,,,,,0.0,,,0.83,,,,,,,,,,,,,,,,,,,,,,,,,,,,,,,,,,,,,,,,,,,,,,,,,2024-01-25,,0.83,,pre-market,,,,,,,,,,,,,0.0,,,,,,,,,,,,
2024-03-31,XEL,,,,,,,,,,,,,,,,,,,,,,,,,,,,,,,,,,,,,,0.11,,,0.77,,,,,,,,,,,,,,,,,,,,,,,,,,,,,,,,,,,,,,,,,,,,,,,,,2024-04-25,,0.88,,pre-market,,,,,,,,,,,,,14.2857,,,,,,,,,,,,
2024-06-30,XEL,,,,,,,,,,,,,,,,,,,,,,,,,,,,,,,,,,,,,,-0.03,,,0.57,,,,,,,,,,,,,,,,,,,,,,,,,,,,,,,,,,,,,,,,,,,,,,,,,2024-08-01,,0.54,,pre-market,,,,,,,,,,,,,-5.2632,,,,,,,,,,,,
2024-09-30,XEL,,,,,,,,,,,,,,,,,,,,,,,,,,,,,,,,,,,,,,-0.01,,,1.26,,,,,,,,,,,,,,,,,,,,,,,,,,,,,,,,,,,,,,,,,,,,,,,,,2024-10-31,,1.25,,pre-market,,,,,,,,,,,,,-0.7937,,,,,,,,,,,,
2024-12-31,XEL,,,,,,,,,,,,,,,,,,,,,,,,,,,,,,,,,,,,,,-0.07,,,0.88,,,,,,,,,,,,,,,,,,,,,,,,,,,,,,,,,,,,,,,,,,,,,,,,,2025-02-06,,0.81,,pre-market,,,,,,,,,,,,,-7.9545,,,,,,,,,,,,
2025-03-31,XEL,,,,,,,,,,,,,,,,,,,,,,,,,,,,,,,,,,,,,,-0.08,,,0.92,,,,,,,,,,,,,,,,,,,,,,,,,,,,,,,,,,,,,,,,,,,,,,,,,2025-04-24,,0.84,,pre-market,,,,,,,,,,,,,-8.6957,,,,,,,,,,,,
2025-06-30,XEL,,,,,,,,,,,,,,,,,,,,,,,,,,,,,,,,,,,,,,0.11,,,0.64,,,,,,,,,,,,,,,,,,,,,,,,,,,,,,,,,,,,,,,,,,,,,,,,,2025-07-31,,0.75,,pre-market,,,,,,,,,,,,,17.1875,,,,,,,,,,,,
2025-09-30,XEL,,,,,,,,,,,,,,,,,,,,,,,,,,,,,,,,,,,,,,-0.08,,,1.32,,,,,,,,,,,,,,,,,,,,,,,,,,,,,,,,,,,,,,,,,,,,,,,,,2025-10-30,,1.24,,pre-market,,,,,,,,,,,,,-6.0606,,,,,,,,,,,,
2025-12-28,XEL,3.28,14228000000.0,22.69,,0.453,35.81,,,,,,,,,,,,,,,,,,,,,,,,,,2.26,0.0305,,,,-0.272,-0.08,,,1.32,,18.18,,6407000000.0,,,,,,,,,,,,,,,,,,,0.266,,,,,,,,,,,,,2.753,2.078,3.094,,,,,,,,0.135,,,2025-10-30,,1.24,,pre-market,,,0.0224,0.0945,0.074,24.46,,,,,73.27,78.86,-6.0606,,,,,,,,,22.69,,83.01,61.07
2025-12-28,XEL,3.28,14228000000.0,22.69,,0.453,35.81,,,,,,,,,,,,,,,None,1856000000,1856000000,,,,,,None,787000000,,2.26,0.0305,,,,-0.272,-0.08,880000000,1667000000,1.32,2025-09-30,18.18,,6407000000.0,2059000000,532000000,8000000,,,None,348000000,None,,None,,,,,524000000,524000000,-348000000,None,0.266,,1310000000,749000000,,,,,None,,,,,2.753,2.078,3.094,,,,,,,,0.135,,,2025-10-30,quarterly,1.24,USD,pre-market,None,,0.0224,0.0945,0.074,24.46,None,,,,73.27,78.86,-6.0606,,,,,,,3915000000,,22.69,,83.01,61.07
2025-12-28,XEL,3.28,14228000000.0,22.69,,0.453,35.81,,,,,,,,,,,,,,,None,1728000000,1728000000,,,,,,None,753000000,,2.26,0.0305,,,,-0.272,-0.08,706000000,1459000000,1.32,2025-06-30,18.18,,6407000000.0,1559000000,384000000,-60000000,,,None,331000000,None,,None,,,,,444000000,444000000,-322000000,None,0.266,,982000000,577000000,,,,,None,,,,,2.753,2.078,3.094,,,,,,,,0.135,,,2025-10-30,quarterly,1.24,USD,pre-market,None,,0.0224,0.0945,0.074,24.46,None,,,,73.27,78.86,-6.0606,,,,,,,3287000000,,22.69,,83.01,61.07
2025-12-28,XEL,3.28,14228000000.0,22.69,,0.453,35.81,,,,,,,,,,,,,,,None,2221000000,2221000000,,,,,,None,763000000,,2.26,0.0305,,,,-0.272,-0.08,731000000,1494000000,1.32,2025-03-31,18.18,,6407000000.0,1685000000,422000000,-61000000,,,None,309000000,None,,None,,,,,483000000,483000000,-309000000,None,0.266,,1008000000,677000000,,,,,None,,,,,2.753,2.078,3.094,,,,,,,,0.135,,,2025-10-30,quarterly,1.24,USD,pre-market,None,,0.0224,0.0945,0.074,24.46,None,,,,73.27,78.86,-6.0606,,,,,,,3906000000,,22.69,,83.01,61.07
2025-12-28,XEL,3.28,14228000000.0,22.69,,0.453,35.81,,,,,,,,,,,,,,,None,1832000000,1832000000,,,,,,None,735000000,,2.26,0.0305,,,,-0.272,-0.08,464000000,1199000000,1.32,2024-12-31,18.18,,6407000000.0,1288000000,167000000,-297000000,,,None,297000000,None,,None,,,,,464000000,464000000,-297000000,None,0.266,,941000000,347000000,,,,,None,,,,,2.753,2.078,3.094,,,,,,,,0.135,,,2025-10-30,quarterly,1.24,USD,pre-market,None,,0.0224,0.0945,0.074,24.46,None,,,,73.27,78.86,-6.0606,,,,,,,3120000000,,22.69,,83.01,61.07
2025-12-28,XEL,3.28,14228000000.0,22.69,,0.453,35.81,,,,,,,,,,,,,,,None,1781000000,1781000000,,,,,,None,717000000,,2.26,0.0305,,,,-0.272,-0.08,997000000,1714000000,1.32,2024-09-30,18.18,,6407000000.0,1863000000,692000000,10000000,,,None,305000000,None,,None,,,,,682000000,682000000,-305000000,None,0.266,,952000000,911000000,,,,,None,,,,,2.753,2.078,3.094,,,,,,,,0.135,,,2025-10-30,quarterly,1.24,USD,pre-market,None,,0.0224,0.0945,0.074,24.46,None,,,,73.27,78.86,-6.0606,,,,,,,3644000000,,22.69,,83.01,61.07
2025-12-28,XEL,3.28,14228000000.0,22.69,,0.453,35.81,,,,,,,,,,,,,,,None,1636000000,1636000000,,,,,,None,739000000,,2.26,0.0305,,,,-0.272,-0.08,517000000,1256000000,1.32,2024-06-30,18.18,,6407000000.0,1392000000,214000000,-88000000,,,None,303000000,None,,None,,,,,302000000,302000000,-303000000,None,0.266,,943000000,449000000,,,,,None,,,,,2.753,2.078,3.094,,,,,,,,0.135,,,2025-10-30,quarterly,1.24,USD,pre-market,None,,0.0224,0.0945,0.074,24.46,None,,,,73.27,78.86,-6.0606,,,,,,,3028000000,,22.69,,83.01,61.07
2025-12-28,XEL,3.28,14228000000.0,22.69,,0.453,35.81,,,,,,,,,,,,,,,None,2044000000,2044000000,,,,,,None,684000000,,2.26,0.0305,,,,-0.272,-0.08,738000000,1422000000,1.32,2024-03-31,18.18,,6407000000.0,1605000000,461000000,-27000000,,,None,277000000,None,,None,,,,,488000000,488000000,-277000000,None,0.266,,926000000,679000000,,,,,None,,,,,2.753,2.078,3.094,,,,,,,,0.135,,,2025-10-30,quarterly,1.24,USD,pre-market,None,,0.0224,0.0945,0.074,24.46,None,,,,73.27,78.86,-6.0606,,,,,,,3649000000,,22.69,,83.01,61.07
2025-12-28,XEL,3.28,14228000000.0,22.69,,0.453,35.81,,,,,,,,,,,,,,,None,1914000000,1914000000,,,,,,None,659000000,,2.26,0.0305,,,,-0.272,-0.08,638000000,1297000000,1.32,2023-12-31,18.18,,6407000000.0,1528000000,364000000,-45000000,,,None,265000000,None,,None,,,,,409000000,409000000,-250000000,None,0.266,,953000000,575000000,,,,,None,,,,,2.753,2.078,3.094,,,,,,,,0.135,,,2025-10-30,quarterly,1.24,USD,pre-market,None,,0.0224,0.0945,0.074,24.46,None,,,,73.27,78.86,-6.0606,,,,,,,3442000000,,22.69,,83.01,61.07
2025-12-28,XEL,3.28,14228000000.0,22.69,,0.453,35.81,,,,,,,,,,,,,,,None,1851000000,1851000000,,,,,,None,653000000,,2.26,0.0305,,,,-0.272,-0.08,951000000,1604000000,1.32,2023-09-30,18.18,,6407000000.0,1811000000,696000000,40000000,,,None,255000000,None,,None,,,,,656000000,656000000,-255000000,None,0.266,,896000000,915000000,,,,,None,,,,,2.753,2.078,3.094,,,,,,,,0.135,,,2025-10-30,quarterly,1.24,USD,pre-market,None,,0.0224,0.0945,0.074,24.46,None,,,,73.27,78.86,-6.0606,,,,,,,3662000000,,22.69,,83.01,61.07
2025-12-28,XEL,3.28,14228000000.0,22.69,,0.453,35.81,,,,,,,,,,,,,,,None,1839000000,1839000000,,,,,,None,595000000,,2.26,0.0305,,,,-0.272,-0.08,456000000,1051000000,1.32,2023-06-30,18.18,,6407000000.0,1183000000,200000000,-88000000,,,None,256000000,None,,None,,,,,288000000,288000000,-256000000,None,0.266,,765000000,418000000,,,,,38000000,,,,,2.753,2.078,3.094,,,,,,,,0.135,,,2025-10-30,quarterly,1.24,USD,pre-market,None,,0.0224,0.0945,0.074,24.46,137000000,,,,73.27,78.86,-6.0606,,,,,,,3022000000,,22.69,,83.01,61.07
2025-12-28,XEL,3.28,14228000000.0,22.69,,0.453,35.81,,,,,,,,,,,,,,,None,2623000000,2623000000,,,,,,None,660000000,,2.26,0.0305,,,,-0.272,-0.08,608000000,1268000000,1.32,2023-03-31,18.18,,6407000000.0,1457000000,365000000,-53000000,,,None,243000000,None,,None,,,,,418000000,418000000,-243000000,None,0.266,,884000000,573000000,,,,,35000000,,,,,2.753,2.078,3.094,,,,,,,,0.135,,,2025-10-30,quarterly,1.24,USD,pre-market,None,,0.0224,0.0945,0.074,24.46,184000000,,,,73.27,78.86,-6.0606,,,,,,,4080000000,,22.69,,83.01,61.07
2025-12-28,XEL,3.28,14228000000.0,22.69,,0.453,35.81,,,,,,,,,,,,,,,None,2685000000,2685000000,,,,,,None,642000000,,2.26,0.0305,,,,-0.272,-0.08,532000000,1174000000,1.32,2022-12-31,18.18,,6407000000.0,1368000000,324000000,-55000000,,,None,231000000,None,,None,,,,,379000000,379000000,-239000000,None,0.266,,843000000,525000000,,,,,38000000,,,,,2.753,2.078,3.094,,,,,,,,0.135,,,2025-10-30,quarterly,1.24,USD,pre-market,None,,0.0224,0.0945,0.074,24.46,165000000,,,,73.27,78.86,-6.0606,,,,,,,4053000000,,22.69,,83.01,61.07
2025-12-28,XEL,3.28,14228000000.0,22.69,,0.453,35.81,,,,,,,,,,,,,,,None,2292000000,2292000000,,,,,,None,641000000,,2.26,0.0305,,,,-0.272,-0.08,922000000,1563000000,1.32,2022-09-30,18.18,,6407000000.0,1790000000,693000000,44000000,,,None,237000000,None,,None,,,,,649000000,649000000,-237000000,None,0.266,,866000000,924000000,,,,,6000000,,,,,2.753,2.078,3.094,,,,,,,,0.135,,,2025-10-30,quarterly,1.24,USD,pre-market,None,,0.0224,0.0945,0.074,24.46,173000000,,,,73.27,78.86,-6.0606,,,,,,,4082000000,,22.69,,83.01,61.07
2025-12-28,XEL,3.28,14228000000.0,22.69,,0.453,35.81,,,,,,,,,,,,,,,None,2057000000,2057000000,,,,,,None,674000000,,2.26,0.0305,,,,-0.272,-0.08,494000000,1168000000,1.32,2022-06-30,18.18,,6407000000.0,1367000000,254000000,-74000000,,,None,240000000,None,,None,,,,,328000000,328000000,-240000000,None,0.266,,898000000,469000000,,,,,25000000,,,,,2.753,2.078,3.094,,,,,,,,0.135,,,2025-10-30,quarterly,1.24,USD,pre-market,None,,0.0224,0.0945,0.074,24.46,179000000,,,,73.27,78.86,-6.0606,,,,,,,3424000000,,22.69,,83.01,61.07
2025-12-28,XEL,3.28,14228000000.0,22.69,,0.453,35.81,,,,,,,,,,,,,,,None,2416000000,2416000000,,,,,,None,597000000,,2.26,0.0305,,,,-0.272,-0.08,539000000,1136000000,1.32,2022-03-31,18.18,,6407000000.0,1335000000,330000000,-50000000,,,None,209000000,None,,None,,,,,380000000,380000000,-209000000,None,0.266,,825000000,510000000,,,,,29000000,,,,,2.753,2.078,3.094,,,,,,,,0.135,,,2025-10-30,quarterly,1.24,USD,pre-market,None,,0.0224,0.0945,0.074,24.46,171000000,,,,73.27,78.86,-6.0606,,,,,,,3751000000,,22.69,,83.01,61.07
2025-12-28,XEL,3.28,14228000000.0,22.69,,0.453,35.81,,,,,,,,,,,,,,,None,2147000000,2147000000,,,,,,None,574000000,,2.26,0.0305,,,,-0.272,-0.08,439000000,1013000000,1.32,2021-12-31,18.18,,6407000000.0,1208000000,262000000,-53000000,,,None,206000000,None,,None,,,,,315000000,315000000,-206000000,None,0.266,,775000000,433000000,,,,,35000000,,,,,2.753,2.078,3.094,,,,,,,,0.135,,,2025-10-30,quarterly,1.24,USD,pre-market,None,,0.0224,0.0945,0.074,24.46,158000000,,,,73.27,78.86,-6.0606,,,,,,,3355000000,,22.69,,83.01,61.07
2025-12-28,XEL,3.28,14228000000.0,22.69,,0.453,35.81,,,,,,,,,,,,,,,None,1875000000,1875000000,,,,,,None,584000000,,2.26,0.0305,,,,-0.272,-0.08,856000000,1440000000,1.32,2021-09-30,18.18,,6407000000.0,1592000000,652000000,43000000,,,None,204000000,None,,None,,,,,609000000,609000000,-204000000,None,0.266,,767000000,825000000,,,,,31000000,,,,,2.753,2.078,3.094,,,,,,,,0.135,,,2025-10-30,quarterly,1.24,USD,pre-market,None,,0.0224,0.0945,0.074,24.46,152000000,,,,73.27,78.86,-6.0606,,,,,,,3467000000,,22.69,,83.01,61.07
2025-12-28,XEL,3.28,14228000000.0,22.69,,0.453,35.81,,,,,,,,,,,,,,,None,1874000000,1874000000,,,,,,None,552000000,,2.26,0.0305,,,,-0.272,-0.08,479000000,1031000000,1.32,2021-06-30,18.18,,6407000000.0,1194000000,273000000,-38000000,,,None,206000000,None,,None,,,,,311000000,311000000,-206000000,None,0.266,,756000000,438000000,,,,,41000000,,,,,2.753,2.078,3.094,,,,,,,,0.135,,,2025-10-30,quarterly,1.24,USD,pre-market,None,,0.0224,0.0945,0.074,24.46,157000000,,,,73.27,78.86,-6.0606,,,,,,,3068000000,,22.69,,83.01,61.07
2025-12-28,XEL,3.28,14228000000.0,22.69,,0.453,35.81,,,,,,,,,,,,,,,None,2277000000,2277000000,,,,,,None,547000000,,2.26,0.0305,,,,-0.272,-0.08,540000000,1087000000,1.32,2021-03-31,18.18,,6407000000.0,1264000000,340000000,-22000000,,,None,200000000,None,,None,,,,,362000000,362000000,-200000000,None,0.266,,757000000,507000000,,,,,33000000,,,,,2.753,2.078,3.094,,,,,,,,0.135,,,2025-10-30,quarterly,1.24,USD,pre-market,None,,0.0224,0.0945,0.074,24.46,163000000,,,,73.27,78.86,-6.0606,,,,,,,3541000000,,22.69,,83.01,61.07
2025-12-28,XEL,3.28,14228000000.0,22.69,,0.453,35.81,,,,,,,,,,,,,,,None,1790000000,1790000000,,,,,,None,529000000,,2.26,0.0305,,,,-0.272,-0.08,482000000,1011000000,1.32,2020-12-31,18.18,,6407000000.0,1157000000,258000000,-30000000,,,None,203000000,None,,None,,,,,288000000,288000000,-203000000,None,0.266,,731000000,426000000,,,,,35000000,,,,,2.753,2.078,3.094,,,,,,,,0.135,,,2025-10-30,quarterly,1.24,USD,pre-market,None,,0.0224,0.0945,0.074,24.46,159000000,,,,73.27,78.86,-6.0606,,,,,,,2947000000,,22.69,,83.01,61.07
2025-12-28,XEL,3.28,14228000000.0,22.69,,0.453,35.81,,,,,,,,,,,,,,,None,1625000000,1625000000,,,,,,None,546000000,,2.26,0.0305,,,,-0.272,-0.08,856000000,1402000000,1.32,2020-09-30,18.18,,6407000000.0,1557000000,646000000,43000000,,,None,210000000,None,,None,,,,,603000000,603000000,-210000000,None,0.266,,744000000,813000000,,,,,43000000,,,,,2.753,2.078,3.094,,,,,,,,0.135,,,2025-10-30,quarterly,1.24,USD,pre-market,None,,0.0224,0.0945,0.074,24.46,158000000,,,,73.27,78.86,-6.0606,,,,,,,3182000000,,22.69,,83.01,61.07
2025-12-28,XEL,3.28,14228000000.0,22.69,,0.453,35.81,,,,,,,,,,,,,,,None,1477000000,1477000000,,,,,,None,508000000,,2.26,0.0305,,,,-0.272,-0.08,463000000,971000000,1.32,2020-06-30,18.18,,6407000000.0,1109000000,274000000,-13000000,,,None,196000000,None,,None,,,,,287000000,287000000,-196000000,None,0.266,,687000000,422000000,,,,,48000000,,,,,2.753,2.078,3.094,,,,,,,,0.135,,,2025-10-30,quarterly,1.24,USD,pre-market,None,,0.0224,0.0945,0.074,24.46,146000000,,,,73.27,78.86,-6.0606,,,,,,,2586000000,,22.69,,83.01,61.07
2025-12-28,XEL,3.28,14228000000.0,22.69,,0.453,35.81,,,,,,,,,,,,,,,None,1670000000,1670000000,,,,,,None,499000000,,2.26,0.0305,,,,-0.272,-0.08,471000000,970000000,1.32,2020-03-31,18.18,,6407000000.0,1141000000,289000000,-6000000,,,None,196000000,171000000,,None,,,,,295000000,295000000,-189000000,None,0.266,,686000000,455000000,,,,,23000000,,,,,2.753,2.078,3.094,,,,,,,,0.135,,,2025-10-30,quarterly,1.24,USD,pre-market,None,,0.0224,0.0945,0.074,24.46,149000000,,,,73.27,78.86,-6.0606,,,,,,,2811000000,,22.69,,83.01,61.07
2025-12-28,XEL,3.28,14228000000.0,22.69,,0.453,35.81,,,,,,,,,,,,,,,None,1689000000,1689000000,,,,,,None,483000000,,2.26,0.0305,,,,-0.272,-0.08,477000000,960000000,1.32,2019-12-31,18.18,,6407000000.0,1109000000,299000000,7000000,,,None,184000000,168000000,,None,,,,,292000000,292000000,-185000000,None,0.266,,659000000,450000000,,,,,35000000,,,,,2.753,2.078,3.094,,,,,,,,0.135,,,2025-10-30,quarterly,1.24,USD,pre-market,None,,0.0224,0.0945,0.074,24.46,72000000,,,,73.27,78.86,-6.0606,,,,,,,2798000000,,22.69,,83.01,61.07
2025-12-28,XEL,3.28,14228000000.0,22.69,,0.453,35.81,,,,,,,,,,,,,,,None,1596000000,1596000000,,,,,,None,482000000,,2.26,0.0305,,,,-0.272,-0.08,785000000,1267000000,1.32,2019-09-30,18.18,,6407000000.0,1417000000,599000000,72000000,,,None,191000000,176000000,,None,,,,,527000000,527000000,-192000000,None,0.266,,659000000,758000000,,,,,33000000,,,,,2.753,2.078,3.094,,,,,,,,0.135,,,2025-10-30,quarterly,1.24,USD,pre-market,None,,0.0224,0.0945,0.074,24.46,212000000,,,,73.27,78.86,-6.0606,,,,,,,3013000000,,22.69,,83.01,61.07
2025-12-28,XEL,3.28,14228000000.0,22.69,,0.453,35.81,,,,,,,,,,,,,,,None,1521000000,1521000000,,,,,,None,470000000,,2.26,0.0305,,,,-0.272,-0.08,435000000,905000000,1.32,2019-06-30,18.18,,6407000000.0,1056000000,262000000,24000000,,,None,178000000,164000000,,None,,,,,238000000,238000000,-179000000,None,0.266,,646000000,410000000,,,,,31000000,,,,,2.753,2.078,3.094,,,,,,,,0.135,,,2025-10-30,quarterly,1.24,USD,pre-market,None,,0.0224,0.0945,0.074,24.46,207000000,,,,73.27,78.86,-6.0606,,,,,,,2577000000,,22.69,,83.01,61.07
2025-12-28,XEL,3.28,14228000000.0,22.69,,0.453,35.81,,,,,,,,,,,,,,,None,2000000000,2000000000,,,,,,None,469000000,,2.26,0.0305,,,,-0.272,-0.08,513000000,982000000,1.32,2019-03-31,18.18,,6407000000.0,1141000000,340000000,25000000,,,None,180000000,164000000,,None,,,,,315000000,315000000,-179000000,None,0.266,,655000000,486000000,,,,,33000000,,,,,2.753,2.078,3.094,,,,,,,,0.135,,,2025-10-30,quarterly,1.24,USD,pre-market,None,,0.0224,0.0945,0.074,24.46,222000000,,,,73.27,78.86,-6.0606,,,,,,,3141000000,,22.69,,83.01,61.07
2025-12-28,XEL,3.28,14228000000.0,22.69,,0.453,35.81,,,,,,,,,,,,,,,None,1885000000,1885000000,,,,,,None,442000000,,2.26,0.0305,,,,-0.272,-0.08,399000000,841000000,1.32,2018-12-31,18.18,,6407000000.0,995000000,209000000,-6000000,,,None,177000000,None,,None,,,,,214000000,214000000,None,None,0.266,,656000000,339000000,,,,,34000000,,,,,2.753,2.078,3.094,,,,,,,,0.135,,,2025-10-30,quarterly,1.24,USD,pre-market,0,,0.0224,0.0945,0.074,24.46,2000000,,,,73.27,78.86,-6.0606,,,,,,,2880000000,,22.69,,83.01,61.07
2025-12-28,XEL,3.28,14228000000.0,22.69,,0.453,35.81,,,,,,,,,,,,,,,None,1700000000,1700000000,,,,,,None,440000000,,2.26,0.0305,,,,-0.272,-0.08,756000000,1196000000,1.32,2018-09-30,18.18,,6407000000.0,1348000000,564000000,73000000,,,None,165000000,None,,None,,,,,491000000,491000000,None,None,0.266,,652000000,696000000,,,,,32000000,,,,,2.753,2.078,3.094,,,,,,,,0.135,,,2025-10-30,quarterly,1.24,USD,pre-market,0,,0.0224,0.0945,0.074,24.46,212000000,,,,73.27,78.86,-6.0606,,,,,,,3048000000,,22.69,,83.01,61.07
2025-12-28,XEL,3.28,14228000000.0,22.69,,0.453,35.81,,,,,,,,,,,,,,,None,1625000000,1625000000,,,,,,None,377000000,,2.26,0.0305,,,,-0.272,-0.08,513000000,890000000,1.32,2018-06-30,18.18,,6407000000.0,1033000000,319000000,54000000,,,None,165000000,None,,None,,,,,265000000,265000000,None,None,0.266,,583000000,450000000,,,,,33000000,,,,,2.753,2.078,3.094,,,,,,,,0.135,,,2025-10-30,quarterly,1.24,USD,pre-market,0,,0.0224,0.0945,0.074,24.46,2000000,,,,73.27,78.86,-6.0606,,,,,,,2658000000,,22.69,,83.01,61.07
2025-12-28,XEL,3.28,14228000000.0,22.69,,0.453,35.81,,,,,,,,,,,,,,,None,1872000000,1872000000,,,,,,None,383000000,,2.26,0.0305,,,,-0.272,-0.08,539000000,922000000,1.32,2018-03-31,18.18,,6407000000.0,1079000000,350000000,59000000,,,None,160000000,None,,None,,,,,291000000,291000000,None,None,0.266,,599000000,480000000,,,,,30000000,,,,,2.753,2.078,3.094,,,,,,,,0.135,,,2025-10-30,quarterly,1.24,USD,pre-market,0,,0.0224,0.0945,0.074,24.46,216000000,,,,73.27,78.86,-6.0606,,,,,,,2951000000,,22.69,,83.01,61.07
2025-12-28,XEL,3.28,14228000000.0,22.69,,0.453,35.81,,,,,,,,,,,,,,,None,1791750000,1791750000,,,,,,None,378000000,,2.26,0.0305,,,,-0.272,-0.08,486494000,864494000,1.32,2017-12-31,18.18,,6407000000.0,1004003000,307000000,118000000,,,None,150000000,None,,None,,,,,189326000,189326000,None,None,0.266,,578273000,426000000,,,,,37179000,,,,,2.753,2.078,3.094,,,,,,,,0.135,,,2025-10-30,quarterly,1.24,USD,pre-market,0,,0.0224,0.0945,0.074,24.46,451000,,,,73.27,78.86,-6.0606,,,,,,,2795753000,,22.69,,83.01,61.07
2025-12-28,XEL,3.28,14228000000.0,22.69,,0.453,35.81,,,,,,,,,,,,,,,None,1614000000,1614000000,,,,,,None,371091000,,2.26,0.0305,,,,-0.272,-0.08,881909000,1253000000,1.32,2017-09-30,18.18,,6407000000.0,1403000000,696932000,204791000,,,None,159000000,None,,None,,,,,492000000,492141000,None,None,0.266,,579000000,818359000,,,,,35652000,,,,,2.753,2.078,3.094,,,,,,,,0.135,,,2025-10-30,quarterly,1.24,USD,pre-market,0,,0.0224,0.0945,0.074,24.46,528000,,,,73.27,78.86,-6.0606,,,,,,,3017000000,,22.69,,83.01,61.07
2025-12-28,XEL,3.28,14228000000.0,22.69,,0.453,35.81,,,,,,,,,,,,,,,None,1613000000,1613000000,,,,,,None,365720000,,2.26,0.0305,,,,-0.272,-0.08,509280000,875000000,1.32,2017-06-30,18.18,,6407000000.0,1032000000,329645000,102389000,,,None,158000000,None,,None,,,,,227000000,227256000,None,None,0.266,,566000000,459692000,,,,,26535000,,,,,2.753,2.078,3.094,,,,,,,,0.135,,,2025-10-30,quarterly,1.24,USD,pre-market,0,,0.0224,0.0945,0.074,24.46,1022000,,,,73.27,78.86,-6.0606,,,,,,,2645000000,,22.69,,83.01,61.07
2025-12-28,XEL,3.28,14228000000.0,22.69,,0.453,35.81,,,,,,,,,,,,,,,None,1879000000,1879000000,,,,,,None,365204000,,2.26,0.0305,,,,-0.272,-0.08,543796000,909000000,1.32,2017-03-31,18.18,,6407000000.0,1067000000,355941000,116664000,,,None,157553000,None,,None,,,,,239000000,239277000,None,None,0.266,,575000000,486219000,,,,,28634000,,,,,2.753,2.078,3.094,,,,,,,,0.135,,,2025-10-30,quarterly,1.24,USD,pre-market,0,,0.0224,0.0945,0.074,24.46,999000,,,,73.27,78.86,-6.0606,,,,,,,2946000000,,22.69,,83.01,61.07
2025-12-28,XEL,3.28,14228000000.0,22.69,,0.453,35.81,,,,,,,,,,,,,,,None,1798548000,1798548000,,,,,,None,332146000,,2.26,0.0305,,,,-0.272,-0.08,517327000,849473000,1.32,2016-12-31,18.18,,6407000000.0,996103000,337235000,109758000,,,None,153416000,None,,None,,,,,227477000,227477000,None,None,0.266,,530753000,465350000,,,,,26690000,,,,,2.753,2.078,3.094,,,,,,,,0.135,,,2025-10-30,quarterly,1.24,USD,pre-market,0,,0.0224,0.0945,0.074,24.46,805000,,,,73.27,78.86,-6.0606,,,,,,,2794651000,,22.69,,83.01,61.07
2025-12-28,XEL,3.28,14228000000.0,22.69,,0.453,35.81,,,,,,,,,,,,,,,None,1703486000,1703486000,,,,,,None,328503000,,2.26,0.0305,,,,-0.272,-0.08,883523000,1212026000,1.32,2016-09-30,18.18,,6407000000.0,1336661000,696207000,238412000,,,None,156823000,None,,None,,,,,457795000,457795000,None,None,0.266,,509607000,827054000,,,,,27478000,,,,,2.753,2.078,3.094,,,,,,,,0.135,,,2025-10-30,quarterly,1.24,USD,pre-market,0,,0.0224,0.0945,0.074,24.46,1148000,,,,73.27,78.86,-6.0606,,,,,,,3040147000,,22.69,,83.01,61.07
2025-12-28,XEL,3.28,14228000000.0,22.69,,0.453,35.81,,,,,,,,,,,,,,,None,1551349000,1551349000,,,,,,None,322534000,,2.26,0.0305,,,,-0.272,-0.08,487416000,809950000,1.32,2016-06-30,18.18,,6407000000.0,948500000,301192000,104397000,,,None,149666000,None,,None,,,,,196795000,206412000,None,None,0.266,,516919000,431581000,,,,,25907000,,,,,2.753,2.078,3.094,,,,,,,,0.135,,,2025-10-30,quarterly,1.24,USD,pre-market,0,,0.0224,0.0945,0.074,24.46,920000,,,,73.27,78.86,-6.0606,,,,,,,2499849000,,22.69,,83.01,61.07
2025-12-28,XEL,3.28,14228000000.0,22.69,,0.453,35.81,,,,,,,,,,,,,,,None,1759624000,1759624000,,,,,,None,320020000,,2.26,0.0305,,,,-0.272,-0.08,543570000,863590000,1.32,2016-03-31,18.18,,6407000000.0,1012649000,369962000,128650000,,,None,144117000,None,,None,,,,,241312000,241312000,None,None,0.266,,522779000,489870000,,,,,30545000,,,,,2.753,2.078,3.094,,,,,,,,0.135,,,2025-10-30,quarterly,1.24,USD,pre-market,0,,0.0224,0.0945,0.074,24.46,500000,,,,73.27,78.86,-6.0606,,,,,,,2772273000,,22.69,,83.01,61.07
2025-12-28,XEL,3.28,14228000000.0,22.69,,0.453,35.81,,,,,,,,,,,,,,,None,1726452000,1726452000,,,,,,None,296703000,,2.26,0.0305,,,,-0.272,-0.08,488244000,784947000,1.32,2015-12-31,18.18,,6407000000.0,919369000,319254000,110229000,,,None,140289000,None,,None,,,,,209025000,209025000,None,None,0.266,,478359000,441010000,,,,,24890000,,,,,2.753,2.078,3.094,,,,,,,,0.135,,,2025-10-30,quarterly,1.24,USD,pre-market,0,,0.0224,0.0945,0.074,24.46,2273000,,,,73.27,78.86,-6.0606,,,,,,,2645821000,,22.69,,83.01,61.07
2025-12-28,XEL,3.28,14228000000.0,22.69,,0.453,35.81,,,,,,,,,,,,,,,None,1654984000,1654984000,,,,,,None,280121000,,2.26,0.0305,,,,-0.272,-0.08,842759000,1122880000,1.32,2015-09-30,18.18,,6407000000.0,1246328000,665492000,239029000,,,None,139275000,None,,None,,,,,426463000,426463000,None,None,0.266,,460516000,785812000,,,,,25215000,,,,,2.753,2.078,3.094,,,,,,,,0.135,,,2025-10-30,quarterly,1.24,USD,pre-market,0,,0.0224,0.0945,0.074,24.46,-689000,,,,73.27,78.86,-6.0606,,,,,,,2901312000,,22.69,,83.01,61.07
2025-12-28,XEL,3.28,14228000000.0,22.69,,0.453,35.81,,,,,,,,,,,,,,,None,1633815000,1633815000,,,,,,None,274602000,,2.26,0.0305,,,,-0.272,-0.08,464427000,739029000,1.32,2015-06-30,18.18,,6407000000.0,881319000,306812000,109881000,,,None,132196000,None,,None,,,,,196931000,196931000,None,None,0.266,,458474000,422845000,,,,,22024000,,,,,2.753,2.078,3.094,,,,,,,,0.135,,,2025-10-30,quarterly,1.24,USD,pre-market,0,,0.0224,0.0945,0.074,24.46,222000,,,,73.27,78.86,-6.0606,,,,,,,2515134000,,22.69,,83.01,61.07
2025-12-28,XEL,3.28,14228000000.0,22.69,,0.453,35.81,,,,,,,,,,,,,,,None,2018382000,2018382000,,,,,,None,273098000,,2.26,0.0305,,,,-0.272,-0.08,401499000,674597000,1.32,2015-03-31,18.18,,6407000000.0,943837000,235646000,83580000,,,None,133098000,None,,None,,,,,152066000,152066000,None,None,0.266,,592992000,350845000,,,,,23597000,,,,,2.753,2.078,3.094,,,,,,,,0.135,,,2025-10-30,quarterly,1.24,USD,pre-market,0,,0.0224,0.0945,0.074,24.46,2045000,,,,73.27,78.86,-6.0606,,,,,,,2962219000,,22.69,,83.01,61.07
2025-12-28,XEL,3.28,14228000000.0,22.69,,0.453,35.81,,,,,,,,,,,,,,,None,2089860000,2089860000,,,,,,None,262400000,,2.26,0.0305,,,,-0.272,-0.08,441089000,703489000,1.32,2014-12-31,18.18,,6407000000.0,838768000,284156000,87817000,,,None,130260000,None,,None,,,,,196339000,196339000,None,None,0.266,,447518000,391250000,,,,,29008000,,,,,2.753,2.078,3.094,,,,,,,,0.135,,,2025-10-30,quarterly,1.24,USD,pre-market,0,,0.0224,0.0945,0.074,24.46,2260000,,,,73.27,78.86,-6.0606,,,,,,,2928628000,,22.69,,83.01,61.07
2025-12-28,XEL,3.28,14228000000.0,22.69,,0.453,35.81,,,,,,,,,,,,,,,None,1755602000,1755602000,,,,,,None,255395000,,2.26,0.0305,,,,-0.272,-0.08,728294000,983689000,1.32,2014-09-30,18.18,,6407000000.0,1114205000,564551000,195969000,,,None,127534000,None,,None,,,,,368582000,368582000,None,None,0.266,,448525000,665680000,,,,,32142000,,,,,2.753,2.078,3.094,,,,,,,,0.135,,,2025-10-30,quarterly,1.24,USD,pre-market,0,,0.0224,0.0945,0.074,24.46,417000,,,,73.27,78.86,-6.0606,,,,,,,2869807000,,22.69,,83.01,61.07
2025-12-28,XEL,3.28,14228000000.0,22.69,,0.453,35.81,,,,,,,,,,,,,,,None,1845469000,1845469000,,,,,,None,255307000,,2.26,0.0305,,,,-0.272,-0.08,458963000,714270000,1.32,2014-06-30,18.18,,6407000000.0,839627000,299422000,104258000,,,None,123673000,None,,None,,,,,195164000,195164000,None,None,0.266,,442419000,397208000,,,,,31501000,,,,,2.753,2.078,3.094,,,,,,,,0.135,,,2025-10-30,quarterly,1.24,USD,pre-market,0,,0.0224,0.0945,0.074,24.46,2438000,,,,73.27,78.86,-6.0606,,,,,,,2685096000,,22.69,,83.01,61.07
2025-12-28,XEL,3.28,14228000000.0,22.69,,0.453,35.81,,,,,,,,,,,,,,,None,2260421000,2260421000,,,,,,None,245943000,,2.26,0.0305,,,,-0.272,-0.08,554008000,799951000,1.32,2014-03-31,18.18,,6407000000.0,942183000,396992000,135771000,,,None,123754000,None,,None,,,,,261221000,261221000,None,None,0.266,,448191000,493992000,,,,,32546000,,,,,2.753,2.078,3.094,,,,,,,,0.135,,,2025-10-30,quarterly,1.24,USD,pre-market,0,,0.0224,0.0945,0.074,24.46,1808000,,,,73.27,78.86,-6.0606,,,,,,,3202604000,,22.69,,83.01,61.07
2025-12-28,XEL,3.28,14228000000.0,22.69,,0.453,35.81,,,,,,,,,,,,,,,None,1980335000,1980335000,,,,,,None,256732000,,2.26,0.0305,,,,-0.272,-0.08,376853000,633585000,1.32,2013-12-31,18.18,,6407000000.0,750487000,223355000,73300000,,,None,127368000,None,,None,,,,,150055000,150228000,None,None,0.266,,424905000,325582000,,,,,31218000,,,,,2.753,2.078,3.094,,,,,,,,0.135,,,2025-10-30,quarterly,1.24,USD,pre-market,0,,0.0224,0.0945,0.074,24.46,2360000,,,,73.27,78.86,-6.0606,,,,,,,2730822000,,22.69,,83.01,61.07
2025-12-28,XEL,3.28,14228000000.0,22.69,,0.453,35.81,,,,,,,,,,,,,,,None,1755636000,1755636000,,,,,,None,228491000,,2.26,0.0305,,,,-0.272,-0.08,718682000,947173000,1.32,2013-09-30,18.18,,6407000000.0,1066702000,557885000,193349000,,,None,129361000,None,,None,,,,,364752000,364536000,None,None,0.266,,401589000,665113000,,,,,28153000,,,,,2.753,2.078,3.094,,,,,,,,0.135,,,2025-10-30,quarterly,1.24,USD,pre-market,0,,0.0224,0.0945,0.074,24.46,2386000,,,,73.27,78.86,-6.0606,,,,,,,2822338000,,22.69,,83.01,61.07
2025-12-28,XEL,3.28,14228000000.0,22.69,,0.453,35.81,,,,,,,,,,,,,,,None,1770247000,1770247000,,,,,,None,243934000,,2.26,0.0305,,,,-0.272,-0.08,452741000,696675000,1.32,2013-06-30,18.18,,6407000000.0,808666000,295775000,98893000,,,None,124283000,None,,None,,,,,196857000,196882000,None,None,0.266,,406430000,402236000,,,,,30051000,,,,,2.753,2.078,3.094,,,,,,,,0.135,,,2025-10-30,quarterly,1.24,USD,pre-market,0,,0.0224,0.0945,0.074,24.46,1407000,,,,73.27,78.86,-6.0606,,,,,,,2578913000,,22.69,,83.01,61.07
2025-12-28,XEL,3.28,14228000000.0,22.69,,0.453,35.81,,,,,,,,,,,,,,,None,1902060000,1902060000,,,,,,None,248706000,,2.26,0.0305,,,,-0.272,-0.08,511888000,760594000,1.32,2013-03-31,18.18,,6407000000.0,880789000,355022000,118434000,,,None,125046000,None,,None,,,,,236570000,236588000,None,None,0.266,,426165000,454624000,,,,,31253000,,,,,2.753,2.078,3.094,,,,,,,,0.135,,,2025-10-30,quarterly,1.24,USD,pre-market,0,,0.0224,0.0945,0.074,24.46,2139000,,,,73.27,78.86,-6.0606,,,,,,,2782849000,,22.69,,83.01,61.07
2025-12-28,XEL,3.28,14228000000.0,22.69,,0.453,35.81,,,,,,,,,,,,,,,None,3406910000,3406910000,,,,,,None,231689000,,2.26,0.0305,,,,-0.272,-0.08,347552000,579241000,1.32,2012-12-31,18.18,,6407000000.0,-855775000,210250000,70042000,,,None,127565000,None,,None,,,,,140170000,140208000,None,None,0.266,,-1172172000,316397000,,,,,27379000,,,,,2.753,2.078,3.094,,,,,,,,0.135,,,2025-10-30,quarterly,1.24,USD,pre-market,0,,0.0224,0.0945,0.074,24.46,183877000,,,,73.27,78.86,-6.0606,,,,,,,2551135000,,22.69,,83.01,61.07
2025-12-28,XEL,3.28,14228000000.0,22.69,,0.453,35.81,,,,,,,,,,,,,,,None,1595300000,1595300000,,,,,,None,239051000,,2.26,0.0305,,,,-0.272,-0.08,772130000,1011181000,1.32,2012-09-30,18.18,,6407000000.0,1129041000,600992000,202845000,,,None,143280000,None,,None,,,,,398106000,398147000,None,None,0.266,,408607000,720434000,,,,,23838000,,,,,2.753,2.078,3.094,,,,,,,,0.135,,,2025-10-30,quarterly,1.24,USD,pre-market,0,,0.0224,0.0945,0.074,24.46,2042000,,,,73.27,78.86,-6.0606,,,,,,,2724341000,,22.69,,83.01,61.07
2025-12-28,XEL,3.28,14228000000.0,22.69,,0.453,35.81,,,,,,,,,,,,,,,None,1484090000,1484090000,,,,,,None,226641000,,2.26,0.0305,,,,-0.272,-0.08,451222000,677863000,1.32,2012-06-30,18.18,,6407000000.0,790578000,284876000,101801000,,,None,151921000,None,,None,,,,,183060000,183075000,None,None,0.266,,384888000,405690000,,,,,23424000,,,,,2.753,2.078,3.094,,,,,,,,0.135,,,2025-10-30,quarterly,1.24,USD,pre-market,0,,0.0224,0.0945,0.074,24.46,1061000,,,,73.27,78.86,-6.0606,,,,,,,2274668000,,22.69,,83.01,61.07
2025-12-28,XEL,3.28,14228000000.0,22.69,,0.453,35.81,,,,,,,,,,,,,,,None,1799914000,1799914000,,,,,,None,228672000,,2.26,0.0305,,,,-0.272,-0.08,428852000,657524000,1.32,2012-03-31,18.18,,6407000000.0,778165000,259284000,75515000,,,None,151830000,None,,None,,,,,183893000,183769000,None,None,0.266,,398003000,380162000,,,,,24345000,,,,,2.753,2.078,3.094,,,,,,,,0.135,,,2025-10-30,quarterly,1.24,USD,pre-market,0,,0.0224,0.0945,0.074,24.46,2799000,,,,73.27,78.86,-6.0606,,,,,,,2578079000,,22.69,,83.01,61.07
2025-12-28,XEL,3.28,14228000000.0,22.69,,0.453,35.81,,,,,,,,,,,,,,,None,1298935000,1298935000,,,,,,None,194303000,,2.26,0.0305,,,,-0.272,-0.08,402038000,596341000,1.32,2011-12-31,18.18,,6407000000.0,1269475000,219419000,78478000,,,None,145789000,None,,None,,,,,140509000,140941000,None,None,0.266,,925474000,344001000,,,,,21207000,,,,,2.753,2.078,3.094,,,,,,,,0.135,,,2025-10-30,quarterly,1.24,USD,pre-market,0,,0.0224,0.0945,0.074,24.46,69303000,,,,73.27,78.86,-6.0606,,,,,,,2568410000,,22.69,,83.01,61.07
2025-12-28,XEL,3.28,14228000000.0,22.69,,0.453,35.81,,,,,,,,,,,,,,,None,1244513000,1244513000,,,,,,None,242329000,,2.26,0.0305,,,,-0.272,-0.08,709463000,951792000,1.32,2011-09-30,18.18,,6407000000.0,1587085000,531599000,193304000,,,None,141710000,None,,None,,,,,333658000,338295000,None,None,0.266,,935589000,651496000,,,,,21813000,,,,,2.753,2.078,3.094,,,,,,,,0.135,,,2025-10-30,quarterly,1.24,USD,pre-market,0,,0.0224,0.0945,0.074,24.46,71280000,,,,73.27,78.86,-6.0606,,,,,,,2831598000,,22.69,,83.01,61.07
2025-12-28,XEL,3.28,14228000000.0,22.69,,0.453,35.81,,,,,,,,,,,,,,,None,1159360000,1159360000,,,,,,None,229264000,,2.26,0.0305,,,,-0.272,-0.08,412255000,641519000,1.32,2011-06-30,18.18,,6407000000.0,1278862000,243204000,84533000,,,None,146338000,None,,None,,,,,157702000,158671000,None,None,0.266,,919420000,359442000,,,,,22262000,,,,,2.753,2.078,3.094,,,,,,,,0.135,,,2025-10-30,quarterly,1.24,USD,pre-market,0,,0.0224,0.0945,0.074,24.46,65497000,,,,73.27,78.86,-6.0606,,,,,,,2438222000,,22.69,,83.01,61.07
2025-12-28,XEL,3.28,14228000000.0,22.69,,0.453,35.81,,,,,,,,,,,,,,,None,1483259000,1483259000,,,,,,None,224723000,,2.26,0.0305,,,,-0.272,-0.08,489867000,714590000,1.32,2011-03-31,18.18,,6407000000.0,1333281000,315468000,112001000,,,None,136918000,None,,None,,,,,202509000,203467000,None,None,0.266,,906618000,426663000,,,,,25723000,,,,,2.753,2.078,3.094,,,,,,,,0.135,,,2025-10-30,quarterly,1.24,USD,pre-market,0,,0.0224,0.0945,0.074,24.46,75298000,,,,73.27,78.86,-6.0606,,,,,,,2816540000,,22.69,,83.01,61.07
2025-12-28,XEL,3.28,14228000000.0,22.69,,0.453,35.81,,,,,,,,,,,,,,,None,1321888000,1321888000,,,,,,None,251316000,,2.26,0.0305,,,,-0.272,-0.08,347296000,598612000,1.32,2010-12-31,18.18,,6407000000.0,1245046000,208174000,71671000,,,None,139122000,None,,None,,,,,135573000,136503000,None,None,0.266,,922676000,322370000,,,,,24926000,,,,,2.753,2.078,3.094,,,,,,,,0.135,,,2025-10-30,quarterly,1.24,USD,pre-market,0,,0.0224,0.0945,0.074,24.46,65376000,,,,73.27,78.86,-6.0606,,,,,,,2566934000,,22.69,,83.01,61.07
2025-12-28,XEL,3.28,14228000000.0,22.69,,0.453,35.81,,,,,,,,,,,,,,,None,1186200000,1186200000,,,,,,None,254868000,,2.26,0.0305,,,,-0.272,-0.08,623537000,878405000,1.32,2010-09-30,18.18,,6407000000.0,1442587000,478688000,166200000,,,None,138526000,None,,None,,,,,311246000,312488000,None,None,0.266,,873957000,568630000,,,,,48584000,,,,,2.753,2.078,3.094,,,,,,,,0.135,,,2025-10-30,quarterly,1.24,USD,pre-market,0,,0.0224,0.0945,0.074,24.46,60861000,,,,73.27,78.86,-6.0606,,,,,,,2628787000,,22.69,,83.01,61.07
2025-12-28,XEL,3.28,14228000000.0,22.69,,0.453,35.81,,,,,,,,,,,,,,,None,1117755000,1117755000,,,,,,None,234910000,,2.26,0.0305,,,,-0.272,-0.08,347371000,582281000,1.32,2010-06-30,18.18,,6407000000.0,1190009000,212491000,76866000,,,None,134880000,None,,None,,,,,138716000,135625000,None,None,0.266,,864705000,325304000,,,,,22067000,,,,,2.753,2.078,3.094,,,,,,,,0.135,,,2025-10-30,quarterly,1.24,USD,pre-market,0,,0.0224,0.0945,0.074,24.46,55551000,,,,73.27,78.86,-6.0606,,,,,,,2307764000,,22.69,,83.01,61.07
2025-12-28,XEL,3.28,14228000000.0,22.69,,0.453,35.81,,,,,,,,,,,,,,,None,1577283000,1577283000,,,,,,None,206126000,,2.26,0.0305,,,,-0.272,-0.08,463403000,669529000,1.32,2010-03-31,18.18,,6407000000.0,1230179000,289238000,121898000,,,None,136093000,None,,None,,,,,166058000,167340000,None,None,0.266,,826514000,403665000,,,,,21666000,,,,,2.753,2.078,3.094,,,,,,,,0.135,,,2025-10-30,quarterly,1.24,USD,pre-market,0,,0.0224,0.0945,0.074,24.46,58039000,,,,73.27,78.86,-6.0606,,,,,,,2807462000,,22.69,,83.01,61.07
2025-12-28,XEL,3.28,14228000000.0,22.69,,0.453,35.81,,,,,,,,,,,,,,,None,1433026000,1433026000,,,,,,None,211957000,,2.26,0.0305,,,,-0.272,-0.08,403421000,615378000,1.32,2009-12-31,18.18,,6407000000.0,1185090000,272342000,90733000,,,None,131079000,None,,None,,,,,167824000,0,None,None,0.266,,831831000,353259000,,,,,None,,,,,2.753,2.078,3.094,,,,,,,,0.135,,,2025-10-30,quarterly,1.24,USD,pre-market,0,,0.0224,0.0945,0.074,24.46,48319000,,,,73.27,78.86,-6.0606,,,,,,,2618116000,,22.69,,83.01,61.07
2025-12-28,XEL,3.28,14228000000.0,22.69,,0.453,35.81,,,,,,,,,,,,,,,None,1058656000,1058656000,,,,,,None,198222000,,2.26,0.0305,,,,-0.272,-0.08,513459000,711681000,1.32,2009-09-30,18.18,,6407000000.0,1255906000,353040000,135610000,,,None,129749000,None,,None,,,,,219768000,221793000,None,None,0.266,,790758000,465148000,,,,,22004000,,,,,2.753,2.078,3.094,,,,,,,,0.135,,,2025-10-30,quarterly,1.24,USD,pre-market,0,,0.0224,0.0945,0.074,24.46,47157000,,,,73.27,78.86,-6.0606,,,,,,,2314562000,,22.69,,83.01,61.07
2025-12-28,XEL,3.28,14228000000.0,22.69,,0.453,35.81,,,,,,,,,,,,,,,None,947476000,947476000,,,,,,None,202348000,,2.26,0.0305,,,,-0.272,-0.08,327176000,529524000,1.32,2009-06-30,18.18,,6407000000.0,1068607000,171655000,57846000,,,None,129452000,None,,None,,,,,113927000,113809000,None,None,0.266,,789239000,279368000,,,,,24994000,,,,,2.753,2.078,3.094,,,,,,,,0.135,,,2025-10-30,quarterly,1.24,USD,pre-market,0,,0.0224,0.0945,0.074,24.46,41417000,,,,73.27,78.86,-6.0606,,,,,,,2016083000,,22.69,,83.01,61.07
2025-12-28,XEL,3.28,14228000000.0,22.69,,0.453,35.81,,,,,,,,,,,,,,,None,1521879000,1521879000,,,,,,None,239218000,,2.26,0.0305,,,,-0.272,-0.08,397920000,637138000,1.32,2009-03-31,18.18,,6407000000.0,1173663000,259801000,87125000,,,None,131575000,None,,None,,,,,173007000,0,None,None,0.266,,802866000,370797000,,,,,None,,,,,2.753,2.078,3.094,,,,,,,,0.135,,,2025-10-30,quarterly,1.24,USD,pre-market,0,,0.0224,0.0945,0.074,24.46,45219000,,,,73.27,78.86,-6.0606,,,,,,,2695542000,,22.69,,83.01,61.07
2025-12-28,XEL,3.28,14228000000.0,22.69,,0.453,35.81,,,,,,,,,,,,,,,None,1610510000,1610510000,,,,,,None,263706000,,2.26,0.0305,,,,-0.272,-0.08,352843000,616549000,1.32,2008-12-31,18.18,,6407000000.0,1097063000,248798000,85240000,,,None,552919000,None,,None,,,,,163015000,0,None,None,0.266,,744220000,352843000,,,,,None,,,,,2.753,2.078,3.094,,,,,,,,0.135,,,2025-10-30,quarterly,1.24,USD,pre-market,0,,0.0224,0.0945,0.074,24.46,0,,,,73.27,78.86,-6.0606,,,,,,,2707573000,,22.69,,83.01,61.07
2025-12-28,XEL,3.28,14228000000.0,22.69,,0.453,35.81,,,,,,,,,,,,,,,None,1674267000,1674267000,,,,,,None,195842000,,2.26,0.0305,,,,-0.272,-0.08,520814000,716656000,1.32,2008-09-30,18.18,,6407000000.0,1177413000,344451000,121756000,,,None,139777000,None,,None,,,,,221729000,0,None,None,0.266,,729419000,447994000,,,,,None,,,,,2.753,2.078,3.094,,,,,,,,0.135,,,2025-10-30,quarterly,1.24,USD,pre-market,0,,0.0224,0.0945,0.074,24.46,0,,,,73.27,78.86,-6.0606,,,,,,,2851680000,,22.69,,83.01,61.07
2025-12-28,XEL,3.28,14228000000.0,22.69,,0.453,35.81,,,,,,,,,,,,,,,None,1589222000,1589222000,,,,,,None,243138000,,2.26,0.0305,,,,-0.272,-0.08,259836000,502974000,1.32,2008-06-30,18.18,,6407000000.0,1026293000,160579000,55106000,,,None,9931000,None,,None,,,,,104512000,0,None,None,0.266,,766457000,259836000,,,,,None,,,,,2.753,2.078,3.094,,,,,,,,0.135,,,2025-10-30,quarterly,1.24,USD,pre-market,0,,0.0224,0.0945,0.074,24.46,0,,,,73.27,78.86,-6.0606,,,,,,,2615515000,,22.69,,83.01,61.07
2025-12-28,XEL,3.28,14228000000.0,22.69,,0.453,35.81,,,,,,,,,,,,,,,None,1088080000,1088080000,,,,,,None,237711000,,2.26,0.0305,,,,-0.272,-0.08,330118000,567829000,1.32,2008-03-31,18.18,,6407000000.0,1940308000,230578000,76584000,,,None,132171000,None,,None,,,,,152047000,0,None,None,0.266,,1610190000,330118000,,,,,None,,,,,2.753,2.078,3.094,,,,,,,,0.135,,,2025-10-30,quarterly,1.24,USD,pre-market,0,,0.0224,0.0945,0.074,24.46,0,,,,73.27,78.86,-6.0606,,,,,,,3028388000,,22.69,,83.01,61.07
2025-12-28,XEL,3.28,14228000000.0,22.69,,0.453,35.81,,,,,,,,,,,,,,,None,1521701000,1521701000,,,,,,None,224375000,,2.26,0.0305,,,,-0.272,-0.08,285786000,510161000,1.32,2007-12-31,18.18,,6407000000.0,1081518000,130577000,39306000,,,None,520037000,None,,None,,,,,128861000,0,None,None,0.266,,795732000,285786000,,,,,None,,,,,2.753,2.078,3.094,,,,,,,,0.135,,,2025-10-30,quarterly,1.24,USD,pre-market,0,,0.0224,0.0945,0.074,24.46,0,,,,73.27,78.86,-6.0606,,,,,,,2603219000,,22.69,,83.01,61.07
2025-12-28,XEL,3.28,14228000000.0,22.69,,0.453,35.81,,,,,,,,,,,,,,,None,1191089000,1191089000,,,,,,None,212841000,,2.26,0.0305,,,,-0.272,-0.08,495770000,708611000,1.32,2007-09-30,18.18,,6407000000.0,1208908000,382290000,135945000,,,None,137451000,None,,None,,,,,250654000,0,None,None,0.266,,713138000,495770000,,,,,None,,,,,2.753,2.078,3.094,,,,,,,,0.135,,,2025-10-30,quarterly,1.24,USD,pre-market,0,,0.0224,0.0945,0.074,24.46,0,,,,73.27,78.86,-6.0606,,,,,,,2399997000,,22.69,,83.01,61.07
2025-12-28,XEL,3.28,14228000000.0,22.69,,0.453,35.81,,,,,,,,,,,,,,,None,1251473000,1251473000,,,,,,None,231594000,,2.26,0.0305,,,,-0.272,-0.08,290547000,522141000,1.32,2007-06-30,18.18,,6407000000.0,1015819000,186385000,62282000,,,None,648000,None,,None,,,,,66635000,0,None,None,0.266,,725272000,290547000,,,,,None,,,,,2.753,2.078,3.094,,,,,,,,0.135,,,2025-10-30,quarterly,1.24,USD,pre-market,0,,0.0224,0.0945,0.074,24.46,0,,,,73.27,78.86,-6.0606,,,,,,,2267292000,,22.69,,83.01,61.07
2025-12-28,XEL,3.28,14228000000.0,22.69,,0.453,35.81,,,,,,,,,,,,,,,None,979571000,979571000,,,,,,None,231860000,,2.26,0.0305,,,,-0.272,-0.08,278128000,509988000,1.32,2007-03-31,18.18,,6407000000.0,1784091000,166423000,47909000,,,None,816000,None,,None,,,,,118651000,0,None,None,0.266,,1505963000,278128000,,,,,None,,,,,2.753,2.078,3.094,,,,,,,,0.135,,,2025-10-30,quarterly,1.24,USD,pre-market,0,,0.0224,0.0945,0.074,24.46,0,,,,73.27,78.86,-6.0606,,,,,,,2763662000,,22.69,,83.01,61.07
2025-12-28,XEL,3.28,14228000000.0,22.69,,0.453,35.81,,,,,,,,,,,,,,,None,996251000,996251000,,,,,,None,223329000,,2.26,0.0305,,,,-0.272,-0.08,229483000,452812000,1.32,2006-12-31,18.18,,6407000000.0,1470485000,121270000,24512000,,,None,126595000,None,,None,,,,,96658000,0,None,None,0.266,,1241002000,229483000,,,,,None,,,,,2.753,2.078,3.094,,,,,,,,0.135,,,2025-10-30,quarterly,1.24,USD,pre-market,0,,0.0224,0.0945,0.074,24.46,0,,,,73.27,78.86,-6.0606,,,,,,,2466736000,,22.69,,83.01,61.07
2025-12-28,XEL,3.28,14228000000.0,22.69,,0.453,35.81,,,,,,,,,,,,,,,None,1160896000,1160896000,,,,,,None,226435000,,2.26,0.0305,,,,-0.272,-0.08,2416493000,2642928000,1.32,2006-09-30,18.18,,6407000000.0,1250695000,307200000,83025000,,,None,2149000,None,,None,,,,,222342000,0,None,None,0.266,,840592000,410103000,,,,,None,,,,,2.753,2.078,3.094,,,,,,,,0.135,,,2025-10-30,quarterly,1.24,USD,pre-market,0,,0.0224,0.0945,0.074,24.46,0,,,,73.27,78.86,-6.0606,,,,,,,2411591000,,22.69,,83.01,61.07
2025-12-28,XEL,3.28,14228000000.0,22.69,,0.453,35.81,,,,,,,,,,,,,,,None,951214000,951214000,,,,,,None,226167000,,2.26,0.0305,,,,-0.272,-0.08,220801000,446968000,1.32,2006-06-30,18.18,,6407000000.0,1122659000,118473000,20537000,,,None,921000,None,,None,,,,,97215000,0,None,None,0.266,,896956000,224658000,,,,,None,,,,,2.753,2.078,3.094,,,,,,,,0.135,,,2025-10-30,quarterly,1.24,USD,pre-market,0,,0.0224,0.0945,0.074,24.46,0,,,,73.27,78.86,-6.0606,,,,,,,2073873000,,22.69,,83.01,61.07
2025-12-28,XEL,3.28,14228000000.0,22.69,,0.453,35.81,,,,,,,,,,,,,,,None,994695000,994695000,,,,,,None,218923000,,2.26,0.0305,,,,-0.272,-0.08,312749000,531672000,1.32,2006-03-31,18.18,,6407000000.0,1893409000,203148000,53336000,,,None,384000,None,,None,,,,,150238000,0,None,None,0.266,,1580660000,312749000,,,,,None,,,,,2.753,2.078,3.094,,,,,,,,0.135,,,2025-10-30,quarterly,1.24,USD,pre-market,0,,0.0224,0.0945,0.074,24.46,0,,,,73.27,78.86,-6.0606,,,,,,,2888104000,,22.69,,83.01,61.07
2025-12-28,XEL,3.28,14228000000.0,22.69,,0.453,35.81,,,,,,,,,,,,,,,None,1127372000,1127372000,,,,,,None,209937000,,2.26,0.0305,,,,-0.272,-0.08,250555000,460492000,1.32,2005-12-31,18.18,,6407000000.0,1757566000,142263000,43298000,,,None,857000,None,,None,,,,,111008000,0,None,None,0.266,,1507011000,250555000,,,,,None,,,,,2.753,2.078,3.094,,,,,,,,0.135,,,2025-10-30,quarterly,1.24,USD,pre-market,0,,0.0224,0.0945,0.074,24.46,0,,,,73.27,78.86,-6.0606,,,,,,,2884938000,,22.69,,83.01,61.07
2025-12-28,XEL,3.28,14228000000.0,22.69,,0.453,35.81,,,,,,,,,,,,,,,None,1121154000,1121154000,,,,,,None,196068000,,2.26,0.0305,,,,-0.272,-0.08,370700000,566768000,1.32,2005-09-30,18.18,,6407000000.0,1164969000,258450000,60633000,,,None,1930000,None,,None,,,,,194959000,0,None,None,0.266,,800244000,364725000,,,,,None,,,,,2.753,2.078,3.094,,,,,,,,0.135,,,2025-10-30,quarterly,1.24,USD,pre-market,0,,0.0224,0.0945,0.074,24.46,0,,,,73.27,78.86,-6.0606,,,,,,,2286123000,,22.69,,83.01,61.07
2025-12-28,XEL,3.28,14228000000.0,22.69,,0.453,35.81,,,,,,,,,,,,,,,None,7293000000,7293000000,,,,,,None,2875000000,,2.26,0.0305,,,,-0.272,-0.08,2716000000,5591000000,1.32,2024-12-31,18.18,,6407000000.0,6148000000,1534000000,-402000000,,,None,1182000000,None,,None,,,,,1936000000,1936000000,-1182000000,None,0.266,,3762000000,2386000000,,,,,None,,,,,2.753,2.078,3.094,,,,,,,,0.135,,,2025-10-30,annual,1.24,USD,pre-market,None,,0.0224,0.0945,0.074,24.46,None,,,,73.27,78.86,-6.0606,,,,,,,13441000000,,22.69,,83.01,61.07
2025-12-28,XEL,3.28,14228000000.0,22.69,,0.453,35.81,,,,,,,,,,,,,,,None,8227000000,8227000000,,,,,,None,2567000000,,2.26,0.0305,,,,-0.272,-0.08,2629000000,5196000000,1.32,2023-12-31,18.18,,6407000000.0,5979000000,1625000000,-146000000,,,None,1004000000,None,,None,,,,,1771000000,1771000000,-1004000000,None,0.266,,3498000000,2481000000,,,,,None,,,,,2.753,2.078,3.094,,,,,,,,0.135,,,2025-10-30,annual,1.24,USD,pre-market,None,,0.0224,0.0945,0.074,24.46,None,,,,73.27,78.86,-6.0606,,,,,,,14206000000,,22.69,,83.01,61.07
2025-12-28,XEL,3.28,14228000000.0,22.69,,0.453,35.81,,,,,,,,,,,,,,,None,9450000000,9450000000,,,,,,None,2554000000,,2.26,0.0305,,,,-0.272,-0.08,2526000000,5080000000,1.32,2022-12-31,18.18,,6407000000.0,5860000000,1601000000,-135000000,,,None,925000000,None,,None,,,,,1736000000,1736000000,-925000000,None,0.266,,3432000000,2428000000,,,,,98000000,,,,,2.753,2.078,3.094,,,,,,,,0.135,,,2025-10-30,annual,1.24,USD,pre-market,None,,0.0224,0.0945,0.074,24.46,688000000,,,,73.27,78.86,-6.0606,,,,,,,15310000000,,22.69,,83.01,61.07
2025-12-28,XEL,3.28,14228000000.0,22.69,,0.453,35.81,,,,,,,,,,,,,,,None,8173000000,8173000000,,,,,,None,2257000000,,2.26,0.0305,,,,-0.272,-0.08,2343000000,4600000000,1.32,2021-12-31,18.18,,6407000000.0,5258000000,1527000000,-70000000,,,None,816000000,None,,None,,,,,1597000000,1597000000,-816000000,None,0.266,,3055000000,2203000000,,,,,140000000,,,,,2.753,2.078,3.094,,,,,,,,0.135,,,2025-10-30,annual,1.24,USD,pre-market,None,,0.0224,0.0945,0.074,24.46,630000000,,,,73.27,78.86,-6.0606,,,,,,,13431000000,,22.69,,83.01,61.07
2025-12-28,XEL,3.28,14228000000.0,22.69,,0.453,35.81,,,,,,,,,,,,,,,None,6562000000,6562000000,,,,,,None,2082000000,,2.26,0.0305,,,,-0.272,-0.08,2237000000,4319000000,1.32,2020-12-31,18.18,,6407000000.0,4964000000,1467000000,-6000000,,,None,805000000,None,,None,,,,,1473000000,1473000000,-798000000,None,0.266,,2848000000,2116000000,,,,,149000000,,,,,2.753,2.078,3.094,,,,,,,,0.135,,,2025-10-30,annual,1.24,USD,pre-market,None,,0.0224,0.0945,0.074,24.46,612000000,,,,73.27,78.86,-6.0606,,,,,,,11526000000,,22.69,,83.01,61.07
2025-12-28,XEL,3.28,14228000000.0,22.69,,0.453,35.81,,,,,,,,,,,,,,,None,6806000000,6806000000,,,,,,None,1884000000,,2.26,0.0305,,,,-0.272,-0.08,2230000000,4114000000,1.32,2019-12-31,18.18,,6407000000.0,4723000000,1500000000,128000000,,,None,732000000,671000000,,None,,,,,1372000000,1372000000,-736000000,None,0.266,,2619000000,2104000000,,,,,132000000,,,,,2.753,2.078,3.094,,,,,,,,0.135,,,2025-10-30,annual,1.24,USD,pre-market,None,,0.0224,0.0945,0.074,24.46,569000000,,,,73.27,78.86,-6.0606,,,,,,,11529000000,,22.69,,83.01,61.07
2025-12-28,XEL,3.28,14228000000.0,22.69,,0.453,35.81,,,,,,,,,,,,,,,None,7084000000,7084000000,,,,,,None,1764000000,,2.26,0.0305,,,,-0.272,-0.08,2111000000,3875000000,1.32,2018-12-31,18.18,,6407000000.0,4453000000,1442000000,181000000,,,None,652000000,592000000,,None,,,,,1261000000,1261000000,-652000000,None,0.266,,2488000000,1965000000,,,,,129000000,,,,,2.753,2.078,3.094,,,,,,,,0.135,,,2025-10-30,annual,1.24,USD,pre-market,0,,0.0224,0.0945,0.074,24.46,846000000,,,,73.27,78.86,-6.0606,,,,,,,11537000000,,22.69,,83.01,61.07
2025-12-28,XEL,3.28,14228000000.0,22.69,,0.453,35.81,,,,,,,,,,,,,,,None,6884000000,6884000000,,,,,,None,1593000000,,2.26,0.0305,,,,-0.272,-0.08,2310000000,3903000000,1.32,2017-12-31,18.18,,6407000000.0,4520000000,1690000000,542000000,,,None,604000000,19000000,,None,,,,,1148000000,1148000000,-609000000,None,0.266,,2297000000,2190000000,,,,,128000000,,,,,2.753,2.078,3.094,,,,,,,,0.135,,,2025-10-30,annual,1.24,USD,pre-market,0,,0.0224,0.0945,0.074,24.46,3000000,,,,73.27,78.86,-6.0606,,,,,,,11404000000,,22.69,,83.01,61.07
2025-12-28,XEL,3.28,14228000000.0,22.69,,0.453,35.81,,,,,,,,,,,,,,,None,6787000000,6787000000,,,,,,None,1424039000,,2.26,0.0305,,,,-0.272,-0.08,2310961000,3735000000,1.32,2016-12-31,18.18,,6407000000.0,4320000000,1704596000,581217000,,,None,614020000,8342000,,None,,,,,1123379000,1123379000,-611537000,None,0.266,,2080000000,2213855000,,,,,110620000,,,,,2.753,2.078,3.094,,,,,,,,0.135,,,2025-10-30,annual,1.24,USD,pre-market,0,,0.0224,0.0945,0.074,24.46,3373000,,,,73.27,78.86,-6.0606,,,,,,,11107000000,,22.69,,83.01,61.07
2025-12-28,XEL,3.28,14228000000.0,22.69,,0.453,35.81,,,,,,,,,,,,,,,None,7034000000,7034000000,,,,,,None,1124524000,,2.26,0.0305,,,,-0.272,-0.08,2196476000,3321000000,1.32,2015-12-31,18.18,,6407000000.0,3990000000,1527204000,542719000,,,None,564519000,504732000,,None,,,,,984485000,984485000,None,None,0.266,,1990000000,2000512000,,,,,95726000,,,,,2.753,2.078,3.094,,,,,,,,0.135,,,2025-10-30,annual,1.24,USD,pre-market,0,,0.0224,0.0945,0.074,24.46,3851000,,,,73.27,78.86,-6.0606,,,,,,,11024000000,,22.69,,83.01,61.07
2025-12-28,XEL,3.28,14228000000.0,22.69,,0.453,35.81,,,,,,,,,,,,,,,None,7951352000,7951352000,,,,,,None,1019045000,,2.26,0.0305,,,,-0.272,-0.08,2182353000,3201398000,1.32,2014-12-31,18.18,,6407000000.0,3734783000,1545121000,523815000,,,None,524370000,None,,None,,,,,1021306000,1021306000,None,None,0.266,,1786653000,1948130000,,,,,125197000,,,,,2.753,2.078,3.094,,,,,,,,0.135,,,2025-10-30,annual,1.24,USD,pre-market,0,,0.0224,0.0945,0.074,24.46,6923000,,,,73.27,78.86,-6.0606,,,,,,,11686135000,,22.69,,83.01,61.07
2025-12-28,XEL,3.28,14228000000.0,22.69,,0.453,35.81,,,,,,,,,,,,,,,None,7408278000,7408278000,,,,,,None,977863000,,2.26,0.0305,,,,-0.272,-0.08,2060164000,3038027000,1.32,2013-12-31,18.18,,6407000000.0,3506644000,1432210000,483976000,,,None,525613000,None,,None,,,,,948234000,948234000,None,None,0.266,,1659089000,1847555000,,,,,120675000,,,,,2.753,2.078,3.094,,,,,,,,0.135,,,2025-10-30,annual,1.24,USD,pre-market,0,,0.0224,0.0945,0.074,24.46,8292000,,,,73.27,78.86,-6.0606,,,,,,,10914922000,,22.69,,83.01,61.07
2025-12-28,XEL,3.28,14228000000.0,22.69,,0.453,35.81,,,,,,,,,,,,,,,None,6710036000,6710036000,,,,,,None,926053000,,2.26,0.0305,,,,-0.272,-0.08,2017882000,2943935000,1.32,2012-12-31,18.18,,6407000000.0,3418187000,1355402000,450203000,,,None,559685000,None,,None,,,,,905229000,905199000,None,None,0.266,,1595504000,1822683000,,,,,98986000,,,,,2.753,2.078,3.094,,,,,,,,0.135,,,2025-10-30,annual,1.24,USD,pre-market,0,,0.0224,0.0945,0.074,24.46,7365000,,,,73.27,78.86,-6.0606,,,,,,,10128223000,,22.69,,83.01,61.07
2025-12-28,XEL,3.28,14228000000.0,22.69,,0.453,35.81,,,,,,,,,,,,,,,None,7326356000,7326356000,,,,,,None,890619000,,2.26,0.0305,,,,-0.272,-0.08,1967724000,2858343000,1.32,2011-12-31,18.18,,6407000000.0,3328414000,1309690000,468316000,,,None,562917000,None,,None,,,,,841172000,841374000,None,None,0.266,,1546812000,1781602000,,,,,91005000,,,,,2.753,2.078,3.094,,,,,,,,0.135,,,2025-10-30,annual,1.24,USD,pre-market,0,,0.0224,0.0945,0.074,24.46,281378000,,,,73.27,78.86,-6.0606,,,,,,,10654770000,,22.69,,83.01,61.07
2025-12-28,XEL,3.28,14228000000.0,22.69,,0.453,35.81,,,,,,,,,,,,,,,None,7260375000,7260375000,,,,,,None,977555000,,2.26,0.0305,,,,-0.272,-0.08,1716574000,2694129000,1.32,2010-12-31,18.18,,6407000000.0,3050572000,1188591000,436635000,,,None,548621000,None,,None,,,,,755834000,751956000,None,None,0.266,,1430603000,1619969000,,,,,117243000,,,,,2.753,2.078,3.094,,,,,,,,0.135,,,2025-10-30,annual,1.24,USD,pre-market,0,,0.0224,0.0945,0.074,24.46,239827000,,,,73.27,78.86,-6.0606,,,,,,,10310947000,,22.69,,83.01,61.07
2025-12-28,XEL,3.28,14228000000.0,22.69,,0.453,35.81,,,,,,,,,,,,,,,None,4961037000,4961037000,,,,,,None,818052000,,2.26,0.0305,,,,-0.272,-0.08,1676342000,2494394000,1.32,2009-12-31,18.18,,6407000000.0,4683266000,1056838000,371314000,,,None,561654000,None,,None,,,,,680887000,685524000,None,None,0.266,,3214694000,1468572000,,,,,110121000,,,,,2.753,2.078,3.094,,,,,,,,0.135,,,2025-10-30,annual,1.24,USD,pre-market,0,,0.0224,0.0945,0.074,24.46,182112000,,,,73.27,78.86,-6.0606,,,,,,,9644303000,,22.69,,83.01,61.07
2025-12-28,XEL,3.28,14228000000.0,22.69,,0.453,35.81,,,,,,,,,,,,,,,None,6801760000,6801760000,,,,,,None,940397000,,2.26,0.0305,,,,-0.272,-0.08,1465554000,2405951000,1.32,2008-12-31,18.18,,6407000000.0,4401396000,984406000,338686000,,,None,552919000,None,,None,,,,,645554000,None,None,None,0.266,,3010605000,1390791000,,,,,None,,,,,2.753,2.078,3.094,,,,,,,,0.135,,,2025-10-30,annual,1.24,USD,pre-market,None,,0.0224,0.0945,0.074,24.46,None,,,,73.27,78.86,-6.0606,,,,,,,11203156000,,22.69,,83.01,61.07
2025-12-28,XEL,3.28,14228000000.0,22.69,,0.453,35.81,,,,,,,,,,,,,,,None,5684616000,5684616000,,,,,,None,900670000,,2.26,0.0305,,,,-0.272,-0.08,1351073000,2251743000,1.32,2007-12-31,18.18,,6407000000.0,4349554000,870383000,294484000,,,None,520037000,None,,None,,,,,577348000,None,None,None,0.266,,2998481000,1351073000,,,,,None,,,,,2.753,2.078,3.094,,,,,,,,0.135,,,2025-10-30,annual,1.24,USD,pre-market,None,,0.0224,0.0945,0.074,24.46,None,,,,73.27,78.86,-6.0606,,,,,,,10034170000,,22.69,,83.01,61.07
2025-12-28,XEL,3.28,14228000000.0,22.69,,0.453,35.81,,,,,,,,,,,,,,,None,4103055000,4103055000,,,,,,None,894854000,,2.26,0.0305,,,,-0.272,-0.08,1176994000,2071848000,1.32,2006-12-31,18.18,,6407000000.0,5737249000,750092000,181411000,,,None,486967000000,None,,None,,,,,571754000,None,None,None,0.266,,4560255000,1176994000,,,,,None,,,,,2.753,2.078,3.094,,,,,,,,0.135,,,2025-10-30,annual,1.24,USD,pre-market,None,,0.0224,0.0945,0.074,24.46,None,,,,73.27,78.86,-6.0606,,,,,,,9840304000,,22.69,,83.01,61.07
2025-12-28,XEL,3.28,14228000000.0,22.69,,0.453,35.81,,,,,,,,,,,,,,,None,3922163000,3922163000,,,,,,None,815784000,,2.26,0.0305,,,,-0.272,-0.08,1092719000,1908503000,1.32,2005-12-31,18.18,,6407000000.0,5703314000,672577000,173539000,,,None,857000,None,,None,,,,,512972000,None,None,None,0.266,,4610595000,1092719000,,,,,None,,,,,2.753,2.078,3.094,,,,,,,,0.135,,,2025-10-30,annual,1.24,USD,pre-market,None,,0.0224,0.0945,0.074,24.46,None,,,,73.27,78.86,-6.0606,,,,,,,9625477000,,22.69,,83.01,61.07
2025-12-28,XEL,3.28,14228000000.0,22.69,None,0.453,35.81,,2157000000,1052000000,1052000000,,,,,,,,,1479000000,582000000,None,3922163000,3922163000,2328000000,None,1331000000,1246000000,None,None,815784000,,2.26,0.0305,,,,-0.272,-0.08,1092719000,1908503000,1.32,2025-09-30,18.18,None,6407000000.0,5703314000,672577000,173539000,None,None,None,857000,None,723000000,None,None,32034000000,None,4273000000,512972000,None,None,None,0.266,,4610595000,1092719000,2660000000,3490000000,None,65000000,None,,,,,2.753,2.078,3.094,,,,,,,,0.135,,None,2025-10-30,quarterly,1.24,USD,pre-market,None,8995000000,0.0224,0.0945,0.074,24.46,None,34636000000,1330000000,None,73.27,78.86,-6.0606,79154000000,5681000000,7148000000,57973000000,73473000000,50825000000,9625477000,21181000000,22.69,None,83.01,61.07
2025-12-28,XEL,3.28,14228000000.0,22.69,None,0.453,35.81,,1156000000,1454000000,1454000000,,,,,,,,,1478000000,582000000,None,3922163000,3922163000,2096000000,None,1071000000,1955000000,None,None,815784000,,2.26,0.0305,,,,-0.272,-0.08,1092719000,1908503000,1.32,2025-06-30,18.18,None,6407000000.0,5703314000,672577000,173539000,None,None,None,857000,None,668000000,None,None,31099000000,None,4087000000,512972000,None,None,None,0.266,,4610595000,1092719000,1590000000,2148000000,None,128000000,None,,,,,2.753,2.078,3.094,,,,,,,,0.135,,None,2025-10-30,quarterly,1.24,USD,pre-market,None,8813000000,0.0224,0.0945,0.074,24.46,None,33326000000,1282000000,None,73.27,78.86,-6.0606,75337000000,5667000000,5886000000,54376000000,69670000000,48490000000,9625477000,20961000000,22.69,None,83.01,61.07
2025-12-28,XEL,3.28,14228000000.0,22.69,None,0.453,35.81,,1108000000,1123000000,1123000000,,,,,,,,,1441000000,577000000,None,3922163000,3922163000,1942000000,None,1822000000,2056000000,None,None,815784000,,2.26,0.0305,,,,-0.272,-0.08,1092719000,1908503000,1.32,2025-03-31,18.18,None,6407000000.0,5703314000,672577000,173539000,None,None,None,857000,None,625000000,None,None,29396000000,None,3888000000,512972000,None,None,None,0.266,,4610595000,1092719000,1564000000,2127000000,None,132000000,None,,,,,2.753,2.078,3.094,,,,,,,,0.135,,None,2025-10-30,quarterly,1.24,USD,pre-market,None,8706000000,0.0224,0.0945,0.074,24.46,None,32326000000,2041000000,None,73.27,78.86,-6.0606,72749000000,5368000000,6741000000,52945000000,67381000000,46204000000,9625477000,19804000000,22.69,None,83.01,61.07
2025-12-28,XEL,3.28,14228000000.0,22.69,None,0.453,35.81,,1094000000,179000000,179000000,,,,,,,,,1436000000,576000000,None,3922163000,3922163000,1781000000,None,1798000000,2081000000,None,None,815784000,,2.26,0.0305,,,,-0.272,-0.08,1092719000,1908503000,1.32,2024-12-31,18.18,None,6407000000.0,5703314000,672577000,173539000,None,None,None,857000,None,666000000,None,None,27316000000,None,3896000000,512972000,None,None,None,0.266,,4610595000,1092719000,1399000000,2118000000,None,89000000,None,,,,,2.753,2.078,3.094,,,,,,,,0.135,,None,2025-10-30,quarterly,1.24,USD,pre-market,None,8553000000,0.0224,0.0945,0.074,24.46,None,30208000000,2025000000,114000000,73.27,78.86,-6.0606,70035000000,4325000000,6459000000,50513000000,65710000000,44054000000,9625477000,19522000000,22.69,None,83.01,61.07
2025-12-28,XEL,3.28,14228000000.0,22.69,None,0.453,35.81,,1134000000,1545000000,1545000000,,,,,,,,,1435000000,565000000,None,3922163000,3922163000,1713000000,None,1199000000,1977000000,None,None,815784000,,2.26,0.0305,,,,-0.272,-0.08,1092719000,1908503000,1.32,2024-09-30,18.18,None,6407000000.0,5703314000,672577000,173539000,None,None,None,857000,None,638000000,None,None,27471000000,None,3947000000,512972000,None,None,None,0.266,,4610595000,1092719000,1309000000,2232000000,None,93000000,None,,,,,2.753,2.078,3.094,,,,,,,,0.135,,None,2025-10-30,quarterly,1.24,USD,pre-market,None,8406000000,0.0224,0.0945,0.074,24.46,None,29804000000,1425000000,179000000,73.27,78.86,-6.0606,69286000000,5469000000,5858000000,49934000000,63817000000,44076000000,9625477000,19352000000,22.69,None,83.01,61.07
2025-12-28,XEL,3.28,14228000000.0,22.69,None,0.453,35.81,,1187000000,1598000000,1598000000,,,,,,,,,1393000000,557000000,None,3922163000,3922163000,1546000000,None,1656000000,1985000000,None,None,815784000,,2.26,0.0305,,,,-0.272,-0.08,1092719000,1908503000,1.32,2024-06-30,18.18,None,6407000000.0,5703314000,672577000,173539000,None,None,None,857000,None,622000000,None,None,27716000000,None,3791000000,512972000,None,None,None,0.266,,4610595000,1092719000,1494000000,2112000000,None,95000000,None,,,,,2.753,2.078,3.094,,,,,,,,0.135,,None,2025-10-30,quarterly,1.24,USD,pre-market,None,8039000000,0.0224,0.0945,0.074,24.46,None,30559000000,1882000000,234000000,73.27,78.86,-6.0606,67927000000,5699000000,5900000000,49973000000,62228000000,44073000000,9625477000,17954000000,22.69,None,83.01,61.07
2025-12-28,XEL,3.28,14228000000.0,22.69,None,0.453,35.81,,1208000000,501000000,501000000,,,,,,,,,1389000000,556000000,None,3922163000,3922163000,1461000000,None,1015000000,1999000000,None,None,815784000,,2.26,0.0305,,,,-0.272,-0.08,1092719000,1908503000,1.32,2024-03-31,18.18,None,6407000000.0,5703314000,672577000,173539000,None,None,None,857000,None,623000000,None,None,26396000000,None,3746000000,512972000,None,None,None,0.266,,4610595000,1092719000,1366000000,1868000000,None,134000000,None,,,,,2.753,2.078,3.094,,,,,,,,0.135,,None,2025-10-30,quarterly,1.24,USD,pre-market,None,8042000000,0.0224,0.0945,0.074,24.46,None,28619000000,1243000000,86000000,73.27,78.86,-6.0606,65585000000,4489000000,5210000000,47744000000,61096000000,42534000000,9625477000,17841000000,22.69,None,83.01,61.07
2025-12-28,XEL,3.28,14228000000.0,22.69,None,0.453,35.81,,1264000000,129000000,129000000,,,,,,,,,1387000000,554000000,None,3922163000,3922163000,1668000000,None,1337000000,2168000000,None,None,815784000,,2.26,0.0305,,,,-0.272,-0.08,1092719000,1908503000,1.32,2023-12-31,18.18,None,6407000000.0,5703314000,672577000,173539000,None,None,None,857000,None,711000000,None,None,24913000000,None,3599000000,512972000,None,None,None,0.266,,4610595000,1092719000,1061000000,1864000000,None,148000000,None,,,,,2.753,2.078,3.094,,,,,,,,0.135,,None,2025-10-30,quarterly,1.24,USD,pre-market,None,7858000000,0.0224,0.0945,0.074,24.46,None,27514000000,1563000000,104000000,73.27,78.86,-6.0606,64079000000,4069000000,5652000000,46463000000,60010000000,40811000000,9625477000,17616000000,22.69,None,83.01,61.07
2025-12-28,XEL,3.28,14228000000.0,22.69,None,0.453,35.81,,1161000000,594000000,594000000,,,,,,,,,1379000000,552000000,None,3922163000,3922163000,1445000000,None,1051000000,1951000000,None,None,815784000,,2.26,0.0305,,,,-0.272,-0.08,1092719000,1908503000,1.32,2023-09-30,18.18,None,6407000000.0,5703314000,672577000,173539000,None,None,None,857000,None,688000000,None,None,24910000000,None,3393000000,512972000,None,None,None,0.266,,4610595000,1092719000,1169000000,1805000000,None,149000000,None,,,,,2.753,2.078,3.094,,,,,,,,0.135,,None,2025-10-30,quarterly,1.24,USD,pre-market,None,7739000000,0.0224,0.0945,0.074,24.46,None,27122000000,1282000000,146000000,73.27,78.86,-6.0606,62870000000,4402000000,5073000000,45561000000,58468000000,40488000000,9625477000,17309000000,22.69,None,83.01,61.07
2025-12-28,XEL,3.28,14228000000.0,22.69,None,0.453,35.81,,1192000000,275000000,275000000,,,,,,,,,1378000000,552000000,None,3922163000,3922163000,1307000000,None,1595000000,1852000000,None,None,815784000,,2.26,0.0305,,,,-0.272,-0.08,1092719000,1908503000,1.32,2023-06-30,18.18,None,6407000000.0,5703314000,672577000,173539000,None,None,None,857000,None,625000000,None,None,24015000000,None,3536000000,512972000,None,None,None,0.266,,4610595000,1092719000,1449000000,1696000000,None,15498000000,None,,,,,2.753,2.078,3.094,,,,,,,,0.135,,49664000000,2025-10-30,quarterly,1.24,USD,pre-market,None,7371000000,0.0224,0.0945,0.074,24.46,None,26802000000,1821000000,233000000,73.27,78.86,-6.0606,61658000000,4201000000,5231000000,44744000000,57457000000,39513000000,9625477000,16914000000,22.69,None,83.01,61.07
2025-12-28,XEL,3.28,14228000000.0,22.69,None,0.453,35.81,,1244000000,114000000,114000000,,,,,,,,,1376000000,551000000,None,3922163000,3922163000,1338000000,None,1980000000,2077000000,None,None,815784000,,2.26,0.0305,,,,-0.272,-0.08,1092719000,1908503000,1.32,2023-03-31,18.18,None,6407000000.0,5703314000,672577000,173539000,None,None,None,857000,None,580000000,None,None,22818000000,None,3470000000,512972000,None,None,None,0.266,,4610595000,1092719000,1482000000,1437000000,None,15648000000,None,,,,,2.753,2.078,3.094,,,,,,,,0.135,,48896000000,2025-10-30,quarterly,1.24,USD,pre-market,None,7370000000,0.0224,0.0945,0.074,24.46,None,26042000000,2204000000,97000000,73.27,78.86,-6.0606,60945000000,4253000000,5661000000,44127000000,56692000000,38466000000,9625477000,16818000000,22.69,None,83.01,61.07
2025-12-28,XEL,3.28,14228000000.0,22.69,None,0.453,35.81,,1255000000,111000000,111000000,,,,,,,,,1374000000,549000000,None,3922163000,3922163000,1804000000,None,1964000000,2478000000,None,None,815784000,,2.26,0.0305,,,,-0.272,-0.08,1092719000,1908503000,1.32,2022-12-31,18.18,None,6407000000.0,5703314000,672577000,173539000,None,None,None,857000,None,803000000,None,None,22813000000,None,3327000000,512972000,None,None,None,0.266,,4610595000,1092719000,1752000000,1524000000,None,15622000000,None,,,,,2.753,2.078,3.094,,,,,,,,0.135,,48253000000,2025-10-30,quarterly,1.24,USD,pre-market,None,7239000000,0.0224,0.0945,0.074,24.46,None,26032000000,2181000000,279000000,73.27,78.86,-6.0606,61188000000,5144000000,6078000000,44513000000,56044000000,38435000000,9625477000,16675000000,22.69,None,83.01,61.07
2025-12-28,XEL,3.28,14228000000.0,22.69,None,0.453,35.81,,1208000000,117000000,117000000,,,,,,,,,1368000000,548000000,None,3922163000,3922163000,1586000000,None,809000000,1989000000,None,None,815784000,,2.26,0.0305,,,,-0.272,-0.08,1092719000,1908503000,1.32,2022-09-30,18.18,None,6407000000.0,5703314000,672577000,173539000,None,None,None,857000,None,870000000,None,None,23309000000,None,3173000000,512972000,None,None,None,0.266,,4610595000,1092719000,2114000000,1752000000,None,15379000000,None,,,,,2.753,2.078,3.094,,,,,,,,0.135,,47287000000,2025-10-30,quarterly,1.24,USD,pre-market,None,7128000000,0.0224,0.0945,0.074,24.46,None,25326000000,1020000000,456000000,73.27,78.86,-6.0606,59975000000,5090000000,4903000000,43591000000,54885000000,38688000000,9625477000,16384000000,22.69,None,83.01,61.07
2025-12-28,XEL,3.28,14228000000.0,22.69,None,0.453,35.81,,1257000000,335000000,335000000,,,,,,,,,1367000000,546000000,None,3922163000,3922163000,1590000000,None,787000000,1876000000,None,None,815784000,,2.26,0.0305,,,,-0.272,-0.08,1092719000,1908503000,1.32,2022-06-30,18.18,None,6407000000.0,5703314000,672577000,173539000,None,None,None,857000,None,645000000,None,None,23205000000,None,3334000000,512972000,None,None,None,0.266,,4610595000,1092719000,1986000000,1863000000,None,15276000000,None,,,,,2.753,2.078,3.094,,,,,,,,0.135,,46535000000,2025-10-30,quarterly,1.24,USD,pre-market,None,6747000000,0.0224,0.0945,0.074,24.46,None,25249000000,997000000,95000000,73.27,78.86,-6.0606,59317000000,4842000000,4865000000,43346000000,54475000000,38481000000,9625477000,15971000000,22.69,None,83.01,61.07
2025-12-28,XEL,3.28,14228000000.0,22.69,None,0.453,35.81,,1297000000,90000000,90000000,,,,,,,,,1361000000,545000000,None,3922163000,3922163000,1257000000,None,1847000000,1906000000,None,None,815784000,,2.26,0.0305,,,,-0.272,-0.08,1092719000,1908503000,1.32,2022-03-31,18.18,None,6407000000.0,5703314000,672577000,173539000,None,None,None,857000,None,505000000,None,None,21534000000,None,3586000000,512972000,None,None,None,0.266,,4610595000,1092719000,1521000000,1360000000,None,15367000000,None,,,,,2.753,2.078,3.094,,,,,,,,0.135,,45837000000,2025-10-30,quarterly,1.24,USD,pre-market,None,6686000000,0.0224,0.0945,0.074,24.46,None,24678000000,2050000000,125000000,73.27,78.86,-6.0606,57985000000,4022000000,5352000000,42253000000,53963000000,36901000000,9625477000,15732000000,22.69,None,83.01,61.07
2025-12-28,XEL,3.28,14228000000.0,22.69,None,0.453,35.81,,1351000000,166000000,166000000,,,,,,,,,1360000000,542000000,None,3922163000,3922163000,1409000000,None,1606000000,1880000000,None,None,815784000,,2.26,0.0305,,,,-0.272,-0.08,1092719000,1908503000,1.32,2021-12-31,18.18,None,6407000000.0,5703314000,672577000,173539000,None,None,None,857000,None,631000000,None,None,21779000000,None,3695000000,512972000,None,None,None,0.266,,4610595000,1092719000,1562000000,1257000000,None,15414000000,None,,,,,2.753,2.078,3.094,,,,,,,,0.135,,45457000000,2025-10-30,quarterly,1.24,USD,pre-market,None,6572000000,0.0224,0.0945,0.074,24.46,None,24736000000,1811000000,123000000,73.27,78.86,-6.0606,57851000000,4239000000,5046000000,42239000000,53612000000,37193000000,9625477000,15612000000,22.69,None,83.01,61.07
2025-12-28,XEL,3.28,14228000000.0,22.69,None,0.453,35.81,,1405000000,631000000,631000000,,,,,,,,,1346000000,539000000,None,3922163000,3922163000,1319000000,None,2368000000,1678000000,None,None,815784000,,2.26,0.0305,,,,-0.272,-0.08,1092719000,1908503000,1.32,2021-09-30,18.18,None,6407000000.0,5703314000,672577000,173539000,None,None,None,857000,None,587000000,None,None,20979000000,None,3446000000,512972000,None,None,None,0.266,,4610595000,1092719000,1591000000,1306000000,None,207000000,None,,,,,2.753,2.078,3.094,,,,,,,,0.135,,45752000000,2025-10-30,quarterly,1.24,USD,pre-market,None,6508000000,0.0224,0.0945,0.074,24.46,None,24752000000,2586000000,228000000,73.27,78.86,-6.0606,57517000000,4487000000,5764000000,42346000000,53030000000,36582000000,9625477000,15171000000,22.69,None,83.01,61.07
2025-12-28,XEL,3.28,14228000000.0,22.69,None,0.453,35.81,,1456000000,538000000,538000000,,,,,,,,,1346000000,539000000,None,3922163000,3922163000,1273000000,None,1766000000,1647000000,None,None,815784000,,2.26,0.0305,,,,-0.272,-0.08,1092719000,1908503000,1.32,2021-06-30,18.18,None,6407000000.0,5703314000,672577000,173539000,None,None,None,857000,None,500000000,None,None,21476000000,None,3389000000,512972000,None,None,None,0.266,,4610595000,1092719000,1462000000,1263000000,None,208000000,None,,,,,2.753,2.078,3.094,,,,,,,,0.135,,45189000000,2025-10-30,quarterly,1.24,USD,pre-market,None,6146000000,0.0224,0.0945,0.074,24.46,None,24698000000,1986000000,148000000,73.27,78.86,-6.0606,56779000000,4147000000,4950000000,41987000000,52632000000,37037000000,9625477000,14792000000,22.69,None,83.01,61.07
2025-12-28,XEL,3.28,14228000000.0,22.69,None,0.453,35.81,,1508000000,1039000000,1039000000,,,,,,,,,1345000000,539000000,None,3922163000,3922163000,1213000000,None,1498000000,1550000000,None,None,815784000,,2.26,0.0305,,,,-0.272,-0.08,1092719000,1908503000,1.32,2021-03-31,18.18,None,6407000000.0,5703314000,672577000,173539000,None,None,None,857000,None,469000000,None,None,21470000000,None,3154000000,512972000,None,None,None,0.266,,4610595000,1092719000,1257000000,1261000000,None,225000000,None,,,,,2.753,2.078,3.094,,,,,,,,0.135,,44664000000,2025-10-30,quarterly,1.24,USD,pre-market,None,6082000000,0.0224,0.0945,0.074,24.46,None,24476000000,1719000000,25000000,73.27,78.86,-6.0606,56511000000,4315000000,4877000000,41811000000,52196000000,36934000000,9625477000,14700000000,22.69,None,83.01,61.07
2025-12-28,XEL,3.28,14228000000.0,22.69,None,0.453,35.81,,1558000000,129000000,129000000,,,,,,,,,1344000000,532000000,None,3922163000,3922163000,1237000000,None,1005000000,1630000000,None,None,815784000,,2.26,0.0305,,,,-0.272,-0.08,1092719000,1908503000,1.32,2020-12-31,18.18,None,6407000000.0,5703314000,672577000,173539000,None,None,None,857000,None,535000000,None,None,19645000000,None,3126000000,512972000,None,None,None,0.266,,4610595000,1092719000,981000000,1205000000,None,15498000000,None,,,,,2.753,2.078,3.094,,,,,,,,0.135,,42950000000,2025-10-30,quarterly,1.24,USD,pre-market,None,5968000000,0.0224,0.0945,0.074,24.46,None,22208000000,1219000000,18000000,73.27,78.86,-6.0606,53957000000,3275000000,4239000000,39382000000,50682000000,35143000000,9625477000,14575000000,22.69,None,83.01,61.07
2025-12-28,XEL,3.28,14228000000.0,22.69,None,0.453,35.81,,1603000000,885000000,885000000,,,,,,,,,1314000000,528000000,None,3922163000,3922163000,1602000000,None,901000000,1485000000,None,None,815784000,,2.26,0.0305,,,,-0.272,-0.08,1092719000,1908503000,1.32,2020-09-30,18.18,None,6407000000.0,5703314000,672577000,173539000,None,None,None,857000,None,512000000,None,None,19960000000,None,2844000000,512972000,None,None,None,0.266,,4610595000,1092719000,955000000,1178000000,None,15578000000,None,,,,,2.753,2.078,3.094,,,,,,,,0.135,,42227000000,2025-10-30,quarterly,1.24,USD,pre-market,None,5912000000,0.0224,0.0945,0.074,24.46,None,22464000000,1109000000,19000000,73.27,78.86,-6.0606,53708000000,3837000000,4393000000,39931000000,49871000000,35538000000,9625477000,13777000000,22.69,None,83.01,61.07
2025-12-28,XEL,3.28,14228000000.0,22.69,None,0.453,35.81,,1274000000,1625000000,1625000000,,,,,,,,,1313000000,527000000,None,3922163000,3922163000,1188000000,None,2511000000,1412000000,None,None,815784000,,2.26,0.0305,,,,-0.272,-0.08,1092719000,1908503000,1.32,2020-06-30,18.18,None,6407000000.0,5703314000,672577000,173539000,None,None,None,857000,None,487000000,None,None,19463000000,None,2721000000,512972000,None,None,None,0.266,,4610595000,1092719000,866000000,1282000000,None,15135000000,None,,,,,2.753,2.078,3.094,,,,,,,,0.135,,41124000000,2025-10-30,quarterly,1.24,USD,pre-market,None,5538000000,0.0224,0.0945,0.074,24.46,None,23248000000,2660000000,18000000,73.27,78.86,-6.0606,53456000000,4390000000,5473000000,40071000000,49066000000,34598000000,9625477000,13385000000,22.69,None,83.01,61.07
2025-12-28,XEL,3.28,14228000000.0,22.69,None,0.453,35.81,,1306000000,244000000,244000000,,,,,,,,,1313000000,527000000,None,3922163000,3922163000,996000000,None,2867000000,1400000000,None,None,815784000,,2.26,0.0305,,,,-0.272,-0.08,1092719000,1908503000,1.32,2020-03-31,18.18,None,6407000000.0,5703314000,672577000,173539000,None,None,None,857000,None,488000000,None,None,17010000000,None,2468000000,512972000,None,None,None,0.266,,4610595000,1092719000,851000000,1280000000,None,14982000000,None,,,,,2.753,2.078,3.094,,,,,,,,0.135,,40776000000,2025-10-30,quarterly,1.24,USD,pre-market,None,5478000000,0.0224,0.0945,0.074,24.46,None,21183000000,3010000000,24000000,73.27,78.86,-6.0606,51133000000,2983000000,5839000000,37831000000,48150000000,31992000000,9625477000,13302000000,22.69,None,83.01,61.07
2025-12-28,XEL,3.28,14228000000.0,22.69,None,0.453,35.81,,1549000000,248000000,248000000,,,,,,,,,1311000000,526000000,None,3922163000,3922163000,1294000000,None,1297000000,1550000000,None,None,815784000,,2.26,0.0305,,,,-0.272,-0.08,1092719000,1908503000,1.32,2019-12-31,18.18,None,6407000000.0,5703314000,672577000,173539000,None,None,None,857000,None,544000000,None,None,17407000000,None,2753000000,512972000,None,None,None,0.266,,4610595000,1092719000,771000000,1317000000,None,15234000000,None,,,,,2.753,2.078,3.094,,,,,,,,0.135,,39483000000,2025-10-30,quarterly,1.24,USD,pre-market,None,5413000000,0.0224,0.0945,0.074,24.46,None,20447000000,1491000000,26000000,73.27,78.86,-6.0606,50448000000,3113000000,4568000000,37209000000,47335000000,32641000000,9625477000,13239000000,22.69,None,83.01,61.07
2025-12-28,XEL,3.28,14228000000.0,22.69,None,0.453,35.81,,1598000000,864000000,864000000,,,,,,,,,1311000000,521000000,None,3922163000,3922163000,1258000000,None,1786000000,1444000000,None,None,815784000,,2.26,0.0305,,,,-0.272,-0.08,1092719000,1908503000,1.32,2019-09-30,18.18,None,6407000000.0,5703314000,672577000,173539000,None,None,None,857000,None,544000000,None,None,16819000000,None,2621000000,512972000,None,None,None,0.266,,4610595000,1092719000,748000000,1534000000,None,15259000000,None,,,,,2.753,2.078,3.094,,,,,,,,0.135,,38703000000,2025-10-30,quarterly,1.24,USD,pre-market,None,5336000000,0.0224,0.0945,0.074,24.46,None,20203000000,1786000000,24000000,73.27,78.86,-6.0606,50240000000,3600000000,5021000000,37099000000,46640000000,32078000000,9625477000,13141000000,22.69,None,83.01,61.07
2025-12-28,XEL,3.28,14228000000.0,22.69,None,0.453,35.81,,1647000000,353000000,353000000,,,,,,,,,1287000000,518000000,None,3922163000,3922163000,1057000000,None,2150000000,1376000000,None,None,815784000,,2.26,0.0305,,,,-0.272,-0.08,1092719000,1908503000,1.32,2019-06-30,18.18,None,6407000000.0,5703314000,672577000,173539000,None,None,None,857000,None,483000000,None,None,15996000000,None,2596000000,512972000,None,None,None,0.266,,4610595000,1092719000,727000000,1511000000,None,15162000000,None,,,,,2.753,2.078,3.094,,,,,,,,0.135,,37651000000,2025-10-30,quarterly,1.24,USD,pre-market,None,5024000000,0.0224,0.0945,0.074,24.46,None,19793000000,2150000000,45000000,73.27,78.86,-6.0606,48584000000,2939000000,5060000000,36218000000,45645000000,31158000000,9625477000,12366000000,22.69,None,83.01,61.07
2025-12-28,XEL,3.28,14228000000.0,22.69,None,0.453,35.81,,1529000000,94000000,94000000,,,,,,,,,1287000000,516000000,None,3922163000,3922163000,1154000000,None,1254000000,1636000000,None,None,815784000,,2.26,0.0305,,,,-0.272,-0.08,1092719000,1908503000,1.32,2019-03-31,18.18,None,6407000000.0,5703314000,672577000,173539000,None,None,None,857000,None,445000000,None,None,16118000000,None,2529000000,512972000,None,None,None,0.266,,4610595000,1092719000,734000000,1461000000,None,14979000000,None,,,,,2.753,2.078,3.094,,,,,,,,0.135,,37114000000,2025-10-30,quarterly,1.24,USD,pre-market,None,4996000000,0.0224,0.0945,0.074,24.46,None,18901000000,1254000000,45000000,73.27,78.86,-6.0606,47850000000,2909000000,4424000000,35521000000,44941000000,31097000000,9625477000,12329000000,22.69,None,83.01,61.07
2025-12-28,XEL,3.28,14228000000.0,22.69,None,0.453,35.81,,None,147000000,147000000,,,,,,,,,1285000000,515000000,None,3922163000,3922163000,1237000000,None,406000000,1615000000,None,None,815784000,,2.26,0.0305,,,,-0.272,-0.08,1092719000,1908503000,1.32,2018-12-31,18.18,None,6407000000.0,5703314000,672577000,173539000,None,None,None,857000,None,548000000,None,None,15803000000,None,2351000000,512972000,None,None,None,0.266,,4610595000,1092719000,784000000,1329000000,None,13502000000,None,,,,,2.753,2.078,3.094,,,,,,,,0.135,,36944000000,2025-10-30,quarterly,1.24,USD,pre-market,None,4893000000,0.0224,0.0945,0.074,24.46,None,17247000000,1444000000,54000000,73.27,78.86,-6.0606,45987000000,3094000000,4460000000,33765000000,42893000000,29305000000,9625477000,12222000000,22.69,None,83.01,61.07
2025-12-28,XEL,3.28,14228000000.0,22.69,None,0.453,35.81,,None,213000000,213000000,,,,,,,,,1283000000,511000000,None,3922163000,3922163000,1189000000,None,556000000,1506000000,None,None,815784000,,2.26,0.0305,,,,-0.272,-0.08,1092719000,1908503000,1.32,2018-09-30,18.18,0,6407000000.0,5703314000,672577000,173539000,0,0,None,857000,None,528000000,None,None,15508000000,None,2515000000,512972000,None,None,None,0.266,,4610595000,1092719000,756000000,1228000000,None,13324000000,None,,,,,2.753,2.078,3.094,,,,,,,,0.135,,35879000000,2025-10-30,quarterly,1.24,USD,pre-market,None,4876000000,0.0224,0.0945,0.074,24.46,None,16501000000,993000000,27000000,73.27,78.86,-6.0606,44835000000,3003000000,3838000000,32670000000,41832000000,28832000000,9625477000,12165000000,22.69,0,83.01,61.07
2025-12-28,XEL,3.28,14228000000.0,22.69,None,0.453,35.81,,None,332000000,332000000,,,,,,,,,1272000000,510000000,None,3922163000,3922163000,1092000000,None,856000000,1456000000,None,None,815784000,,2.26,0.0305,,,,-0.272,-0.08,1092719000,1908503000,1.32,2018-06-30,18.18,0,6407000000.0,5703314000,672577000,173539000,0,0,None,857000,None,511000000,None,None,15311000000,None,2445000000,512972000,None,None,None,0.266,,4610595000,1092719000,757000000,1232000000,None,13101000000,None,,,,,2.753,2.078,3.094,,,,,,,,0.135,,35289000000,2025-10-30,quarterly,1.24,USD,pre-market,None,4580000000,0.0224,0.0945,0.074,24.46,None,16849000000,1538000000,12000000,73.27,78.86,-6.0606,44240000000,3056000000,4178000000,32590000000,41184000000,28412000000,9625477000,11650000000,22.69,0,83.01,61.07
2025-12-28,XEL,3.28,14228000000.0,22.69,None,0.453,35.81,,None,116000000,116000000,,,,,,,,,1272000000,509000000,None,3922163000,3922163000,1027000000,None,457000000,1473000000,None,None,815784000,,2.26,0.0305,,,,-0.272,-0.08,1092719000,1908503000,1.32,2018-03-31,18.18,0,6407000000.0,5703314000,672577000,173539000,0,0,None,857000,None,492000000,None,None,14522000000,None,2453000000,512972000,None,None,None,0.266,,4610595000,1092719000,701000000,1069000000,None,12954000000,None,,,,,2.753,2.078,3.094,,,,,,,,0.135,,34679000000,2025-10-30,quarterly,1.24,USD,pre-market,None,4510000000,0.0224,0.0945,0.074,24.46,None,16004000000,1482000000,11000000,73.27,78.86,-6.0606,43159000000,2782000000,4122000000,31598000000,40377000000,27476000000,9625477000,11561000000,22.69,0,83.01,61.07
2025-12-28,XEL,3.28,14228000000.0,22.69,None,0.453,35.81,,None,83000000,83000000,,,,,,,,,1269000000,509000000,None,3922163000,3922163000,1243000000,None,457000000,1561000000,None,None,815784000,,2.26,0.0305,,,,-0.272,-0.08,1092719000,1908503000,1.32,2017-12-31,18.18,0,6407000000.0,5703314000,672577000,173539000,0,0,None,857000,None,610000000,None,None,14520000000,None,2445000000,512972000,None,None,None,0.266,,4610595000,1092719000,719000000,1126000000,None,12967000000,None,,,,,2.753,2.078,3.094,,,,,,,,0.135,,34329000000,2025-10-30,quarterly,1.24,USD,pre-market,None,4413000000,0.0224,0.0945,0.074,24.46,None,15791000000,1271000000,9000000,73.27,78.86,-6.0606,43030000000,2973000000,4088000000,31575000000,40057000000,27487000000,9625477000,11455000000,22.69,0,83.01,61.07
2025-12-28,XEL,3.28,14228000000.0,22.69,None,0.453,35.81,,None,167841000,167841000,,,,,,,,,1269407000,509242000,None,3922163000,3922163000,992498000,None,305415000,1433278000,None,None,815784000,,2.26,0.0305,,,,-0.272,-0.08,1092719000,1908503000,1.32,2017-09-30,18.18,0,6407000000.0,5703314000,672577000,173539000,0,0,None,857000,None,616675000,None,None,14572967000,None,2349389000,512972000,None,None,None,0.266,,4610595000,1092719000,681080000,1101218000,None,13116044000,None,,,,,2.753,2.078,3.094,,,,,,,,0.135,,33949952000,2025-10-30,quarterly,1.24,USD,pre-market,None,4386050000,0.0224,0.0945,0.074,24.46,None,15392382000,819415000,6978000,73.27,78.86,-6.0606,42468794000,2898874000,3340406000,31029417000,39569920000,27689011000,9625477000,11439377000,22.69,0,83.01,61.07
2025-12-28,XEL,3.28,14228000000.0,22.69,None,0.453,35.81,,None,61382000,61382000,,,,,,,,,1269407000,509135000,None,3922163000,3922163000,973642000,None,15381178000,1367877000,None,None,815784000,,2.26,0.0305,,,,-0.272,-0.08,1092719000,1908503000,1.32,2017-06-30,18.18,0,6407000000.0,5703314000,672577000,173539000,0,0,None,857000,None,542044000,None,None,14091833000,None,2281998000,512972000,None,None,None,0.266,,4610595000,1092719000,785247000,1087751000,None,12955297000,None,,,,,2.753,2.078,3.094,,,,,,,,0.135,,33543843000,2025-10-30,quarterly,1.24,USD,pre-market,None,4079068000,0.0224,0.0945,0.074,24.46,None,15381178000,1289345000,7401000,73.27,78.86,-6.0606,41860989000,2756550000,3690704000,30737834000,39104439000,27047130000,9625477000,11123155000,22.69,0,83.01,61.07
2025-12-28,XEL,3.28,14228000000.0,22.69,None,0.453,35.81,,None,73985000,73985000,,,,,,,,,1269407000,508774000,None,3922163000,3922163000,861506000,None,1387154000,1336693000,None,None,815784000,,2.26,0.0305,,,,-0.272,-0.08,1092719000,1908503000,1.32,2017-03-31,18.18,0,6407000000.0,5703314000,672577000,173539000,0,0,None,857000,None,519081000,None,None,13696461000,None,2236627000,512972000,None,None,None,0.266,,4610595000,1092719000,703395000,941845000,None,12810793000,None,,,,,2.753,2.078,3.094,,,,,,,,0.135,,33158384000,2025-10-30,quarterly,1.24,USD,pre-market,None,4036352000,0.0224,0.0945,0.074,24.46,None,15056909000,1360448000,7430000,73.27,78.86,-6.0606,41285341000,2633154000,3707976000,30215230000,38652187000,26507254000,9625477000,11070111000,22.69,0,83.01,61.07
2025-12-28,XEL,3.28,14228000000.0,22.69,None,0.453,35.81,,None,84476000,84476000,,,,,,,,,1268057000,509421000,None,3922163000,3922163000,1044959000,None,255000000,1506000000,None,None,815784000,,2.26,0.0305,,,,-0.272,-0.08,1092719000,1908503000,1.32,2016-12-31,18.18,0,6407000000.0,5703314000,672577000,173539000,0,0,None,857000,None,604226000,None,None,14194718000,None,2142047000,512972000,None,None,None,0.266,,4610595000,1092719000,646697000,1097649000,None,12692667000,None,,,,,2.753,2.078,3.094,,,,,,,,0.135,,32841750000,2025-10-30,quarterly,1.24,USD,pre-market,None,3981652000,0.0224,0.0945,0.074,24.46,None,14842000000,647000000,7000000,73.27,78.86,-6.0606,41155277000,2842081000,3247000000,30134428000,38313196000,26887385000,9625477000,11020849000,22.69,0,83.01,61.07
2025-12-28,XEL,3.28,14228000000.0,22.69,None,0.453,35.81,,None,353385000,353385000,,,,,,,,,1269882000,509566000,None,3922163000,3922163000,916534000,None,1100768000,1322100000,None,None,815784000,,2.26,0.0305,,,,-0.272,-0.08,1092719000,1908503000,1.32,2016-09-30,18.18,0,6407000000.0,5703314000,672577000,173539000,0,0,None,857000,None,614908000,None,None,13402583000,None,2099824000,512972000,None,None,None,0.266,,4610595000,1092719000,785770000,1039434000,None,12480253000,None,,,,,2.753,2.078,3.094,,,,,,,,0.135,,32206696000,2025-10-30,quarterly,1.24,USD,pre-market,None,3924125000,0.0224,0.0945,0.074,24.46,None,14478150000,1075567000,5645000,73.27,78.86,-6.0606,40324750000,3076163000,3453972000,29336808000,37248587000,25882836000,9625477000,10987942000,22.69,0,83.01,61.07
2025-12-28,XEL,3.28,14228000000.0,22.69,None,0.453,35.81,,None,76711000,76711000,,,,,,,,,1269882000,509490000,None,3922163000,3922163000,921973000,None,1183693000,1279272000,None,None,815784000,,2.26,0.0305,,,,-0.272,-0.08,1092719000,1908503000,1.32,2016-06-30,18.18,0,6407000000.0,5703314000,672577000,173539000,0,0,None,857000,None,526785000,None,None,13104770000,None,2038118000,512972000,None,None,None,0.266,,4610595000,1092719000,821331000,1096859000,None,12175879000,None,,,,,2.753,2.078,3.094,,,,,,,,0.135,,31823282000,2025-10-30,quarterly,1.24,USD,pre-market,None,3643653000,0.0224,0.0945,0.074,24.46,None,14261921000,1157151000,6042000,73.27,78.86,-6.0606,39490164000,2704099000,3506381000,28787030000,36786065000,25280649000,9625477000,10703134000,22.69,0,83.01,61.07
2025-12-28,XEL,3.28,14228000000.0,22.69,None,0.453,35.81,,None,101491000,101491000,,,,,,,,,1269882000,509150000,None,3922163000,3922163000,809656000,None,None,1254809000,None,None,815784000,,2.26,0.0305,,,,-0.272,-0.08,1092719000,1908503000,1.32,2016-03-31,18.18,0,6407000000.0,5703314000,672577000,173539000,0,0,None,857000,None,520054000,None,None,13148395000,None,1973321000,512972000,None,None,None,0.266,,4610595000,1092719000,856263000,1013462000,None,12061247000,None,,,,,2.753,2.078,3.094,,,,,,,,0.135,,31433406000,2025-10-30,quarterly,1.24,USD,pre-market,None,3620421000,0.0224,0.0945,0.074,24.46,None,13987911000,839516000,7954000,73.27,78.86,-6.0606,39069844000,2732617000,3188568000,28398210000,36337227000,25209642000,9625477000,10671634000,22.69,0,83.01,61.07
2025-12-28,XEL,3.28,14228000000.0,22.69,None,0.453,35.81,,None,84940000,84940000,,,,,,,,,1268839000,508738000,None,3922163000,3922163000,960982000,None,657021000,1379473000,None,None,815784000,,2.26,0.0305,,,,-0.272,-0.08,1092719000,1908503000,1.32,2015-12-31,18.18,0,6407000000.0,5703314000,672577000,173539000,0,0,None,857000,None,608584000,None,None,12490719000,None,1954078000,512972000,None,None,None,0.266,,4610595000,1092719000,697229000,1156105000,None,11903599000,None,,,,,2.753,2.078,3.094,,,,,,,,0.135,,31205851000,2025-10-30,quarterly,1.24,USD,pre-market,None,3552728000,0.0224,0.0945,0.074,24.46,None,13901901000,1503021000,6230000,73.27,78.86,-6.0606,39053535000,2910445000,4058297000,28452615000,36143090000,24394318000,9625477000,10600920000,22.69,0,83.01,61.07
2025-12-28,XEL,3.28,14228000000.0,22.69,None,0.453,35.81,,None,404409000,404409000,,,,,,,,,1268168000,508427000,None,3922163000,3922163000,924260000,None,None,1287297000,None,None,815784000,,2.26,0.0305,,,,-0.272,-0.08,1092719000,1908503000,1.32,2015-09-30,18.18,0,6407000000.0,5703314000,672577000,173539000,0,0,None,857000,None,644963000,None,None,12690751000,None,1862435000,512972000,None,None,None,0.266,,4610595000,1092719000,1007753000,1260183000,None,11709095000,None,,,,,2.753,2.078,3.094,,,,,,,,0.135,,29828609000,2025-10-30,quarterly,1.24,USD,pre-market,None,3506861000,0.0224,0.0945,0.074,24.46,None,13212225000,521474000,8297000,73.27,78.86,-6.0606,38029696000,3344422000,3085020000,27484866000,34685274000,24399846000,9625477000,10544830000,22.69,0,83.01,61.07
2025-12-28,XEL,3.28,14228000000.0,22.69,None,0.453,35.81,,None,135597000,135597000,,,,,,,,,1267398000,508074000,None,3922163000,3922163000,830278000,None,None,1258934000,None,None,815784000,,2.26,0.0305,,,,-0.272,-0.08,1092719000,1908503000,1.32,2015-06-30,18.18,0,6407000000.0,5703314000,672577000,173539000,0,0,None,857000,None,532703000,None,None,11896126000,None,1933459000,512972000,None,None,None,0.266,,4610595000,1092719000,1121688000,1267779000,None,11566366000,None,,,,,2.753,2.078,3.094,,,,,,,,0.135,,29350364000,2025-10-30,quarterly,1.24,USD,pre-market,None,3243645000,0.0224,0.0945,0.074,24.46,None,13054482000,1158356000,12674000,73.27,78.86,-6.0606,37268809000,3048922000,3537251000,26999743000,34219887000,23462492000,9625477000,10269066000,22.69,0,83.01,61.07
2025-12-28,XEL,3.28,14228000000.0,22.69,None,0.453,35.81,,None,133044000,133044000,,,,,,,,,1266659000,507393000,None,3922163000,3922163000,898003000,None,None,1371315000,None,None,815784000,,2.26,0.0305,,,,-0.272,-0.08,1092719000,1908503000,1.32,2015-03-31,18.18,0,6407000000.0,5703314000,672577000,173539000,0,0,None,857000,None,505213000,None,None,11499470000,None,1919164000,512972000,None,None,None,0.266,,4610595000,1092719000,1047874000,1169815000,None,11389783000,None,,,,,2.753,2.078,3.094,,,,,,,,0.135,,28966911000,2025-10-30,quarterly,1.24,USD,pre-market,None,3209904000,0.0224,0.0945,0.074,24.46,None,12725869000,1226399000,11747000,73.27,78.86,-6.0606,36878651000,3057446000,3774528000,26663781000,33821205000,22889253000,9625477000,10214870000,22.69,0,83.01,61.07
2025-12-28,XEL,3.28,14228000000.0,22.69,None,0.453,35.81,,None,79608000,79608000,,,,,,,,,1264333000,506799000,None,3922163000,3922163000,1173006000,None,257726000,1554998000,None,None,815784000,,2.26,0.0305,,,,-0.272,-0.08,1092719000,1908503000,1.32,2014-12-31,18.18,0,6407000000.0,5703314000,672577000,173539000,0,0,None,857000,None,597183000,None,None,11499634000,None,1886415000,512972000,None,None,None,0.266,,4610595000,1092719000,1132591000,1217736000,None,11179185000,None,,,,,2.753,2.078,3.094,,,,,,,,0.135,,28756916000,2025-10-30,quarterly,1.24,USD,pre-market,None,3220958000,0.0224,0.0945,0.074,24.46,None,12776860000,1277226000,15818000,73.27,78.86,-6.0606,36957884000,3364380000,4064583000,26743402000,33593504000,22678819000,9625477000,10214482000,22.69,0,83.01,61.07
2025-12-28,XEL,3.28,14228000000.0,22.69,None,0.453,35.81,,None,137868000,137868000,,,,,,,,,1263560000,506365000,None,3922163000,3922163000,1061385000,None,None,1335037000,None,None,815784000,,2.26,0.0305,,,,-0.272,-0.08,1092719000,1908503000,1.32,2014-09-30,18.18,0,6407000000.0,5703314000,672577000,173539000,0,0,None,857000,None,634262000,None,None,11501720000,None,1870539000,512972000,None,None,None,0.266,,4610595000,1092719000,1089427000,1083019000,None,10236192000,None,,,,,2.753,2.078,3.094,,,,,,,,0.135,,27630363000,2025-10-30,quarterly,1.24,USD,pre-market,None,3177387000,0.0224,0.0945,0.074,24.46,None,12456226000,954506000,18126000,73.27,78.86,-6.0606,35363441000,3196594000,3470869000,25208781000,32166847000,21737912000,9625477000,10154660000,22.69,0,83.01,61.07
2025-12-28,XEL,3.28,14228000000.0,22.69,None,0.453,35.81,,None,99540000,99540000,,,,,,,,,1262764000,503456000,None,3922163000,3922163000,967251000,None,None,1352403000,None,None,815784000,,2.26,0.0305,,,,-0.272,-0.08,1092719000,1908503000,1.32,2014-06-30,18.18,0,6407000000.0,5703314000,672577000,173539000,0,0,None,857000,None,501270000,None,None,11752778000,None,1898380000,512972000,None,None,None,0.266,,4610595000,1092719000,1170607000,1038336000,None,9984165000,None,,,,,2.753,2.078,3.094,,,,,,,,0.135,,27070377000,2025-10-30,quarterly,1.24,USD,pre-market,None,2961406000,0.0224,0.0945,0.074,24.46,None,12538100000,785322000,19672000,73.27,78.86,-6.0606,34717644000,3123820000,3059929000,24796872000,31593824000,21736943000,9625477000,9920772000,22.69,0,83.01,61.07
2025-12-28,XEL,3.28,14228000000.0,22.69,None,0.453,35.81,,None,132313000,132313000,,,,,,,,,1252879000,499746000,None,3922163000,3922163000,1061874000,None,None,1460911000,None,None,815784000,,2.26,0.0305,,,,-0.272,-0.08,1092719000,1908503000,1.32,2014-03-31,18.18,0,6407000000.0,5703314000,672577000,173539000,0,0,None,857000,None,436237000,None,None,11205319000,None,1860580000,512972000,None,None,None,0.266,,4610595000,1092719000,1099885000,897221000,None,9778261000,None,,,,,2.753,2.078,3.094,,,,,,,,0.135,,26541482000,2025-10-30,quarterly,1.24,USD,pre-market,None,2918215000,0.0224,0.0945,0.074,24.46,None,12252452000,1047133000,15456000,73.27,78.86,-6.0606,34198752000,3129346000,3467748000,24451328000,31069406000,20983580000,9625477000,9747424000,22.69,0,83.01,61.07
2025-12-28,XEL,3.28,14228000000.0,22.69,None,0.453,35.81,,None,107144000,107144000,,,,,,,,,1244929000,498802000,None,3922163000,3922163000,1261238000,None,None,1431390000,None,None,815784000,,2.26,0.0305,,,,-0.272,-0.08,1092719000,1908503000,1.32,2013-12-31,18.18,0,6407000000.0,5703314000,672577000,173539000,0,0,None,857000,None,576538000,None,None,10910754000,None,1840832000,512972000,None,None,None,0.266,,4610595000,1092719000,1102968000,974731000,None,9776288000,None,,,,,2.753,2.078,3.094,,,,,,,,0.135,,26122159000,2025-10-30,quarterly,1.24,USD,pre-market,None,2807983000,0.0224,0.0945,0.074,24.46,None,11950517000,1039763000,13783000,73.27,78.86,-6.0606,33907490000,3218040000,3654498000,24341540000,30689450000,20687042000,9625477000,9565950000,22.69,0,83.01,61.07
2025-12-28,XEL,3.28,14228000000.0,22.69,None,0.453,35.81,,None,101834000,101834000,,,,,,,,,1244064000,498641000,None,3922163000,3922163000,965572000,None,None,1362585000,None,None,815784000,,2.26,0.0305,,,,-0.272,-0.08,1092719000,1908503000,1.32,2013-09-30,18.18,0,6407000000.0,5703314000,672577000,173539000,0,0,None,857000,None,604628000,None,None,10914273000,None,1775881000,512972000,None,None,None,0.266,,4610595000,1092719000,1051694000,955105000,None,9826032000,None,,,,,2.753,2.078,3.094,,,,,,,,0.135,,25342578000,2025-10-30,quarterly,1.24,USD,pre-market,None,2797486000,0.0224,0.0945,0.074,24.46,None,11496811000,582538000,16764000,73.27,78.86,-6.0606,33126652000,3120741000,2839061000,23579366000,30005911000,20740305000,9625477000,9547286000,22.69,0,83.01,61.07
2025-12-28,XEL,3.28,14228000000.0,22.69,None,0.453,35.81,,None,58821000,58821000,,,,,,,,,1243239000,498036000,None,3922163000,3922163000,998607000,None,None,1345363000,None,None,815784000,,2.26,0.0305,,,,-0.272,-0.08,1092719000,1908503000,1.32,2013-06-30,18.18,0,6407000000.0,5703314000,672577000,173539000,0,0,None,857000,None,494890000,None,None,10816477000,None,1723291000,512972000,None,None,None,0.266,,4610595000,1092719000,919126000,819822000,None,9452730000,None,,,,,2.753,2.078,3.094,,,,,,,,0.135,,24813411000,2025-10-30,quarterly,1.24,USD,pre-market,None,2572935000,0.0224,0.0945,0.074,24.46,None,11452519000,636042000,17849000,73.27,78.86,-6.0606,32266262000,2818200000,2696810000,22966017000,29448062000,20269207000,9625477000,9300245000,22.69,0,83.01,61.07
2025-12-28,XEL,3.28,14228000000.0,22.69,None,0.453,35.81,,None,112960000,112960000,,,,,,,,,1236888000,490531000,None,3922163000,3922163000,932547000,None,None,1375970000,None,None,815784000,,2.26,0.0305,,,,-0.272,-0.08,1092719000,1908503000,1.32,2013-03-31,18.18,0,6407000000.0,5703314000,672577000,173539000,0,0,None,857000,None,447709000,None,None,10642009000,None,1774816000,512972000,None,None,None,0.266,,4610595000,1092719000,768032000,746960000,None,9264036000,None,,,,,2.753,2.078,3.094,,,,,,,,0.135,,24219231000,2025-10-30,quarterly,1.24,USD,pre-market,None,2516332000,0.0224,0.0945,0.074,24.46,None,11073938000,431929000,19657000,73.27,78.86,-6.0606,31587675000,2704671000,2526517000,22432562000,28883004000,19906045000,9625477000,9155113000,22.69,0,83.01,61.07
2025-12-28,XEL,3.28,14228000000.0,22.69,None,0.453,35.81,,None,82323000,82323000,,,,,,,,,1219899000,489136000,None,3922163000,3922163000,959093000,None,None,1381409000,None,None,815784000,,2.26,0.0305,,,,-0.272,-0.08,1092719000,1908503000,1.32,2012-12-31,18.18,0,6407000000.0,5703314000,672577000,173539000,0,0,None,857000,None,535574000,None,None,10143905000,None,1744162000,512972000,None,None,None,0.266,,4610595000,1092719000,625833000,783384000,None,9185631000,None,,,,,2.753,2.078,3.094,,,,,,,,0.135,,23809348000,2025-10-30,quarterly,1.24,USD,pre-market,None,2413816000,0.0224,0.0945,0.074,24.46,None,11004060000,860155000,20320000,73.27,78.86,-6.0606,31140686000,2625139000,2937073000,22266609000,28515547000,19329536000,9625477000,8874077000,22.69,0,83.01,61.07
2025-12-28,XEL,3.28,14228000000.0,22.69,None,0.453,35.81,,None,747273000,747273000,,,,,,,,,1219032000,488578000,None,3922163000,3922163000,885099000,None,None,1226463000,None,None,815784000,,2.26,0.0305,,,,-0.272,-0.08,1092719000,1908503000,1.32,2012-09-30,18.18,0,6407000000.0,5703314000,672577000,173539000,0,0,None,857000,None,562721000,None,None,10105947000,None,1714120000,512972000,None,None,None,0.266,,4610595000,1092719000,834387000,847181000,None,8940854000,None,,,,,2.753,2.078,3.094,,,,,,,,0.135,,23401597000,2025-10-30,quarterly,1.24,USD,pre-market,None,2406016000,0.0224,0.0945,0.074,24.46,None,11269409000,1163462000,19302000,73.27,78.86,-6.0606,31057498000,3370844000,3160534000,22207335000,27686654000,19046801000,9625477000,8850163000,22.69,0,83.01,61.07
2025-12-28,XEL,3.28,14228000000.0,22.69,None,0.453,35.81,,None,63530000,63530000,,,,,,,,,1218214000,488017000,None,3922163000,3922163000,871069000,None,None,1194992000,None,None,815784000,,2.26,0.0305,,,,-0.272,-0.08,1092719000,1908503000,1.32,2012-06-30,18.18,0,6407000000.0,5703314000,672577000,173539000,0,0,None,857000,None,473137000,None,None,8706403000,None,1659218000,512972000,None,None,None,0.266,,4610595000,1092719000,828749000,952400000,None,8709013000,None,,,,,2.753,2.078,3.094,,,,,,,,0.135,,23047854000,2025-10-30,quarterly,1.24,USD,pre-market,None,2140639000,0.0224,0.0945,0.074,24.46,None,10498997000,1792594000,328000,73.27,78.86,-6.0606,29820143000,2560408000,3831222000,21246638000,27259735000,17415416000,9625477000,8573505000,22.69,0,83.01,61.07
2025-12-28,XEL,3.28,14228000000.0,22.69,None,0.453,35.81,,None,99742000,99742000,,,,,,,,,1217339000,487995000,None,3922163000,3922163000,786187000,None,None,1209555000,None,None,815784000,,2.26,0.0305,,,,-0.272,-0.08,1092719000,1908503000,1.32,2012-03-31,18.18,0,6407000000.0,5703314000,672577000,173539000,0,0,None,857000,None,474359000,None,None,8598363000,None,1683928000,512972000,None,None,None,0.266,,4610595000,1092719000,759178000,914110000,None,8609177000,None,,,,,2.753,2.078,3.094,,,,,,,,0.135,,22672686000,2025-10-30,quarterly,1.24,USD,pre-market,None,2089275000,0.0224,0.0945,0.074,24.46,None,10247044000,1648681000,9055000,73.27,78.86,-6.0606,29453253000,2542834000,3708042000,20915582000,26910419000,17207540000,9625477000,8537671000,22.69,0,83.01,61.07
2025-12-28,XEL,3.28,14228000000.0,22.69,None,0.453,35.81,,None,60684000,60684000,,,,,,,,,1216234000,486991000,None,3922163000,3922163000,902078000,None,None,1441860000,None,None,815784000,,2.26,0.0305,,,,-0.272,-0.08,1092719000,1908503000,1.32,2011-12-31,18.18,0,6407000000.0,5703314000,672577000,173539000,0,0,None,857000,None,618232000,None,None,8848513000,None,1616402000,512972000,None,None,None,0.266,,4610595000,1092719000,861788000,1117926000,None,8577917000,None,,,,,2.753,2.078,3.094,,,,,,,,0.135,,22353367000,2025-10-30,quarterly,1.24,USD,pre-market,None,2032556000,0.0224,0.0945,0.074,24.46,None,10127435000,1278922000,95287000,73.27,78.86,-6.0606,29497267000,2982564000,3588639000,21015069000,26514703000,17426430000,9625477000,8482198000,22.69,0,83.01,61.07
2025-12-28,XEL,3.28,14228000000.0,22.69,None,0.453,35.81,,None,194155000,194155000,,,,,,,,,1212369000,485894000,None,3922163000,3922163000,837259000,None,None,1304960000,None,None,815784000,,2.26,0.0305,,,,-0.272,-0.08,1092719000,1908503000,1.32,2011-09-30,18.18,0,6407000000.0,5703314000,672577000,173539000,0,0,None,857000,None,608007000,None,None,9450157000,None,None,512972000,None,None,None,0.266,,4610595000,1092719000,754351000,1053375000,None,7898231000,None,,,,,2.753,2.078,3.094,,,,,,,,0.135,,21729488000,2025-10-30,quarterly,1.24,USD,pre-market,None,2019440000,0.0224,0.0945,0.074,24.46,None,9962571000,512414000,100007000,73.27,78.86,-6.0606,28537854000,2861473000,2653183000,20001571000,25676381000,17348388000,9625477000,8536283000,22.69,0,83.01,61.07
2025-12-28,XEL,3.28,14228000000.0,22.69,None,0.453,35.81,,None,101603000,101603000,,,,,,,,,1211356000,485241000,None,3922163000,3922163000,957521000,None,None,1270415000,None,None,815784000,,2.26,0.0305,,,,-0.272,-0.08,1092719000,1908503000,1.32,2011-06-30,18.18,0,6407000000.0,5703314000,672577000,173539000,0,0,None,857000,None,484772000,None,None,9263556000,None,None,512972000,None,None,None,0.266,,4610595000,1092719000,622173000,781747000,None,7761364000,None,,,,,2.753,2.078,3.094,,,,,,,,0.135,,21513539000,2025-10-30,quarterly,1.24,USD,pre-market,None,1812505000,0.0224,0.0945,0.074,24.46,None,9973483000,709927000,0,73.27,78.86,-6.0606,28003224000,2478963000,2638759000,19663679000,25524261000,17024920000,9625477000,8339545000,22.69,0,83.01,61.07
2025-12-28,XEL,3.28,14228000000.0,22.69,None,0.453,35.81,,None,94338000,94338000,,,,,,,,,1210411000,484301000,None,3922163000,3922163000,848568000,None,None,1316116000,None,None,815784000,,2.26,0.0305,,,,-0.272,-0.08,1092719000,1908503000,1.32,2011-03-31,18.18,0,6407000000.0,5703314000,672577000,173539000,0,0,None,857000,None,442205000,None,None,9264123000,None,177469000,512972000,None,None,None,0.266,,4610595000,1092719000,661470000,737258000,None,7431307000,None,,,,,2.753,2.078,3.094,,,,,,,,0.135,,20908333000,2025-10-30,quarterly,1.24,USD,pre-market,None,1781386000,0.0224,0.0945,0.074,24.46,None,9850384000,586261000,0,73.27,78.86,-6.0606,27466649000,2514129000,2484756000,19180186000,24952520000,16695430000,9625477000,8286463000,22.69,0,83.01,61.07
2025-12-28,XEL,3.28,14228000000.0,22.69,None,0.453,35.81,,None,108437000,108437000,,,,,,,,,1205834000,484301000,None,3922163000,3922163000,979750000,None,None,1427165000,None,None,815784000,,2.26,0.0305,,,,-0.272,-0.08,1092719000,1908503000,1.32,2010-12-31,18.18,0,6407000000.0,5703314000,672577000,173539000,0,0,None,857000,None,560800000,None,None,9263144000,None,None,512972000,None,None,None,0.266,,4610595000,1092719000,636241000,780648000,None,7399514000,None,,,,,2.753,2.078,3.094,,,,,,,,0.135,,20663082000,2025-10-30,quarterly,1.24,USD,pre-market,None,1701703000,0.0224,0.0945,0.074,24.46,None,9784959000,521815000,0,73.27,78.86,-6.0606,27387690000,2732643000,2536533000,19199191000,24655047000,16662658000,9625477000,8188499000,22.69,0,83.01,61.07
2025-12-28,XEL,3.28,14228000000.0,22.69,None,0.453,35.81,,None,213455000,213455000,,,,,,,,,1150261000,462019000,None,3922163000,3922163000,794381000,None,None,1266214000,None,None,815784000,,2.26,0.0305,,,,-0.272,-0.08,1092719000,1908503000,1.32,2010-09-30,18.18,0,6407000000.0,5703314000,672577000,173539000,0,0,None,857000,None,591725000,None,None,8864759000,None,261748000,512972000,None,None,None,0.266,,4610595000,1092719000,392546000,726177000,None,7526566000,None,,,,,2.753,2.078,3.094,,,,,,,,0.135,,19444841000,2025-10-30,quarterly,1.24,USD,pre-market,None,1688489000,0.0224,0.0945,0.074,24.46,None,9319202000,454443000,65573000,73.27,78.86,-6.0606,26301466000,2529513000,2199484000,18590809000,23771953000,16391325000,9625477000,7710657000,22.69,0,83.01,61.07
2025-12-28,XEL,3.28,14228000000.0,22.69,None,0.453,35.81,,None,65988000,65988000,,,,,,,,,1149069000,460432000,None,3922163000,3922163000,842277000,None,None,1216475000,None,None,815784000,,2.26,0.0305,,,,-0.272,-0.08,1092719000,1908503000,1.32,2010-06-30,18.18,0,6407000000.0,5703314000,672577000,173539000,0,0,None,857000,None,464383000,None,None,8409815000,None,260094000,512972000,None,None,None,0.266,,4610595000,1092719000,453196000,662011000,None,7310928000,None,,,,,2.753,2.078,3.094,,,,,,,,0.135,,19074194000,2025-10-30,quarterly,1.24,USD,pre-market,None,1493997000,0.0224,0.0945,0.074,24.46,None,9084452000,674637000,63905000,73.27,78.86,-6.0606,25563212000,2263947000,2345667000,18066410000,23299265000,15720743000,9625477000,7496802000,22.69,0,83.01,61.07
2025-12-28,XEL,3.28,14228000000.0,22.69,None,0.453,35.81,,None,79504000,79504000,,,,,,,,,1148038000,459697000,None,3922163000,3922163000,842794000,None,None,1334228000,None,None,815784000,,2.26,0.0305,,,,-0.272,-0.08,1092719000,1908503000,1.32,2010-03-31,18.18,0,6407000000.0,5703314000,672577000,173539000,0,0,None,857000,None,452421000,None,None,7862888000,None,275124000,512972000,None,None,None,0.266,,4610595000,1092719000,421157000,604432000,None,7250924000,None,,,,,2.753,2.078,3.094,,,,,,,,0.135,,18744541000,2025-10-30,quarterly,1.24,USD,pre-market,None,1472308000,0.0224,0.0945,0.074,24.46,None,8873244000,1010356000,56984000,73.27,78.86,-6.0606,25334501000,2344294000,2759838000,17873650000,22990207000,15113812000,9625477000,7460851000,22.69,0,83.01,61.07
2025-12-28,XEL,3.28,14228000000.0,22.69,None,0.453,35.81,,None,107789000,107789000,,,,,,,,,1143773000,459697000,None,3922163000,3922163000,1083572000,None,None,1424201000,None,None,815784000,,2.26,0.0305,,,,-0.272,-0.08,1092719000,1908503000,1.32,2009-12-31,18.18,0,6407000000.0,5703314000,672577000,173539000,0,0,None,857000,None,566205000,None,None,7888628000,None,289530000,512972000,None,None,None,0.266,,4610595000,1092719000,870581000,770649000,None,7196318000,None,,,,,2.753,2.078,3.094,,,,,,,,0.135,,18508296000,2025-10-30,quarterly,1.24,USD,pre-market,None,1419201000,0.0224,0.0945,0.074,24.46,None,8891442000,1002814000,0,73.27,78.86,-6.0606,25488428000,2763411000,3089999000,18100203000,22725017000,15084946000,9625477000,7388225000,22.69,0,83.01,61.07
2025-12-28,XEL,3.28,14228000000.0,22.69,None,0.453,35.81,,None,90206000,90206000,,,,,,,,,1140629000,457453000,None,3922163000,3922163000,811624000,None,None,1170103000,None,None,815784000,,2.26,0.0305,,,,-0.272,-0.08,1092719000,1908503000,1.32,2009-09-30,18.18,0,6407000000.0,5703314000,672577000,173539000,0,0,None,857000,None,554929000,None,None,7945400000,None,1674369000,512972000,None,None,None,0.266,,4610595000,1092719000,575559000,673062000,None,7453150000,None,,,,,2.753,2.078,3.094,,,,,,,,0.135,,18514792000,2025-10-30,quarterly,1.24,USD,pre-market,None,1363918000,0.0224,0.0945,0.074,24.46,None,8623934000,678534000,0,73.27,78.86,-6.0606,25081208000,2390797000,2386498000,17785048000,22690411000,15398550000,9625477000,7296160000,22.69,0,83.01,61.07
2025-12-28,XEL,3.28,14228000000.0,22.69,None,0.453,35.81,,None,380253000,380253000,,,,,,,,,1139292000,456766000,None,3922163000,3922163000,793746000,None,None,1200316000,None,None,815784000,,2.26,0.0305,,,,-0.272,-0.08,1092719000,1908503000,1.32,2009-06-30,18.18,0,6407000000.0,5703314000,672577000,173539000,0,0,None,857000,None,435522000,None,None,8055638000,None,1627338000,512972000,None,None,None,0.266,,4610595000,1092719000,542600000,758845000,None,7201613000,None,,,,,2.753,2.078,3.094,,,,,,,,0.135,,18201097000,2025-10-30,quarterly,1.24,USD,pre-market,None,1256405000,0.0224,0.0945,0.074,24.46,None,8884389000,828751000,0,73.27,78.86,-6.0606,24987251000,2558691000,2551297000,17808548000,22428560000,15257251000,9625477000,7178703000,22.69,0,83.01,61.07
2025-12-28,XEL,3.28,14228000000.0,22.69,None,0.453,35.81,,None,301315000,301315000,,,,,,,,,1138141000,455952000,None,3922163000,3922163000,857671000,None,None,1306172000,None,None,815784000,,2.26,0.0305,,,,-0.272,-0.08,1092719000,1908503000,1.32,2009-03-31,18.18,None,6407000000.0,5703314000,672577000,173539000,None,None,None,857000,None,450808000,None,None,7666304000,None,None,512972000,None,None,None,0.266,,4610595000,1092719000,394015000,645617000,None,None,None,,,,,2.753,2.078,3.094,,,,,,,,0.135,,17947476000,2025-10-30,quarterly,1.24,USD,pre-market,None,1252471000,0.0224,0.0945,0.074,24.46,None,8563576000,897272000,None,73.27,78.86,-6.0606,24628261000,2452310000,2681588000,17474199000,22175951000,14792611000,9625477000,7154062000,22.69,None,83.01,61.07
2025-12-28,XEL,3.28,14228000000.0,22.69,None,0.453,35.81,,None,249198000,249198000,,,,,,,,,1134480000,455952000,None,3922163000,3922163000,1120324000,None,None,1677103000,None,None,815784000,,2.26,0.0305,,,,-0.272,-0.08,1092719000,1908503000,1.32,2008-12-31,18.18,None,6407000000.0,5703314000,672577000,173539000,None,None,None,857000,None,666709000,None,None,7731688000,None,None,512972000,None,None,None,0.266,,4610595000,1092719000,422519000,691357000,None,None,None,,,,,2.753,2.078,3.094,,,,,,,,0.135,,17688720000,2025-10-30,quarterly,1.24,USD,pre-market,None,1187911000,0.0224,0.0945,0.074,24.46,None,8745710000,1014022000,None,73.27,78.86,-6.0606,24958495000,3015529000,3046245000,17889774000,21942966000,14844000000,9625477000,7068721000,22.69,None,83.01,61.07
2025-12-28,XEL,3.28,14228000000.0,22.69,None,0.453,35.81,,None,383975000,383975000,,,,,,,,,1121539000,439397000,None,3922163000,3922163000,863888000,None,None,1317995000,None,None,815784000,,2.26,0.0305,,,,-0.272,-0.08,1092719000,1908503000,1.32,2008-09-30,18.18,None,6407000000.0,5703314000,672577000,173539000,None,None,None,857000,None,727332000,None,None,7485798000,None,None,512972000,None,None,None,0.266,,4610595000,1092719000,601376000,900831000,None,None,None,,,,,2.753,2.078,3.094,,,,,,,,0.135,,17554991000,2025-10-30,quarterly,1.24,USD,pre-market,None,1132672000,0.0224,0.0945,0.074,24.46,None,8744405000,1258607000,None,73.27,78.86,-6.0606,24500730000,3030678000,3023326000,17547410000,21470052000,14524000000,9625477000,6953320000,22.69,None,83.01,61.07
2025-12-28,XEL,3.28,14228000000.0,22.69,None,0.453,35.81,,None,70871000,70871000,,,,,,,,,1077292000,435868000,None,3922163000,3922163000,1028894000,None,None,1451500000,None,None,815784000,,2.26,0.0305,,,,-0.272,-0.08,1092719000,1908503000,1.32,2008-06-30,18.18,None,6407000000.0,5703314000,672577000,173539000,None,None,None,857000,None,691820000,None,None,7139556000,None,None,512972000,None,None,None,0.266,,4610595000,1092719000,474069000,767951000,None,None,None,,,,,2.753,2.078,3.094,,,,,,,,0.135,,17278841000,2025-10-30,quarterly,1.24,USD,pre-market,None,1017488000,0.0224,0.0945,0.074,24.46,None,8553526000,1413970000,None,73.27,78.86,-6.0606,23718643000,2688260000,3210815000,17239193000,21030383000,14028000000,9625477000,6479450000,22.69,None,83.01,61.07
2025-12-28,XEL,3.28,14228000000.0,22.69,None,0.453,35.81,,None,175841000,175841000,,,,,,,,,1076281000,434853000,None,3922163000,3922163000,1064160000,None,None,1557049000,None,None,815784000,,2.26,0.0305,,,,-0.272,-0.08,1092719000,1908503000,1.32,2008-03-31,18.18,None,6407000000.0,5703314000,672577000,173539000,None,None,None,857000,None,425133000,None,None,7139770000,None,None,512972000,None,None,None,0.266,,4610595000,1092719000,529730000,747490000,None,None,None,,,,,2.753,2.078,3.094,,,,,,,,0.135,,16955142000,2025-10-30,quarterly,1.24,USD,pre-market,None,1015317000,0.0224,0.0945,0.074,24.46,None,8259258000,1119488000,None,73.27,78.86,-6.0606,23358620000,2687753000,2931138000,16896592000,20670867000,13966000000,9625477000,6462028000,22.69,None,83.01,61.07
2025-12-28,XEL,3.28,14228000000.0,22.69,None,0.453,35.81,,None,51120000,51120000,,,,,,,,,1071957000,434853000,None,3922163000,3922163000,1079345000,None,None,1683539000,None,None,815784000,,2.26,0.0305,,,,-0.272,-0.08,1092719000,1908503000,1.32,2007-12-31,18.18,None,6407000000.0,5703314000,672577000,173539000,None,None,None,857000,None,531610000,None,None,6342160000,None,None,512972000,None,None,None,0.266,,4610595000,1092719000,540924000,835684000,None,None,None,,,,,2.753,2.078,3.094,,,,,,,,0.135,,16675689000,2025-10-30,quarterly,1.24,USD,pre-market,None,963916000,0.0224,0.0945,0.074,24.46,None,8068255000,1726095000,None,73.27,78.86,-6.0606,23184727000,2807193000,3641124000,16778745000,20377534000,13138000000,9625477000,6405982000,22.69,None,83.01,61.07
2025-12-28,XEL,3.28,14228000000.0,22.69,None,0.453,35.81,,None,360868000,360868000,,,,,,,,,1049814000,433387000,None,3922163000,3922163000,873200000,None,None,1244776000,None,None,815784000,,2.26,0.0305,,,,-0.272,-0.08,1092719000,1908503000,1.32,2007-09-30,18.18,None,6407000000.0,5703314000,672577000,173539000,None,None,None,857000,None,531369000,None,None,7252800000,None,None,512972000,None,None,None,0.266,,4610595000,1092719000,517938000,880242000,None,None,None,,,,,2.753,2.078,3.094,,,,,,,,0.135,,16346137000,2025-10-30,quarterly,1.24,USD,pre-market,None,933675000,0.0224,0.0945,0.074,24.46,None,7980022000,727222000,None,73.27,78.86,-6.0606,22824199000,2654951000,2480664000,16557412000,20169248000,14065000000,9625477000,6266480000,22.69,None,83.01,61.07
2025-12-28,XEL,3.28,14228000000.0,22.69,None,0.453,35.81,,None,38831000,38831000,,,,,,,,,1048774000,432861000,None,3922163000,3922163000,932956000,None,None,1358565000,None,None,815784000,,2.26,0.0305,,,,-0.272,-0.08,1092719000,1908503000,1.32,2007-06-30,18.18,None,6407000000.0,5703314000,672577000,173539000,None,None,None,857000,None,409108000,None,None,6614813000,None,None,512972000,None,None,None,0.266,,4610595000,1092719000,523822000,824009000,None,None,None,,,,,2.753,2.078,3.094,,,,,,,,0.135,,16109745000,2025-10-30,quarterly,1.24,USD,pre-market,None,779603000,0.0224,0.0945,0.074,24.46,None,7530556000,915743000,None,73.27,78.86,-6.0606,22288430000,2330326000,2672708000,16187798000,19958104000,13494000000,9625477000,6099896000,22.69,None,83.01,61.07
2025-12-28,XEL,3.28,14228000000.0,22.69,None,0.453,35.81,,None,65003000,65003000,,,,,,,,,1022152000,432054000,None,3922163000,3922163000,949487000,None,None,1441763000,None,None,815784000,,2.26,0.0305,,,,-0.272,-0.08,1092719000,1908503000,1.32,2007-03-31,18.18,None,6407000000.0,5703314000,672577000,173539000,None,None,None,857000,None,387715000,None,None,6452274000,None,None,512972000,None,None,None,0.266,,4610595000,1092719000,484240000,835316000,None,None,None,,,,,2.753,2.078,3.094,,,,,,,,0.135,,15835375000,2025-10-30,quarterly,1.24,USD,pre-market,None,801148000,0.0224,0.0945,0.074,24.46,None,7423064000,970790000,None,73.27,78.86,-6.0606,21979495000,2378721000,2755593000,16005050000,19600774000,13250000000,9625477000,5973231000,22.69,None,83.01,61.07
2025-12-28,XEL,3.28,14228000000.0,22.69,None,0.453,35.81,,None,37458000,37458000,,,,,,,,,1018242000,432054000,None,3922163000,3922163000,1101270000,None,None,1347593000,None,None,815784000,,2.26,0.0305,,,,-0.272,-0.08,1092719000,1908503000,1.32,2006-12-31,18.18,None,6407000000.0,5703314000,672577000,173539000,None,None,None,857000,None,506190000,None,None,6449638000,None,None,512972000,None,None,None,0.266,,4610595000,1092719000,742945000,801300000,None,None,None,,,,,2.753,2.078,3.094,,,,,,,,0.135,,15548658000,2025-10-30,quarterly,1.24,USD,pre-market,None,771249000,0.0224,0.0945,0.074,24.46,None,7412349000,962711000,None,73.27,78.86,-6.0606,21958346000,2634186000,2865281000,16034984000,19324160000,13172000000,9625477000,5921802000,22.69,None,83.01,61.07
2025-12-28,XEL,3.28,14228000000.0,22.69,None,0.453,35.81,,None,32961000,32961000,,,,,,,,,1016312000,430000000,None,3922163000,3922163000,878685000,None,None,1149072000,None,None,815784000,,2.26,0.0305,,,,-0.272,-0.08,1092719000,1908503000,1.32,2006-09-30,18.18,None,6407000000.0,5703314000,672577000,173539000,None,None,None,857000,None,541777000,None,None,6688499000,None,None,512972000,None,None,None,0.266,,4610595000,1092719000,818486000,889059000,None,None,None,,,,,2.753,2.078,3.094,,,,,,,,0.135,,15305692000,2025-10-30,quarterly,1.24,USD,pre-market,None,765214000,0.0224,0.0945,0.074,24.46,None,7199455000,510956000,None,73.27,78.86,-6.0606,21220397000,2542296000,2278700000,15426224000,18678101000,13150000000,9625477000,5791885000,22.69,None,83.01,61.07
2025-12-28,XEL,3.28,14228000000.0,22.69,None,0.453,35.81,,None,161213000,161213000,,,,,,,,,1013901000,429099000,None,3922163000,3922163000,922878000,None,None,1167287000,None,None,815784000,,2.26,0.0305,,,,-0.272,-0.08,1092719000,1908503000,1.32,2006-06-30,18.18,None,6407000000.0,5703314000,672577000,173539000,None,None,None,857000,None,395517000,None,None,6237085000,None,None,512972000,None,None,None,0.266,,4610595000,1092719000,759543000,697739000,None,None,None,,,,,2.753,2.078,3.094,,,,,,,,0.135,,15086261000,2025-10-30,quarterly,1.24,USD,pre-market,None,632263000,0.0224,0.0945,0.074,24.46,None,7186003000,948918000,None,73.27,78.86,-6.0606,21258846000,2483560000,2569535000,15595643000,18775286000,13029000000,9625477000,5660230000,22.69,None,83.01,61.07
2025-12-28,XEL,3.28,14228000000.0,22.69,None,0.453,35.81,,None,81907000,81907000,,,,,,,,,1012719000,427461000,None,3922163000,3922163000,901885000,None,None,1338047000,None,None,815784000,,2.26,0.0305,,,,-0.272,-0.08,1092719000,1908503000,1.32,2006-03-31,18.18,None,6407000000.0,5703314000,672577000,173539000,None,None,None,857000,None,382433000,None,None,5544899000,None,None,512972000,None,None,None,0.266,,4610595000,1092719000,735995000,768579000,None,None,None,,,,,2.753,2.078,3.094,,,,,,,,0.135,,14882779000,2025-10-30,quarterly,1.24,USD,pre-market,None,625283000,0.0224,0.0945,0.074,24.46,None,7130079000,1585180000,None,73.27,78.86,-6.0606,21141182000,2538382000,3255644000,15514249000,18602800000,12262000000,9625477000,5623571000,22.69,None,83.01,61.07
2025-12-28,XEL,3.28,14228000000.0,22.69,None,0.453,35.81,,None,72196000,72196000,,,,,,,,,1008468000,427461000,None,3922163000,3922163000,1187489000,None,None,1625585000,None,None,815784000,,2.26,0.0305,,,,-0.272,-0.08,1092719000,1908503000,1.32,2005-12-31,18.18,None,6407000000.0,5703314000,672577000,173539000,None,None,None,857000,None,535157000,None,None,5897789000,None,None,512972000,None,None,None,0.266,,4610595000,1092719000,908923000,903722000,None,None,None,,,,,2.753,2.078,3.094,,,,,,,,0.135,,14696310000,2025-10-30,quarterly,1.24,USD,pre-market,None,562138000,0.0224,0.0945,0.074,24.46,None,7479404000,1581615000,None,73.27,78.86,-6.0606,21648316000,3141861000,3672826000,16144534000,18506455000,12332000000,9625477000,5500235000,22.69,None,83.01,61.07
2025-12-28,XEL,3.28,14228000000.0,22.69,None,0.453,35.81,,None,185676000,185676000,,,,,,,,,1007204000,426085000,None,3922163000,3922163000,1023021000,None,None,1356223000,None,None,815784000,,2.26,0.0305,,,,-0.272,-0.08,1092719000,1908503000,1.32,2005-09-30,18.18,None,6407000000.0,5703314000,672577000,173539000,None,None,None,857000,None,221675000,None,None,6158538000,None,None,512972000,None,None,None,0.266,,4610595000,1092719000,1430554000,938899000,None,None,None,,,,,2.753,2.078,3.094,,,,,,,,0.135,,14428318000,2025-10-30,quarterly,1.24,USD,pre-market,None,537859000,0.0224,0.0945,0.074,24.46,None,7007253000,848715000,None,73.27,78.86,-6.0606,21538879000,3194128000,2810635000,16051436000,18344751000,13245000000,9625477000,5483013000,22.69,None,83.01,61.07
2025-12-28,XEL,3.28,14228000000.0,22.69,None,0.453,35.81,,1094000000,179000000,179000000,,,,,,,,,1436000000,563000000,None,3922163000,3922163000,1781000000,None,1798000000,2081000000,None,None,815784000,,2.26,0.0305,,,,-0.272,-0.08,1092719000,1908503000,1.32,2024-12-31,18.18,None,6407000000.0,5703314000,672577000,173539000,None,None,None,857000,None,666000000,None,None,27316000000,None,3896000000,512972000,None,None,None,0.266,,4610595000,1092719000,1399000000,2118000000,None,89000000,None,,,,,2.753,2.078,3.094,,,,,,,,0.135,,None,2025-10-30,annual,1.24,USD,pre-market,None,8553000000,0.0224,0.0945,0.074,24.46,None,30208000000,2025000000,None,73.27,78.86,-6.0606,70035000000,4325000000,6459000000,50513000000,65710000000,44054000000,9625477000,19522000000,22.69,None,83.01,61.07
2025-12-28,XEL,3.28,14228000000.0,22.69,None,0.453,35.81,,1264000000,129000000,129000000,,,,,,,,,1387000000,552000000,None,3922163000,3922163000,1668000000,None,1337000000,2168000000,None,None,815784000,,2.26,0.0305,,,,-0.272,-0.08,1092719000,1908503000,1.32,2023-12-31,18.18,None,6407000000.0,5703314000,672577000,173539000,None,None,None,857000,None,711000000,None,None,24913000000,None,3599000000,512972000,None,None,None,0.266,,4610595000,1092719000,1061000000,1864000000,None,148000000,None,,,,,2.753,2.078,3.094,,,,,,,,0.135,,None,2025-10-30,annual,1.24,USD,pre-market,None,7858000000,0.0224,0.0945,0.074,24.46,None,27514000000,1563000000,104000000,73.27,78.86,-6.0606,64079000000,4069000000,5652000000,46463000000,60010000000,40811000000,9625477000,17616000000,22.69,None,83.01,61.07
2025-12-28,XEL,3.28,14228000000.0,22.69,None,0.453,35.81,,1255000000,111000000,111000000,,,,,,,,,1374000000,547000000,None,3922163000,3922163000,1804000000,None,1964000000,2478000000,None,None,815784000,,2.26,0.0305,,,,-0.272,-0.08,1092719000,1908503000,1.32,2022-12-31,18.18,None,6407000000.0,5703314000,672577000,173539000,None,None,None,857000,None,803000000,None,None,22813000000,None,3327000000,512972000,None,None,None,0.266,,4610595000,1092719000,1752000000,1524000000,None,15622000000,None,,,,,2.753,2.078,3.094,,,,,,,,0.135,,48253000000,2025-10-30,annual,1.24,USD,pre-market,None,7239000000,0.0224,0.0945,0.074,24.46,None,26032000000,2181000000,279000000,73.27,78.86,-6.0606,61188000000,5144000000,6078000000,44513000000,56044000000,38435000000,9625477000,16675000000,22.69,None,83.01,61.07
2025-12-28,XEL,3.28,14228000000.0,22.69,None,0.453,35.81,,1351000000,166000000,166000000,,,,,,,,,1360000000,540000000,None,3922163000,3922163000,1409000000,None,1606000000,1880000000,None,None,815784000,,2.26,0.0305,,,,-0.272,-0.08,1092719000,1908503000,1.32,2021-12-31,18.18,None,6407000000.0,5703314000,672577000,173539000,None,None,None,857000,None,631000000,None,None,21779000000,None,3695000000,512972000,None,None,None,0.266,,4610595000,1092719000,1562000000,1257000000,None,15414000000,None,,,,,2.753,2.078,3.094,,,,,,,,0.135,,45457000000,2025-10-30,annual,1.24,USD,pre-market,None,6572000000,0.0224,0.0945,0.074,24.46,None,24736000000,1811000000,123000000,73.27,78.86,-6.0606,57851000000,4239000000,5046000000,42239000000,53612000000,37193000000,9625477000,15612000000,22.69,None,83.01,61.07
2025-12-28,XEL,3.28,14228000000.0,22.69,None,0.453,35.81,,1558000000,129000000,129000000,,,,,,,,,1344000000,528000000,None,3922163000,3922163000,1237000000,None,1005000000,1630000000,None,None,815784000,,2.26,0.0305,,,,-0.272,-0.08,1092719000,1908503000,1.32,2020-12-31,18.18,None,6407000000.0,5703314000,672577000,173539000,None,None,None,857000,None,535000000,None,None,19645000000,None,3126000000,512972000,None,None,None,0.266,,4610595000,1092719000,981000000,1205000000,None,15498000000,None,,,,,2.753,2.078,3.094,,,,,,,,0.135,,42950000000,2025-10-30,annual,1.24,USD,pre-market,None,5968000000,0.0224,0.0945,0.074,24.46,None,22208000000,1219000000,49000000,73.27,78.86,-6.0606,53957000000,3275000000,4239000000,39382000000,50682000000,35143000000,9625477000,14575000000,22.69,None,83.01,61.07
2025-12-28,XEL,3.28,14228000000.0,22.69,None,0.453,35.81,,1549000000,248000000,248000000,,,,,,,,,1311000000,520000000,None,3922163000,3922163000,1294000000,None,1297000000,1550000000,None,None,815784000,,2.26,0.0305,,,,-0.272,-0.08,1092719000,1908503000,1.32,2019-12-31,18.18,None,6407000000.0,5703314000,672577000,173539000,None,None,None,857000,None,544000000,None,None,17407000000,None,2753000000,512972000,None,None,None,0.266,,4610595000,1092719000,771000000,1317000000,None,15234000000,None,,,,,2.753,2.078,3.094,,,,,,,,0.135,,39483000000,2025-10-30,annual,1.24,USD,pre-market,None,5413000000,0.0224,0.0945,0.074,24.46,None,20447000000,1491000000,26000000,73.27,78.86,-6.0606,50448000000,3113000000,4568000000,37209000000,47335000000,32641000000,9625477000,13239000000,22.69,None,83.01,61.07
2025-12-28,XEL,3.28,14228000000.0,22.69,None,0.453,35.81,,None,147000000,147000000,,,,,,,,,1285000000,511000000,None,3922163000,3922163000,1237000000,None,1444000000,1615000000,None,None,815784000,,2.26,0.0305,,,,-0.272,-0.08,1092719000,1908503000,1.32,2018-12-31,18.18,None,6407000000.0,5703314000,672577000,173539000,None,None,None,857000,None,548000000,None,None,15803000000,None,2351000000,512972000,None,None,None,0.266,,4610595000,1092719000,784000000,1329000000,None,13502000000,None,,,,,2.753,2.078,3.094,,,,,,,,0.135,,36944000000,2025-10-30,annual,1.24,USD,pre-market,None,4893000000,0.0224,0.0945,0.074,24.46,None,17247000000,1444000000,87000000,73.27,78.86,-6.0606,45987000000,3094000000,4460000000,33765000000,42893000000,29305000000,9625477000,12222000000,22.69,None,83.01,61.07
2025-12-28,XEL,3.28,14228000000.0,22.69,None,0.453,35.81,,None,83000000,83000000,,,,,,,,,1269000000,509000000,None,3922163000,3922163000,1243000000,None,1271000000,1561000000,None,None,815784000,,2.26,0.0305,,,,-0.272,-0.08,1092719000,1908503000,1.32,2017-12-31,18.18,0,6407000000.0,5703314000,672577000,173539000,0,0,None,857000,None,610000000,None,None,14520000000,None,2445000000,512972000,None,None,None,0.266,,4610595000,1092719000,719000000,1126000000,None,12967000000,None,,,,,2.753,2.078,3.094,,,,,,,,0.135,,34329000000,2025-10-30,annual,1.24,USD,pre-market,None,4413000000,0.0224,0.0945,0.074,24.46,None,15791000000,1271000000,44000000,73.27,78.86,-6.0606,43030000000,2973000000,4088000000,31575000000,40057000000,27487000000,9625477000,11455000000,22.69,0,83.01,61.07
2025-12-28,XEL,3.28,14228000000.0,22.69,None,0.453,35.81,,None,84476000,84476000,,,,,,,,,1268057000,509465000,None,3922163000,3922163000,1044959000,None,647529000,1506000000,None,None,815784000,,2.26,0.0305,,,,-0.272,-0.08,1092719000,1908503000,1.32,2016-12-31,18.18,0,6407000000.0,5703314000,672577000,173539000,0,0,None,857000,None,604226000,None,None,14194718000,None,2142047000,512972000,None,None,None,0.266,,4610595000,1092719000,646697000,1097649000,None,12692667000,None,,,,,2.753,2.078,3.094,,,,,,,,0.135,,32841750000,2025-10-30,annual,1.24,USD,pre-market,None,3981652000,0.0224,0.0945,0.074,24.46,None,14842000000,647000000,38224000,73.27,78.86,-6.0606,41155277000,2842081000,3247000000,30134428000,38313196000,26887385000,9625477000,11020849000,22.69,0,83.01,61.07
2025-12-28,XEL,3.28,14228000000.0,22.69,None,0.453,35.81,,None,84940000,84940000,,,,,,,,,1268839000,508168000,None,3922163000,3922163000,960982000,None,657021000,1379473000,None,None,815784000,,2.26,0.0305,,,,-0.272,-0.08,1092719000,1908503000,1.32,2015-12-31,18.18,0,6407000000.0,5703314000,672577000,173539000,0,0,None,857000,None,608584000,None,None,12398880000,None,1954078000,512972000,None,None,None,0.266,,4610595000,1092719000,697229000,1156105000,None,11903599000,None,,,,,2.753,2.078,3.094,,,,,,,,0.135,,31205851000,2025-10-30,annual,1.24,USD,pre-market,None,3552728000,0.0224,0.0945,0.074,24.46,None,13901901000,1503021000,6230000,73.27,78.86,-6.0606,39053535000,2910445000,4058297000,28452615000,36143090000,24394318000,9625477000,10600920000,22.69,0,83.01,61.07
2025-12-28,XEL,3.28,14228000000.0,22.69,None,0.453,35.81,,None,79608000,79608000,,,,,,,,,1264333000,504117000,None,3922163000,3922163000,1173006000,None,257726000,1554998000,None,None,815784000,,2.26,0.0305,,,,-0.272,-0.08,1092719000,1908503000,1.32,2014-12-31,18.18,0,6407000000.0,5703314000,672577000,173539000,0,0,None,857000,None,597183000,None,None,11499634000,None,1886415000,512972000,None,None,None,0.266,,4610595000,1092719000,1132591000,1217736000,None,11179185000,None,,,,,2.753,2.078,3.094,,,,,,,,0.135,,28756916000,2025-10-30,annual,1.24,USD,pre-market,None,3220958000,0.0224,0.0945,0.074,24.46,None,12776860000,1277226000,15818000,73.27,78.86,-6.0606,36957884000,3364380000,4064583000,26743402000,33593504000,22678819000,9625477000,10214482000,22.69,0,83.01,61.07
2025-12-28,XEL,3.28,14228000000.0,22.69,None,0.453,35.81,,None,107144000,107144000,,,,,,,,,1244929000,496532000,None,3922163000,3922163000,1261238000,None,None,1431390000,None,None,815784000,,2.26,0.0305,,,,-0.272,-0.08,1092719000,1908503000,1.32,2013-12-31,18.18,0,6407000000.0,5703314000,672577000,173539000,0,0,None,857000,None,576538000,None,None,10910754000,None,1840832000,512972000,None,None,None,0.266,,4610595000,1092719000,1102968000,974731000,None,9776288000,None,,,,,2.753,2.078,3.094,,,,,,,,0.135,,26122159000,2025-10-30,annual,1.24,USD,pre-market,None,2807983000,0.0224,0.0945,0.074,24.46,None,11950517000,1039763000,13783000,73.27,78.86,-6.0606,33907490000,3218040000,3654498000,24341540000,30689450000,20687042000,9625477000,9565950000,22.69,0,83.01,61.07
2025-12-28,XEL,3.28,14228000000.0,22.69,None,0.453,35.81,,None,82323000,82323000,,,,,,,,,1219899000,488434000,None,3922163000,3922163000,959093000,None,None,1381409000,None,None,815784000,,2.26,0.0305,,,,-0.272,-0.08,1092719000,1908503000,1.32,2012-12-31,18.18,0,6407000000.0,5703314000,672577000,173539000,0,0,None,857000,None,535574000,None,None,10143905000,None,1744162000,512972000,None,None,None,0.266,,4610595000,1092719000,625833000,783384000,None,9185631000,None,,,,,2.753,2.078,3.094,,,,,,,,0.135,,23809348000,2025-10-30,annual,1.24,USD,pre-market,None,2413816000,0.0224,0.0945,0.074,24.46,None,11004060000,860155000,20320000,73.27,78.86,-6.0606,31140686000,2625139000,2937073000,22266609000,28515547000,19329536000,9625477000,8874077000,22.69,0,83.01,61.07
2025-12-28,XEL,3.28,14228000000.0,22.69,None,0.453,35.81,,None,60684000,60684000,,,,,,,,,1216234000,485615000,None,3922163000,3922163000,902078000,None,None,1441860000,None,None,815784000,,2.26,0.0305,,,,-0.272,-0.08,1092719000,1908503000,1.32,2011-12-31,18.18,0,6407000000.0,5703314000,672577000,173539000,0,0,None,857000,None,618232000,None,None,8848513000,None,1616402000,512972000,None,None,None,0.266,,4610595000,1092719000,861788000,1117926000,None,8577917000,None,,,,,2.753,2.078,3.094,,,,,,,,0.135,,22353367000,2025-10-30,annual,1.24,USD,pre-market,None,2032556000,0.0224,0.0945,0.074,24.46,None,10127435000,1278922000,95287000,73.27,78.86,-6.0606,29497267000,2982564000,3588639000,21015069000,26514703000,17426430000,9625477000,8482198000,22.69,0,83.01,61.07
2025-12-28,XEL,3.28,14228000000.0,22.69,None,0.453,35.81,,None,108437000,108437000,,,,,,,,,1205834000,463391000,None,3922163000,3922163000,979750000,None,None,1427165000,None,None,815784000,,2.26,0.0305,,,,-0.272,-0.08,1092719000,1908503000,1.32,2010-12-31,18.18,0,6407000000.0,5703314000,672577000,173539000,0,0,None,857000,None,560800000,None,None,9263144000,None,None,512972000,None,None,None,0.266,,4610595000,1092719000,636241000,780648000,None,7399514000,None,,,,,2.753,2.078,3.094,,,,,,,,0.135,,20663082000,2025-10-30,annual,1.24,USD,pre-market,None,1701703000,0.0224,0.0945,0.074,24.46,None,9784959000,521815000,0,73.27,78.86,-6.0606,27387690000,2732643000,2536533000,19199191000,24655047000,16662658000,9625477000,8188499000,22.69,0,83.01,61.07
2025-12-28,XEL,3.28,14228000000.0,22.69,None,0.453,35.81,,None,107789000,107789000,,,,,,,,,1143773000,457139000,None,3922163000,3922163000,1083127000,None,None,1424201000,None,None,815784000,,2.26,0.0305,,,,-0.272,-0.08,1092719000,1908503000,1.32,2009-12-31,18.18,0,6407000000.0,5703314000,672577000,173539000,0,0,None,857000,None,566205000,None,None,7888628000,None,289530000,512972000,None,None,None,0.266,,4610595000,1092719000,870581000,771094000,None,7196318000,None,,,,,2.753,2.078,3.094,,,,,,,,0.135,,18508296000,2025-10-30,annual,1.24,USD,pre-market,None,1419201000,0.0224,0.0945,0.074,24.46,None,8891442000,1002814000,0,73.27,78.86,-6.0606,25488428000,2763411000,3089999000,18100203000,22725017000,15084946000,9625477000,7388225000,22.69,0,83.01,61.07
2025-12-28,XEL,3.28,14228000000.0,22.69,None,0.453,35.81,,None,249198000,249198000,,,,,,,,,1134480000,441813000,None,3922163000,3922163000,1120324000,None,None,1677103000,None,None,815784000,,2.26,0.0305,,,,-0.272,-0.08,1092719000,1908503000,1.32,2008-12-31,18.18,None,6407000000.0,5703314000,672577000,173539000,None,None,None,857000,None,666709000,None,None,7731688000,None,None,512972000,None,None,None,0.266,,4610595000,1092719000,422519000,911899000,None,None,None,,,,,2.753,2.078,3.094,,,,,,,,0.135,,17688720000,2025-10-30,annual,1.24,USD,pre-market,None,1187911000,0.0224,0.0945,0.074,24.46,None,8745710000,1014022000,None,73.27,78.86,-6.0606,24958495000,3015529000,3046245000,17889774000,21942966000,14844000000,9625477000,7068721000,22.69,None,83.01,61.07
2025-12-28,XEL,3.28,14228000000.0,22.69,None,0.453,35.81,,None,51120000,51120000,,,,,,,,,1071957000,433131000,None,3922163000,3922163000,1079345000,None,None,1756954000,None,None,815784000,,2.26,0.0305,,,,-0.272,-0.08,1092719000,1908503000,1.32,2007-12-31,18.18,None,6407000000.0,5703314000,672577000,173539000,None,None,None,857000,None,531610000,None,None,6342160000,None,None,512972000,None,None,None,0.266,,4610595000,1092719000,540924000,835684000,None,None,None,,,,,2.753,2.078,3.094,,,,,,,,0.135,,16675689000,2025-10-30,annual,1.24,USD,pre-market,None,963916000,0.0224,0.0945,0.074,24.46,None,8068255000,1726095000,None,73.27,78.86,-6.0606,23184727000,2807193000,3641124000,16778745000,20377534000,13138000000,9625477000,6405982000,22.69,None,83.01,61.07
2025-12-28,XEL,3.28,14228000000.0,22.69,None,0.453,35.81,,None,37458000,37458000,,,,,,,,,1018242000,429605000,None,3922163000,3922163000,1101270000,None,None,1606193000,None,None,815784000,,2.26,0.0305,,,,-0.272,-0.08,1092719000,1908503000,1.32,2006-12-31,18.18,None,6407000000.0,5703314000,672577000,173539000,None,None,None,857000,None,506190000,None,None,6449638000,None,None,512972000,None,None,None,0.266,,4610595000,1092719000,742945000,801300000,None,None,None,,,,,2.753,2.078,3.094,,,,,,,,0.135,,15548658000,2025-10-30,annual,1.24,USD,pre-market,None,771249000,0.0224,0.0945,0.074,24.46,None,7412349000,962711000,None,73.27,78.86,-6.0606,21958346000,2634186000,2865281000,16034984000,19324160000,13172000000,9625477000,5921802000,22.69,None,83.01,61.07
2025-12-28,XEL,3.28,14228000000.0,22.69,None,0.453,35.81,,None,72196000,72196000,,,,,,,,,1008468000,425671000,None,3922163000,3922163000,1187489000,None,None,2020655000,None,None,815784000,,2.26,0.0305,,,,-0.272,-0.08,1092719000,1908503000,1.32,2005-12-31,18.18,None,6407000000.0,5703314000,672577000,173539000,None,None,None,857000,None,535157000,None,None,5897789000,None,None,512972000,None,None,None,0.266,,4610595000,1092719000,908923000,903722000,None,None,None,,,,,2.753,2.078,3.094,,,,,,,,0.135,,14696310000,2025-10-30,annual,1.24,USD,pre-market,None,562138000,0.0224,0.0945,0.074,24.46,None,7479404000,1581615000,None,73.27,78.86,-6.0606,21648316000,3141861000,3672826000,16144534000,18506455000,12475000000,9625477000,5500235000,22.69,None,83.01,61.07
2025-12-28,XEL,3.28,14228000000.0,22.69,None,0.453,35.81,3055000000,None,72196000,72196000,895000000,-3062000000,None,None,-105000000,None,None,None,1008468000,425671000,None,3922163000,3922163000,1187489000,None,None,2020655000,None,None,815784000,746000000,2.26,0.0305,329000000,329000000,None,-0.272,-0.08,1092719000,1908503000,1.32,2025-09-30,18.18,None,6407000000.0,5703314000,672577000,173539000,None,None,None,857000,None,535157000,None,None,5897789000,None,None,553000000,None,None,None,0.266,1765000000,4610595000,1092719000,908923000,903722000,None,None,None,None,None,None,None,2.753,2.078,3.094,None,None,None,None,None,None,None,0.135,None,14696310000,2025-10-30,quarterly,1.24,USD,pre-market,None,562138000,0.0224,0.0945,0.074,24.46,None,7479404000,1581615000,None,73.27,78.86,-6.0606,21648316000,3141861000,3672826000,16144534000,18506455000,12475000000,9625477000,5500235000,22.69,None,83.01,61.07
2025-12-28,XEL,3.28,14228000000.0,22.69,None,0.453,35.81,2427000000,None,72196000,72196000,1689000000,-2439000000,None,None,-93000000,None,None,None,1008468000,425671000,None,3922163000,3922163000,1187489000,None,None,2020655000,None,None,815784000,753000000,2.26,0.0305,319000000,319000000,None,-0.272,-0.08,1092719000,1908503000,1.32,2025-06-30,18.18,None,6407000000.0,5703314000,672577000,173539000,None,None,None,857000,None,535157000,None,None,5897789000,None,None,444000000,None,None,None,0.266,1081000000,4610595000,1092719000,908923000,903722000,None,None,None,None,None,None,None,2.753,2.078,3.094,None,None,None,None,None,None,None,0.135,None,14696310000,2025-10-30,quarterly,1.24,USD,pre-market,None,562138000,0.0224,0.0945,0.074,24.46,None,7479404000,1581615000,None,73.27,78.86,-6.0606,21648316000,3141861000,3672826000,16144534000,18506455000,12475000000,9625477000,5500235000,22.69,None,83.01,61.07
2025-12-28,XEL,3.28,14228000000.0,22.69,None,0.453,35.81,891000000,None,72196000,72196000,1907000000,-1991000000,None,None,-4000000,None,None,None,1008468000,425671000,None,3922163000,3922163000,1187489000,None,None,2020655000,None,None,815784000,734000000,2.26,0.0305,306000000,306000000,None,-0.272,-0.08,1092719000,1908503000,1.32,2025-03-31,18.18,None,6407000000.0,5703314000,672577000,173539000,None,None,None,857000,None,535157000,None,None,5897789000,None,None,483000000,None,None,None,0.266,1028000000,4610595000,1092719000,908923000,903722000,None,None,None,None,None,None,None,2.753,2.078,3.094,None,None,None,None,None,None,None,0.135,None,14696310000,2025-10-30,quarterly,1.24,USD,pre-market,None,562138000,0.0224,0.0945,0.074,24.46,None,7479404000,1581615000,None,73.27,78.86,-6.0606,21648316000,3141861000,3672826000,16144534000,18506455000,12475000000,9625477000,5500235000,22.69,None,83.01,61.07
2025-12-28,XEL,3.28,14228000000.0,22.69,None,0.453,35.81,2217000000,None,72196000,72196000,201000000,-2231000000,None,None,-69000000,None,None,None,1008468000,425671000,None,3922163000,3922163000,1187489000,None,None,2020655000,None,None,815784000,735000000,2.26,0.0305,304000000,304000000,None,-0.272,-0.08,1092719000,1908503000,1.32,2024-12-31,18.18,None,6407000000.0,5703314000,672577000,173539000,None,None,None,857000,None,535157000,None,None,5897789000,None,None,464000000,None,None,None,0.266,664000000,4610595000,1092719000,908923000,903722000,None,None,None,None,None,None,None,2.753,2.078,3.094,None,None,None,None,None,None,None,0.135,None,14696310000,2025-10-30,quarterly,1.24,USD,pre-market,None,562138000,0.0224,0.0945,0.074,24.46,None,7479404000,1581615000,None,73.27,78.86,-6.0606,21648316000,3141861000,3672826000,16144534000,18506455000,12475000000,9625477000,5500235000,22.69,None,83.01,61.07
2025-12-28,XEL,3.28,14228000000.0,22.69,None,0.453,35.81,1779000000,None,72196000,72196000,4000000,-1794000000,None,None,-69000000,None,None,None,1008468000,425671000,None,3922163000,3922163000,1187489000,None,None,2020655000,None,None,815784000,717000000,2.26,0.0305,296000000,296000000,None,-0.272,-0.08,1092719000,1908503000,1.32,2024-09-30,18.18,None,6407000000.0,5703314000,672577000,173539000,None,None,None,857000,None,535157000,None,None,5897789000,None,None,682000000,None,None,None,0.266,1737000000,4610595000,1092719000,908923000,903722000,None,None,None,None,None,None,None,2.753,2.078,3.094,None,None,None,None,None,None,None,0.135,None,14696310000,2025-10-30,quarterly,1.24,USD,pre-market,None,562138000,0.0224,0.0945,0.074,24.46,None,7479404000,1581615000,None,73.27,78.86,-6.0606,21648316000,3141861000,3672826000,16144534000,18506455000,12475000000,9625477000,5500235000,22.69,None,83.01,61.07
2025-12-28,XEL,3.28,14228000000.0,22.69,None,0.453,35.81,1831000000,None,72196000,72196000,1754000000,-1847000000,None,None,-52000000,None,None,None,1008468000,425671000,None,3922163000,3922163000,1187489000,None,None,2020655000,None,None,815784000,739000000,2.26,0.0305,295000000,295000000,None,-0.272,-0.08,1092719000,1908503000,1.32,2024-06-30,18.18,None,6407000000.0,5703314000,672577000,173539000,None,None,None,857000,None,535157000,None,None,5897789000,None,None,302000000,None,None,None,0.266,1190000000,4610595000,1092719000,908923000,903722000,None,None,None,None,None,None,None,2.753,2.078,3.094,None,None,None,None,None,None,None,0.135,None,14696310000,2025-10-30,quarterly,1.24,USD,pre-market,None,562138000,0.0224,0.0945,0.074,24.46,None,7479404000,1581615000,None,73.27,78.86,-6.0606,21648316000,3141861000,3672826000,16144534000,18506455000,12475000000,9625477000,5500235000,22.69,None,83.01,61.07
2025-12-28,XEL,3.28,14228000000.0,22.69,None,0.453,35.81,1537000000,None,72196000,72196000,878000000,-1556000000,None,None,50000000,None,None,None,1008468000,425671000,None,3922163000,3922163000,1187489000,None,None,2020655000,None,None,815784000,684000000,2.26,0.0305,280000000,280000000,None,-0.272,-0.08,1092719000,1908503000,1.32,2024-03-31,18.18,None,6407000000.0,5703314000,672577000,173539000,None,None,None,857000,None,535157000,None,None,5897789000,None,None,488000000,None,None,None,0.266,1050000000,4610595000,1092719000,908923000,903722000,None,None,None,None,None,None,None,2.753,2.078,3.094,None,None,None,None,None,None,None,0.135,None,14696310000,2025-10-30,quarterly,1.24,USD,pre-market,None,562138000,0.0224,0.0945,0.074,24.46,None,7479404000,1581615000,None,73.27,78.86,-6.0606,21648316000,3141861000,3672826000,16144534000,18506455000,12475000000,9625477000,5500235000,22.69,None,83.01,61.07
2025-12-28,XEL,3.28,14228000000.0,22.69,None,0.453,35.81,1614000000,None,72196000,72196000,195000000,-1634000000,None,None,-171000000,None,None,None,1008468000,425671000,None,3922163000,3922163000,1187489000,None,None,2020655000,None,None,815784000,641000000,2.26,0.0305,278000000,278000000,None,-0.272,-0.08,1092719000,1908503000,1.32,2023-12-31,18.18,None,6407000000.0,5703314000,672577000,173539000,None,None,None,857000,None,535157000,None,None,5897789000,None,None,409000000,None,None,None,0.266,974000000,4610595000,1092719000,908923000,903722000,None,None,None,None,None,None,None,2.753,2.078,3.094,None,None,None,None,None,-890000000,None,0.135,None,14696310000,2025-10-30,quarterly,1.24,USD,pre-market,None,562138000,0.0224,0.0945,0.074,24.46,None,7479404000,1581615000,None,73.27,78.86,-6.0606,21648316000,3141861000,3672826000,16144534000,18506455000,12475000000,9625477000,5500235000,22.69,None,83.01,61.07
2025-12-28,XEL,3.28,14228000000.0,22.69,None,0.453,35.81,1641000000,None,72196000,72196000,74000000,-1653000000,None,None,-27000000,None,None,None,1008468000,425671000,None,3922163000,3922163000,1187489000,None,None,2020655000,None,None,815784000,653000000,2.26,0.0305,278000000,278000000,None,-0.272,-0.08,1092719000,1908503000,1.32,2023-09-30,18.18,None,6407000000.0,5703314000,672577000,173539000,None,None,None,857000,None,535157000,None,None,5897789000,None,None,656000000,None,None,None,0.266,1898000000,4610595000,1092719000,908923000,903722000,None,None,None,None,None,None,None,2.753,2.078,3.094,None,None,None,None,None,890000000,None,0.135,None,14696310000,2025-10-30,quarterly,1.24,USD,pre-market,None,562138000,0.0224,0.0945,0.074,24.46,None,7479404000,1581615000,None,73.27,78.86,-6.0606,21648316000,3141861000,3672826000,16144534000,18506455000,12475000000,9625477000,5500235000,22.69,None,83.01,61.07
2025-12-28,XEL,3.28,14228000000.0,22.69,None,0.453,35.81,1334000000,None,72196000,72196000,598000000,-1355000000,161000000,None,-89000000,None,None,175000000,1008468000,425671000,None,3922163000,3922163000,1187489000,None,None,2020655000,None,None,815784000,595000000,2.26,0.0305,277000000,277000000,None,-0.272,-0.08,1092719000,1908503000,1.32,2023-06-30,18.18,None,6407000000.0,5703314000,672577000,173539000,None,None,None,857000,None,535157000,None,None,5897789000,None,None,288000000,None,None,None,0.266,918000000,4610595000,1092719000,908923000,903722000,None,None,None,None,None,None,None,2.753,2.078,3.094,None,None,None,None,None,69000000,None,0.135,None,14696310000,2025-10-30,quarterly,1.24,USD,pre-market,None,562138000,0.0224,0.0945,0.074,24.46,None,7479404000,1581615000,None,73.27,78.86,-6.0606,21648316000,3141861000,3672826000,16144534000,18506455000,12475000000,9625477000,5500235000,22.69,None,83.01,61.07
2025-12-28,XEL,3.28,14228000000.0,22.69,None,0.453,35.81,1265000000,None,72196000,72196000,-250000000,-1284000000,3000000,None,189000000,None,None,50000000,1008468000,425671000,None,3922163000,3922163000,1187489000,None,None,2020655000,None,None,815784000,660000000,2.26,0.0305,259000000,259000000,None,-0.272,-0.08,1092719000,1908503000,1.32,2023-03-31,18.18,None,6407000000.0,5703314000,672577000,173539000,None,None,None,857000,None,535157000,None,None,5897789000,None,None,418000000,None,None,None,0.266,1537000000,4610595000,1092719000,908923000,903722000,None,None,None,None,None,None,None,2.753,2.078,3.094,None,None,None,None,None,6000000,None,0.135,None,14696310000,2025-10-30,quarterly,1.24,USD,pre-market,None,562138000,0.0224,0.0945,0.074,24.46,None,7479404000,1581615000,None,73.27,78.86,-6.0606,21648316000,3141861000,3672826000,16144534000,18506455000,12475000000,9625477000,5500235000,22.69,None,83.01,61.07
2025-12-28,XEL,3.28,14228000000.0,22.69,None,0.453,35.81,1313000000,None,72196000,72196000,561000000,-1332000000,-6000000,None,69000000,None,None,-208000000,1008468000,425671000,None,3922163000,3922163000,1187489000,None,None,2020655000,None,None,815784000,642000000,2.26,0.0305,258000000,258000000,None,-0.272,-0.08,1092719000,1908503000,1.32,2022-12-31,18.18,None,6407000000.0,5703314000,672577000,173539000,None,None,None,857000,None,535157000,None,None,5897789000,None,None,379000000,None,None,None,0.266,765000000,4610595000,1092719000,908923000,903722000,None,None,None,None,None,None,None,2.753,2.078,3.094,None,None,None,None,None,166000000,None,0.135,None,14696310000,2025-10-30,quarterly,1.24,USD,pre-market,None,562138000,0.0224,0.0945,0.074,24.46,None,7479404000,1581615000,None,73.27,78.86,-6.0606,21648316000,3141861000,3672826000,16144534000,18506455000,12475000000,9625477000,5500235000,22.69,None,83.01,61.07
2025-12-28,XEL,3.28,14228000000.0,22.69,None,0.453,35.81,1285000000,None,72196000,72196000,-131000000,-1266000000,-218000000,None,-228000000,None,None,-124000000,1008468000,425671000,None,3922163000,3922163000,1187489000,None,None,2020655000,None,None,815784000,641000000,2.26,0.0305,257000000,257000000,None,-0.272,-0.08,1092719000,1908503000,1.32,2022-09-30,18.18,None,6407000000.0,5703314000,672577000,173539000,None,None,None,857000,None,535157000,None,None,5897789000,None,None,649000000,None,None,None,0.266,1179000000,4610595000,1092719000,908923000,903722000,None,None,None,None,None,None,None,2.753,2.078,3.094,None,None,None,None,None,-22000000,None,0.135,None,14696310000,2025-10-30,quarterly,1.24,USD,pre-market,None,562138000,0.0224,0.0945,0.074,24.46,None,7479404000,1581615000,None,73.27,78.86,-6.0606,21648316000,3141861000,3672826000,16144534000,18506455000,12475000000,9625477000,5500235000,22.69,None,83.01,61.07
2025-12-28,XEL,3.28,14228000000.0,22.69,None,0.453,35.81,1098000000,None,72196000,72196000,500000000,-1103000000,245000000,None,-151000000,None,None,94000000,1008468000,425671000,None,3922163000,3922163000,1187489000,None,None,2020655000,None,None,815784000,674000000,2.26,0.0305,257000000,257000000,None,-0.272,-0.08,1092719000,1908503000,1.32,2022-06-30,18.18,None,6407000000.0,5703314000,672577000,173539000,None,None,None,857000,None,535157000,None,None,5897789000,None,None,328000000,None,None,None,0.266,848000000,4610595000,1092719000,908923000,903722000,None,None,None,None,None,None,None,2.753,2.078,3.094,None,None,None,None,None,151000000,None,0.135,None,14696310000,2025-10-30,quarterly,1.24,USD,pre-market,None,562138000,0.0224,0.0945,0.074,24.46,None,7479404000,1581615000,None,73.27,78.86,-6.0606,21648316000,3141861000,3672826000,16144534000,18506455000,12475000000,9625477000,5500235000,22.69,None,83.01,61.07
2025-12-28,XEL,3.28,14228000000.0,22.69,None,0.453,35.81,942000000,None,72196000,72196000,-264000000,-952000000,-76000000,None,107000000,None,None,-191000000,1008468000,425671000,None,3922163000,3922163000,1187489000,None,None,2020655000,None,None,815784000,597000000,2.26,0.0305,240000000,240000000,None,-0.272,-0.08,1092719000,1908503000,1.32,2022-03-31,18.18,None,6407000000.0,5703314000,672577000,173539000,None,None,None,857000,None,535157000,None,None,5897789000,None,None,380000000,None,None,None,0.266,1140000000,4610595000,1092719000,908923000,903722000,None,None,None,None,None,None,None,2.753,2.078,3.094,None,None,None,None,None,-2000000,None,0.135,None,14696310000,2025-10-30,quarterly,1.24,USD,pre-market,None,562138000,0.0224,0.0945,0.074,24.46,None,7479404000,1581615000,None,73.27,78.86,-6.0606,21648316000,3141861000,3672826000,16144534000,18506455000,12475000000,9625477000,5500235000,22.69,None,83.01,61.07
2025-12-28,XEL,3.28,14228000000.0,22.69,None,0.453,35.81,1212000000,None,72196000,72196000,147000000,-1222000000,-465000000,None,-44000000,None,None,-12000000,1008468000,425671000,None,3922163000,3922163000,1187489000,None,None,2020655000,None,None,815784000,574000000,2.26,0.0305,237000000,237000000,None,-0.272,-0.08,1092719000,1908503000,1.32,2021-12-31,18.18,None,6407000000.0,5703314000,672577000,173539000,None,None,None,857000,None,535157000,None,None,5897789000,None,None,315000000,None,None,None,0.266,610000000,4610595000,1092719000,908923000,903722000,None,None,None,None,None,None,None,2.753,2.078,3.094,None,None,None,None,None,48000000,None,0.135,None,14696310000,2025-10-30,quarterly,1.24,USD,pre-market,None,562138000,0.0224,0.0945,0.074,24.46,None,7479404000,1581615000,None,73.27,78.86,-6.0606,21648316000,3141861000,3672826000,16144534000,18506455000,12475000000,9625477000,5500235000,22.69,None,83.01,61.07
2025-12-28,XEL,3.28,14228000000.0,22.69,None,0.453,35.81,1065000000,None,72196000,72196000,-134000000,-863000000,93000000,None,-89000000,None,None,-89000000,1008468000,425671000,None,3922163000,3922163000,1187489000,None,None,2020655000,None,None,815784000,584000000,2.26,0.0305,238000000,238000000,None,-0.272,-0.08,1092719000,1908503000,1.32,2021-09-30,18.18,None,6407000000.0,5703314000,672577000,173539000,None,None,None,857000,None,535157000,None,None,5897789000,None,None,609000000,None,None,None,0.266,1090000000,4610595000,1092719000,908923000,903722000,None,None,None,None,None,None,None,2.753,2.078,3.094,None,None,None,None,None,13000000,None,0.135,None,14696310000,2025-10-30,quarterly,1.24,USD,pre-market,None,562138000,0.0224,0.0945,0.074,24.46,None,7479404000,1581615000,None,73.27,78.86,-6.0606,21648316000,3141861000,3672826000,16144534000,18506455000,12475000000,9625477000,5500235000,22.69,None,83.01,61.07
2025-12-28,XEL,3.28,14228000000.0,22.69,None,0.453,35.81,943000000,None,72196000,72196000,41000000,-1167000000,-501000000,None,-32000000,None,None,-6000000,1008468000,425671000,None,3922163000,3922163000,1187489000,None,None,2020655000,None,None,815784000,552000000,2.26,0.0305,237000000,237000000,None,-0.272,-0.08,1092719000,1908503000,1.32,2021-06-30,18.18,None,6407000000.0,5703314000,672577000,173539000,None,None,None,857000,None,535157000,None,None,5897789000,None,None,311000000,None,None,None,0.266,625000000,4610595000,1092719000,908923000,903722000,None,None,None,None,None,None,None,2.753,2.078,3.094,None,None,None,None,None,None,None,0.135,None,14696310000,2025-10-30,quarterly,1.24,USD,pre-market,None,562138000,0.0224,0.0945,0.074,24.46,None,7479404000,1581615000,None,73.27,78.86,-6.0606,21648316000,3141861000,3672826000,16144534000,18506455000,12475000000,9625477000,5500235000,22.69,None,83.01,61.07
2025-12-28,XEL,3.28,14228000000.0,22.69,None,0.453,35.81,1024000000,None,72196000,72196000,2081000000,-1035000000,910000000,None,39000000,None,None,-57000000,1008468000,425671000,None,3922163000,3922163000,1187489000,None,None,2020655000,None,None,815784000,547000000,2.26,0.0305,223000000,223000000,None,-0.272,-0.08,1092719000,1908503000,1.32,2021-03-31,18.18,None,6407000000.0,5703314000,672577000,173539000,None,None,None,857000,None,535157000,None,None,5897789000,None,None,362000000,None,None,None,0.266,-136000000,4610595000,1092719000,908923000,903722000,None,None,None,None,None,None,None,2.753,2.078,3.094,None,None,None,None,None,2695000000,None,0.135,None,14696310000,2025-10-30,quarterly,1.24,USD,pre-market,None,562138000,0.0224,0.0945,0.074,24.46,None,7479404000,1581615000,None,73.27,78.86,-6.0606,21648316000,3141861000,3672826000,16144534000,18506455000,12475000000,9625477000,5500235000,22.69,None,83.01,61.07
2025-12-28,XEL,3.28,14228000000.0,22.69,None,0.453,35.81,1688000000,None,72196000,72196000,289000000,-1719000000,-756000000,None,-43000000,None,None,-46000000,1008468000,425671000,None,3922163000,3922163000,1187489000,None,None,2020655000,None,None,815784000,529000000,2.26,0.0305,218000000,218000000,None,-0.272,-0.08,1092719000,1908503000,1.32,2020-12-31,18.18,None,6407000000.0,5703314000,672577000,173539000,None,None,None,857000,None,535157000,None,None,5897789000,None,None,288000000,None,None,None,0.266,674000000,4610595000,1092719000,908923000,903722000,None,None,None,None,None,None,None,2.753,2.078,3.094,None,None,None,None,None,-11000000,None,0.135,None,14696310000,2025-10-30,quarterly,1.24,USD,pre-market,None,562138000,0.0224,0.0945,0.074,24.46,None,7479404000,1581615000,None,73.27,78.86,-6.0606,21648316000,3141861000,3672826000,16144534000,18506455000,12475000000,9625477000,5500235000,22.69,None,83.01,61.07
2025-12-28,XEL,3.28,14228000000.0,22.69,None,0.453,35.81,1112000000,None,72196000,72196000,-1334000000,-441000000,-749000000,None,-52000000,None,None,-127000000,1008468000,425671000,None,3922163000,3922163000,1187489000,None,None,2020655000,None,None,815784000,546000000,2.26,0.0305,217000000,217000000,None,-0.272,-0.08,1092719000,1908503000,1.32,2020-09-30,18.18,None,6407000000.0,5703314000,672577000,173539000,None,None,None,857000,None,535157000,None,None,5897789000,None,None,603000000,None,None,None,0.266,1026000000,4610595000,1092719000,908923000,903722000,None,None,None,None,None,None,None,2.753,2.078,3.094,None,None,None,None,None,5000000,None,0.135,None,14696310000,2025-10-30,quarterly,1.24,USD,pre-market,None,562138000,0.0224,0.0945,0.074,24.46,None,7479404000,1581615000,None,73.27,78.86,-6.0606,21648316000,3141861000,3672826000,16144534000,18506455000,12475000000,9625477000,5500235000,22.69,None,83.01,61.07
2025-12-28,XEL,3.28,14228000000.0,22.69,None,0.453,35.81,962000000,None,72196000,72196000,1885000000,-974000000,1390000000,None,-18000000,None,None,12000000,1008468000,425671000,None,3922163000,3922163000,1187489000,None,None,2020655000,None,None,815784000,508000000,2.26,0.0305,217000000,217000000,None,-0.272,-0.08,1092719000,1908503000,1.32,2020-06-30,18.18,None,6407000000.0,5703314000,672577000,173539000,None,None,None,857000,None,535157000,None,None,5897789000,None,None,287000000,None,None,None,0.266,479000000,4610595000,1092719000,908923000,903722000,None,None,None,None,None,None,None,2.753,2.078,3.094,None,None,None,None,None,None,None,0.135,None,14696310000,2025-10-30,quarterly,1.24,USD,pre-market,None,562138000,0.0224,0.0945,0.074,24.46,None,7479404000,1581615000,None,73.27,78.86,-6.0606,21648316000,3141861000,3672826000,16144534000,18506455000,12475000000,9625477000,5500235000,22.69,None,83.01,61.07
2025-12-28,XEL,3.28,14228000000.0,22.69,None,0.453,35.81,1607000000,None,72196000,72196000,933000000,-1606000000,-4000000,None,33000000,None,None,7000000,1008468000,425671000,None,3922163000,3922163000,1187489000,None,None,2020655000,None,None,815784000,499000000,2.26,0.0305,204000000,204000000,None,-0.272,-0.08,1092719000,1908503000,1.32,2020-03-31,18.18,None,6407000000.0,5703314000,672577000,173539000,None,None,None,857000,None,535157000,None,None,5897789000,None,None,295000000,None,None,None,0.266,669000000,4610595000,1092719000,908923000,903722000,None,None,None,None,None,None,None,2.753,2.078,3.094,None,None,None,None,None,None,None,0.135,None,14696310000,2025-10-30,quarterly,1.24,USD,pre-market,None,562138000,0.0224,0.0945,0.074,24.46,None,7479404000,1581615000,None,73.27,78.86,-6.0606,21648316000,3141861000,3672826000,16144534000,18506455000,12475000000,9625477000,5500235000,22.69,None,83.01,61.07
2025-12-28,XEL,3.28,14228000000.0,22.69,None,0.453,35.81,1207000000,None,72196000,72196000,-108000000,-1214000000,-616000000,None,-24000000,None,None,-149000000,1008468000,425671000,None,3922163000,3922163000,1187489000,None,None,2020655000,None,None,815784000,483000000,2.26,0.0305,204000000,204000000,None,-0.272,-0.08,1092719000,1908503000,1.32,2019-12-31,18.18,None,6407000000.0,5703314000,672577000,173539000,None,None,None,857000,None,535157000,None,None,5897789000,None,None,292000000,None,None,None,0.266,706000000,4610595000,1092719000,908923000,903722000,None,None,None,None,None,None,None,2.753,2.078,3.094,None,None,None,None,None,1000000,None,0.135,None,14696310000,2025-10-30,quarterly,1.24,USD,pre-market,None,562138000,0.0224,0.0945,0.074,24.46,None,7479404000,1581615000,None,73.27,78.86,-6.0606,21648316000,3141861000,3672826000,16144534000,18506455000,12475000000,9625477000,5500235000,22.69,None,83.01,61.07
2025-12-28,XEL,3.28,14228000000.0,22.69,None,0.453,35.81,1329000000,None,72196000,72196000,709000000,-1421000000,511000000,None,-85000000,None,None,-66000000,1008468000,425671000,None,3922163000,3922163000,1187489000,None,None,2020655000,None,None,815784000,482000000,2.26,0.0305,200000000,200000000,None,-0.272,-0.08,1092719000,1908503000,1.32,2019-09-30,18.18,None,6407000000.0,5703314000,672577000,173539000,None,None,None,857000,None,535157000,None,None,5897789000,None,None,527000000,None,None,None,0.266,1223000000,4610595000,1092719000,908923000,903722000,None,None,None,None,None,None,None,2.753,2.078,3.094,None,None,None,None,None,457000000,None,0.135,None,14696310000,2025-10-30,quarterly,1.24,USD,pre-market,None,562138000,0.0224,0.0945,0.074,24.46,None,7479404000,1581615000,None,73.27,78.86,-6.0606,21648316000,3141861000,3672826000,16144534000,18506455000,12475000000,9625477000,5500235000,22.69,None,83.01,61.07
2025-12-28,XEL,3.28,14228000000.0,22.69,None,0.453,35.81,845000000,None,72196000,72196000,574000000,-856000000,259000000,None,-59000000,None,None,259000000,1008468000,425671000,None,3922163000,3922163000,1187489000,None,None,2020655000,None,None,815784000,470000000,2.26,0.0305,200000000,200000000,None,-0.272,-0.08,1092719000,1908503000,1.32,2019-06-30,18.18,None,6407000000.0,5703314000,672577000,173539000,None,None,None,857000,None,535157000,None,None,5897789000,None,None,238000000,None,None,None,0.266,541000000,4610595000,1092719000,908923000,903722000,None,None,None,None,None,None,None,2.753,2.078,3.094,None,None,None,None,None,None,None,0.135,None,14696310000,2025-10-30,quarterly,1.24,USD,pre-market,None,562138000,0.0224,0.0945,0.074,24.46,None,7479404000,1581615000,None,73.27,78.86,-6.0606,21648316000,3141861000,3672826000,16144534000,18506455000,12475000000,9625477000,5500235000,22.69,None,83.01,61.07
2025-12-28,XEL,3.28,14228000000.0,22.69,None,0.453,35.81,844000000,None,72196000,72196000,6000000,-852000000,-53000000,None,84000000,None,None,-22000000,1008468000,425671000,None,3922163000,3922163000,1187489000,None,None,2020655000,None,None,815784000,469000000,2.26,0.0305,187000000,187000000,None,-0.272,-0.08,1092719000,1908503000,1.32,2019-03-31,18.18,None,6407000000.0,5703314000,672577000,173539000,None,None,None,857000,None,535157000,None,None,5897789000,None,None,315000000,None,None,None,0.266,793000000,4610595000,1092719000,908923000,903722000,None,None,None,None,None,None,None,2.753,2.078,3.094,None,None,None,None,None,589000000,None,0.135,None,14696310000,2025-10-30,quarterly,1.24,USD,pre-market,None,562138000,0.0224,0.0945,0.074,24.46,None,7479404000,1581615000,None,73.27,78.86,-6.0606,21648316000,3141861000,3672826000,16144534000,18506455000,12475000000,9625477000,5500235000,22.69,None,83.01,61.07
2025-12-28,XEL,3.28,14228000000.0,22.69,None,0.453,35.81,1197000000,None,72196000,72196000,585000000,-1280000000,-66000000,None,-102000000,None,None,-162000000,1008468000,425671000,None,3922163000,3922163000,1187489000,None,None,2020655000,None,None,815784000,476000000,2.26,0.0305,186000000,186000000,None,-0.272,-0.08,1092719000,1908503000,1.32,2018-12-31,18.18,None,6407000000.0,5703314000,672577000,173539000,None,None,None,857000,None,535157000,None,None,5897789000,None,None,214000000,None,None,None,0.266,629000000,4610595000,1092719000,908923000,903722000,None,None,None,None,None,None,None,2.753,2.078,3.094,None,None,None,None,None,-1000000,None,0.135,None,14696310000,2025-10-30,quarterly,1.24,USD,pre-market,None,562138000,0.0224,0.0945,0.074,24.46,None,7479404000,1581615000,None,73.27,78.86,-6.0606,21648316000,3141861000,3672826000,16144534000,18506455000,12475000000,9625477000,5500235000,22.69,None,83.01,61.07
2025-12-28,XEL,3.28,14228000000.0,22.69,None,0.453,35.81,857000000,None,72196000,72196000,-334000000,-841000000,-119000000,None,-64000000,None,None,-38000000,1008468000,425671000,None,3922163000,3922163000,1187489000,None,None,2020655000,None,None,815784000,474000000,2.26,0.0305,185000000,185000000,None,-0.272,-0.08,1092719000,1908503000,1.32,2018-09-30,18.18,None,6407000000.0,5703314000,672577000,173539000,None,None,None,857000,None,535157000,None,None,5897789000,None,None,491000000,None,None,None,0.266,1056000000,4610595000,1092719000,908923000,903722000,None,None,None,None,None,None,None,2.753,2.078,3.094,None,None,None,None,None,203000000,None,0.135,None,14696310000,2025-10-30,quarterly,1.24,USD,pre-market,None,562138000,0.0224,0.0945,0.074,24.46,None,7479404000,1581615000,None,73.27,78.86,-6.0606,21648316000,3141861000,3672826000,16144534000,18506455000,12475000000,9625477000,5500235000,22.69,None,83.01,61.07
2025-12-28,XEL,3.28,14228000000.0,22.69,None,0.453,35.81,1020000000,None,72196000,72196000,659000000,-993000000,216000000,None,-17000000,None,None,16000000,1008468000,425671000,None,3922163000,3922163000,1187489000,None,None,2020655000,None,None,815784000,413000000,2.26,0.0305,184000000,184000000,None,-0.272,-0.08,1092719000,1908503000,1.32,2018-06-30,18.18,None,6407000000.0,5703314000,672577000,173539000,None,None,None,857000,None,535157000,None,None,5897789000,None,None,265000000,None,None,None,0.266,550000000,4610595000,1092719000,908923000,903722000,None,None,None,None,None,None,None,2.753,2.078,3.094,None,None,None,None,None,0,None,0.135,None,14696310000,2025-10-30,quarterly,1.24,USD,pre-market,None,562138000,0.0224,0.0945,0.074,24.46,None,7479404000,1581615000,None,73.27,78.86,-6.0606,21648316000,3141861000,3672826000,16144534000,18506455000,12475000000,9625477000,5500235000,22.69,None,83.01,61.07
2025-12-28,XEL,3.28,14228000000.0,22.69,None,0.453,35.81,883000000,None,72196000,72196000,18000000,-872000000,33000000,None,118000000,None,None,88000000,1008468000,425671000,None,3922163000,3922163000,1187489000,None,None,2020655000,None,None,815784000,418000000,2.26,0.0305,175000000,175000000,None,-0.272,-0.08,1092719000,1908503000,1.32,2018-03-31,18.18,None,6407000000.0,5703314000,672577000,173539000,None,None,None,857000,None,535157000,None,None,5897789000,None,None,291000000,None,None,None,0.266,887000000,4610595000,1092719000,908923000,903722000,None,None,None,None,None,None,None,2.753,2.078,3.094,None,None,None,None,None,0,None,0.135,None,14696310000,2025-10-30,quarterly,1.24,USD,pre-market,None,562138000,0.0224,0.0945,0.074,24.46,None,7479404000,1581615000,None,73.27,78.86,-6.0606,21648316000,3141861000,3672826000,16144534000,18506455000,12475000000,9625477000,5500235000,22.69,None,83.01,61.07
2025-12-28,XEL,3.28,14228000000.0,22.69,None,0.453,35.81,1062548000,None,72196000,72196000,213215000,-1057400000,-85365000,None,6158000,None,None,-166838000,1008468000,425671000,None,3922163000,3922163000,1187489000,None,None,2020655000,None,None,815784000,407928000,2.26,0.0305,182955000,182955000,None,-0.272,-0.08,1092719000,1908503000,1.32,2017-12-31,18.18,None,6407000000.0,5703314000,672577000,173539000,None,None,None,857000,None,535157000,None,None,5897789000,None,None,189326000,None,None,None,0.266,758820000,4610595000,1092719000,908923000,903722000,None,None,None,None,None,None,None,2.753,2.078,3.094,None,None,None,None,None,-57000,None,0.135,None,14696310000,2025-10-30,quarterly,1.24,USD,pre-market,None,562138000,0.0224,0.0945,0.074,24.46,None,7479404000,1581615000,None,73.27,78.86,-6.0606,21648316000,3141861000,3672826000,16144534000,18506455000,12475000000,9625477000,5500235000,22.69,None,83.01,61.07
2025-12-28,XEL,3.28,14228000000.0,22.69,None,0.453,35.81,782659000,None,72196000,72196000,-204380000,-764522000,106459000,None,-74591000,None,None,-65401000,1008468000,425671000,None,3922163000,3922163000,1187489000,None,None,2020655000,None,None,815784000,405789000,2.26,0.0305,183000000,183000000,None,-0.272,-0.08,1092719000,1908503000,1.32,2017-09-30,18.18,None,6407000000.0,5703314000,672577000,173539000,None,None,None,857000,None,535157000,None,None,5897789000,None,None,492141000,None,None,None,0.266,1075361000,4610595000,1092719000,908923000,903722000,None,None,None,None,None,None,None,2.753,2.078,3.094,None,None,None,None,None,0,None,0.135,None,14696310000,2025-10-30,quarterly,1.24,USD,pre-market,None,562138000,0.0224,0.0945,0.074,24.46,None,7479404000,1581615000,None,73.27,78.86,-6.0606,21648316000,3141861000,3672826000,16144534000,18506455000,12475000000,9625477000,5500235000,22.69,None,83.01,61.07
2025-12-28,XEL,3.28,14228000000.0,22.69,None,0.453,35.81,724720000,None,72196000,72196000,140072000,-726339000,-12603000,None,-22922000,None,None,-31189000,1008468000,425671000,None,3922163000,3922163000,1187489000,None,None,2020655000,None,None,815784000,395551000,2.26,0.0305,182000000,182000000,None,-0.272,-0.08,1092719000,1908503000,1.32,2017-06-30,18.18,None,6407000000.0,5703314000,672577000,173539000,None,None,None,857000,None,535157000,None,None,5897789000,None,None,227256000,None,None,None,0.266,573664000,4610595000,1092719000,908923000,903722000,None,None,None,None,None,None,None,2.753,2.078,3.094,None,None,None,None,None,0,None,0.135,None,14696310000,2025-10-30,quarterly,1.24,USD,pre-market,None,562138000,0.0224,0.0945,0.074,24.46,None,7479404000,1581615000,None,73.27,78.86,-6.0606,21648316000,3141861000,3672826000,16144534000,18506455000,12475000000,9625477000,5500235000,22.69,None,83.01,61.07
2025-12-28,XEL,3.28,14228000000.0,22.69,None,0.453,35.81,749073000,None,72196000,72196000,19093000,-747739000,-10491000,None,88355000,None,None,169428000,1008468000,425671000,None,3922163000,3922163000,1187489000,None,None,2020655000,None,None,815784000,399732000,2.26,0.0305,173000000,173000000,None,-0.272,-0.08,1092719000,1908503000,1.32,2017-03-31,18.18,None,6407000000.0,5703314000,672577000,173539000,None,None,None,857000,None,535157000,None,None,5897789000,None,None,239277000,None,None,None,0.266,718155000,4610595000,1092719000,908923000,903722000,None,None,None,None,None,None,None,2.753,2.078,3.094,None,None,None,None,None,-2943000,None,0.135,None,14696310000,2025-10-30,quarterly,1.24,USD,pre-market,None,562138000,0.0224,0.0945,0.074,24.46,None,7479404000,1581615000,None,73.27,78.86,-6.0606,21648316000,3141861000,3672826000,16144534000,18506455000,12475000000,9625477000,5500235000,22.69,None,83.01,61.07
2025-12-28,XEL,3.28,14228000000.0,22.69,None,0.453,35.81,1069067000,None,72196000,72196000,146802000,-1055156000,-268909000,None,7552000,None,None,-215565000,1008468000,425671000,None,3922163000,3922163000,1187489000,None,None,2020655000,None,None,815784000,363577000,2.26,0.0305,172704000,172704000,None,-0.272,-0.08,1092719000,1908503000,1.32,2016-12-31,18.18,None,6407000000.0,5703314000,672577000,173539000,None,None,None,857000,None,535157000,None,None,5897789000,None,None,227477000,None,None,None,0.266,639445000,4610595000,1092719000,908923000,903722000,None,None,None,None,None,None,None,2.753,2.078,3.094,None,None,None,None,None,-32209000,None,0.135,None,14696310000,2025-10-30,quarterly,1.24,USD,pre-market,None,562138000,0.0224,0.0945,0.074,24.46,None,7479404000,1581615000,None,73.27,78.86,-6.0606,21648316000,3141861000,3672826000,16144534000,18506455000,12475000000,9625477000,5500235000,22.69,None,83.01,61.07
2025-12-28,XEL,3.28,14228000000.0,22.69,None,0.453,35.81,773354000,None,72196000,72196000,39296000,-762937000,276674000,None,-88083000,None,None,-42771000,1008468000,425671000,None,3922163000,3922163000,1187489000,None,None,2020655000,None,None,815784000,363554000,2.26,0.0305,172704000,172704000,None,-0.272,-0.08,1092719000,1908503000,1.32,2016-09-30,18.18,None,6407000000.0,5703314000,672577000,173539000,None,None,None,857000,None,535157000,None,None,5897789000,None,None,457795000,None,None,None,0.266,1000315000,4610595000,1092719000,908923000,903722000,None,None,None,None,None,None,None,2.753,2.078,3.094,None,None,None,None,None,-2021000,None,0.135,None,14696310000,2025-10-30,quarterly,1.24,USD,pre-market,None,562138000,0.0224,0.0945,0.074,24.46,None,7479404000,1581615000,None,73.27,78.86,-6.0606,21648316000,3141861000,3672826000,16144534000,18506455000,12475000000,9625477000,5500235000,22.69,None,83.01,61.07
2025-12-28,XEL,3.28,14228000000.0,22.69,None,0.453,35.81,712810000,None,72196000,72196000,101957000,-749213000,-24780000,None,-6690000,None,None,-24463000,1008468000,425671000,None,3922163000,3922163000,1187489000,None,None,2020655000,None,None,815784000,359092000,2.26,0.0305,172703000,172703000,None,-0.272,-0.08,1092719000,1908503000,1.32,2016-06-30,18.18,None,6407000000.0,5703314000,672577000,173539000,None,None,None,857000,None,535157000,None,None,5897789000,None,None,196795000,None,None,None,0.266,622476000,4610595000,1092719000,908923000,903722000,None,None,None,None,None,None,None,2.753,2.078,3.094,None,None,None,None,None,0,None,0.135,None,14696310000,2025-10-30,quarterly,1.24,USD,pre-market,None,562138000,0.0224,0.0945,0.074,24.46,None,7479404000,1581615000,None,73.27,78.86,-6.0606,21648316000,3141861000,3672826000,16144534000,18506455000,12475000000,9625477000,5500235000,22.69,None,83.01,61.07
2025-12-28,XEL,3.28,14228000000.0,22.69,None,0.453,35.81,700319000,None,72196000,72196000,-79405000,-694107000,16551000,None,88570000,None,None,124664000,1008468000,425671000,None,3922163000,3922163000,1187489000,None,None,2020655000,None,None,815784000,349511000,2.26,0.0305,162410000,162410000,None,-0.272,-0.08,1092719000,1908503000,1.32,2016-03-31,18.18,None,6407000000.0,5703314000,672577000,173539000,None,None,None,857000,None,535157000,None,None,5897789000,None,None,241312000,None,None,None,0.266,790063000,4610595000,1092719000,908923000,903722000,None,None,None,None,None,None,None,2.753,2.078,3.094,None,None,None,None,None,-789000,None,0.135,None,14696310000,2025-10-30,quarterly,1.24,USD,pre-market,None,562138000,0.0224,0.0945,0.074,24.46,None,7479404000,1581615000,None,73.27,78.86,-6.0606,21648316000,3141861000,3672826000,16144534000,18506455000,12475000000,9625477000,5500235000,22.69,None,83.01,61.07
2025-12-28,XEL,3.28,14228000000.0,22.69,None,0.453,35.81,1496990000,None,72196000,72196000,628140000,-1483526000,-319469000,None,36419000,None,None,-128250000,1008468000,425671000,None,3922163000,3922163000,1187489000,None,None,2020655000,None,None,815784000,325403000,2.26,0.0305,154357000,154357000,None,-0.272,-0.08,1092719000,1908503000,1.32,2015-12-31,18.18,None,6407000000.0,5703314000,672577000,173539000,None,None,None,857000,None,535157000,None,None,5897789000,None,None,209025000,None,None,None,0.266,535917000,4610595000,1092719000,908923000,903722000,None,None,None,None,None,None,None,2.753,2.078,3.094,None,None,None,None,None,1910524000,None,0.135,None,14696310000,2025-10-30,quarterly,1.24,USD,pre-market,None,562138000,0.0224,0.0945,0.074,24.46,None,7479404000,1581615000,None,73.27,78.86,-6.0606,21648316000,3141861000,3672826000,16144534000,18506455000,12475000000,9625477000,5500235000,22.69,None,83.01,61.07
2025-12-28,XEL,3.28,14228000000.0,22.69,None,0.453,35.81,708410000,None,72196000,72196000,-3840000,-708225000,268812000,None,-112220000,None,None,-28363000,1008468000,425671000,None,3922163000,3922163000,1187489000,None,None,2020655000,None,None,815784000,318113000,2.26,0.0305,154195000,154195000,None,-0.272,-0.08,1092719000,1908503000,1.32,2015-09-30,18.18,None,6407000000.0,5703314000,672577000,173539000,None,None,None,857000,None,535157000,None,None,5897789000,None,None,426463000,None,None,None,0.266,980877000,4610595000,1092719000,908923000,903722000,None,None,None,None,None,None,None,2.753,2.078,3.094,None,None,None,None,None,1889000,None,0.135,None,14696310000,2025-10-30,quarterly,1.24,USD,pre-market,None,562138000,0.0224,0.0945,0.074,24.46,None,7479404000,1581615000,None,73.27,78.86,-6.0606,21648316000,3141861000,3672826000,16144534000,18506455000,12475000000,9625477000,5500235000,22.69,None,83.01,61.07
2025-12-28,XEL,3.28,14228000000.0,22.69,None,0.453,35.81,707350000,None,72196000,72196000,171536000,-692634000,2553000,None,-27449000,None,None,112381000,1008468000,425671000,None,3922163000,3922163000,1187489000,None,None,2020655000,None,None,815784000,300021000,2.26,0.0305,153997000,153997000,None,-0.272,-0.08,1092719000,1908503000,1.32,2015-06-30,18.18,None,6407000000.0,5703314000,672577000,173539000,None,None,None,857000,None,535157000,None,None,5897789000,None,None,196931000,None,None,None,0.266,523651000,4610595000,1092719000,908923000,903722000,None,None,None,None,None,None,None,2.753,2.078,3.094,None,None,None,None,None,2000,None,0.135,None,14696310000,2025-10-30,quarterly,1.24,USD,pre-market,None,562138000,0.0224,0.0945,0.074,24.46,None,7479404000,1581615000,None,73.27,78.86,-6.0606,21648316000,3141861000,3672826000,16144534000,18506455000,12475000000,9625477000,5500235000,22.69,None,83.01,61.07
2025-12-28,XEL,3.28,14228000000.0,22.69,None,0.453,35.81,770609000,None,72196000,72196000,-193569000,-738389000,53436000,None,92010000,None,None,183683000,1008468000,425671000,None,3922163000,3922163000,1187489000,None,None,2020655000,None,None,815784000,305853000,2.26,0.0305,144025000,144025000,None,-0.272,-0.08,1092719000,1908503000,1.32,2015-03-31,18.18,None,6407000000.0,5703314000,672577000,173539000,None,None,None,857000,None,535157000,None,None,5897789000,None,None,152066000,None,None,None,0.266,985394000,4610595000,1092719000,908923000,903722000,None,None,None,None,None,None,None,2.753,2.078,3.094,None,None,None,None,None,1411000,None,0.135,None,14696310000,2025-10-30,quarterly,1.24,USD,pre-market,None,562138000,0.0224,0.0945,0.074,24.46,None,7479404000,1581615000,None,73.27,78.86,-6.0606,21648316000,3141861000,3672826000,16144534000,18506455000,12475000000,9625477000,5500235000,22.69,None,83.01,61.07
2025-12-28,XEL,3.28,14228000000.0,22.69,None,0.453,35.81,898452000,None,72196000,72196000,180384000,-882495000,-58260000,None,37119000,None,None,-262734000,1008468000,425671000,None,3922163000,3922163000,1187489000,None,None,2020655000,None,None,815784000,289073000,2.26,0.0305,143825000,143825000,None,-0.272,-0.08,1092719000,1908503000,1.32,2014-12-31,18.18,None,6407000000.0,5703314000,672577000,173539000,None,None,None,857000,None,535157000,None,None,5897789000,None,None,196339000,None,None,None,0.266,643851000,4610595000,1092719000,908923000,903722000,None,None,None,None,None,None,None,2.753,2.078,3.094,None,None,None,None,None,123520000,None,0.135,None,14696310000,2025-10-30,quarterly,1.24,USD,pre-market,None,562138000,0.0224,0.0945,0.074,24.46,None,7479404000,1581615000,None,73.27,78.86,-6.0606,21648316000,3141861000,3672826000,16144534000,18506455000,12475000000,9625477000,5500235000,22.69,None,83.01,61.07
2025-12-28,XEL,3.28,14228000000.0,22.69,None,0.453,35.81,725591000,None,72196000,72196000,-222971000,-703531000,38328000,None,-132945000,None,None,17363000,1008468000,425671000,None,3922163000,3922163000,1187489000,None,None,2020655000,None,None,815784000,291604000,2.26,0.0305,143225000,143225000,None,-0.272,-0.08,1092719000,1908503000,1.32,2014-09-30,18.18,None,6407000000.0,5703314000,672577000,173539000,None,None,None,857000,None,535157000,None,None,5897789000,None,None,368582000,None,None,None,0.266,964830000,4610595000,1092719000,908923000,903722000,None,None,None,None,None,None,None,2.753,2.078,3.094,None,None,None,None,None,2066000,None,0.135,None,14696310000,2025-10-30,quarterly,1.24,USD,pre-market,None,562138000,0.0224,0.0945,0.074,24.46,None,7479404000,1581615000,None,73.27,78.86,-6.0606,21648316000,3141861000,3672826000,16144534000,18506455000,12475000000,9625477000,5500235000,22.69,None,83.01,61.07
2025-12-28,XEL,3.28,14228000000.0,22.69,None,0.453,35.81,753120000,None,72196000,72196000,250820000,-730455000,-32773000,None,-65033000,None,None,108508000,1008468000,425671000,None,3922163000,3922163000,1187489000,None,None,2020655000,None,None,815784000,291175000,2.26,0.0305,142328000,142328000,None,-0.272,-0.08,1092719000,1908503000,1.32,2014-06-30,18.18,None,6407000000.0,5703314000,672577000,173539000,None,None,None,857000,None,535157000,None,None,5897789000,None,None,195164000,None,None,None,0.266,446862000,4610595000,1092719000,908923000,903722000,None,None,None,None,None,None,None,2.753,2.078,3.094,None,None,None,None,None,113025000,None,0.135,None,14696310000,2025-10-30,quarterly,1.24,USD,pre-market,None,562138000,0.0224,0.0945,0.074,24.46,None,7479404000,1581615000,None,73.27,78.86,-6.0606,21648316000,3141861000,3672826000,16144534000,18506455000,12475000000,9625477000,5500235000,22.69,None,83.01,61.07
2025-12-28,XEL,3.28,14228000000.0,22.69,None,0.453,35.81,822628000,None,72196000,72196000,233290000,-800770000,25169000,None,140301000,None,None,-29545000,1008468000,425671000,None,3922163000,3922163000,1187489000,None,None,2020655000,None,None,815784000,279205000,2.26,0.0305,132033000,132033000,None,-0.272,-0.08,1092719000,1908503000,1.32,2014-03-31,18.18,None,6407000000.0,5703314000,672577000,173539000,None,None,None,857000,None,535157000,None,None,5897789000,None,None,261221000,None,None,None,0.266,592649000,4610595000,1092719000,908923000,903722000,None,None,None,None,None,None,None,2.753,2.078,3.094,None,None,None,None,None,63548000,None,0.135,None,14696310000,2025-10-30,quarterly,1.24,USD,pre-market,None,562138000,0.0224,0.0945,0.074,24.46,None,7479404000,1581615000,None,73.27,78.86,-6.0606,21648316000,3141861000,3672826000,16144534000,18506455000,12475000000,9625477000,5500235000,22.69,None,83.01,61.07
2025-12-28,XEL,3.28,14228000000.0,22.69,None,0.453,35.81,941127000,None,72196000,72196000,326772000,-902590000,5310000,None,26330000,None,None,-111942000,1008468000,425671000,None,3922163000,3922163000,1187489000,None,None,2020655000,None,None,815784000,282862000,2.26,0.0305,131894000,131894000,None,-0.272,-0.08,1092719000,1908503000,1.32,2013-12-31,18.18,None,6407000000.0,5703314000,672577000,173539000,None,None,None,857000,None,535157000,None,None,5897789000,None,None,150228000,None,None,None,0.266,581128000,4610595000,1092719000,908923000,903722000,None,None,None,None,None,None,None,2.753,2.078,3.094,None,None,None,None,None,4826000,None,0.135,None,14696310000,2025-10-30,quarterly,1.24,USD,pre-market,None,562138000,0.0224,0.0945,0.074,24.46,None,7479404000,1581615000,None,73.27,78.86,-6.0606,21648316000,3141861000,3672826000,16144534000,18506455000,12475000000,9625477000,5500235000,22.69,None,83.01,61.07
2025-12-28,XEL,3.28,14228000000.0,22.69,None,0.453,35.81,857420000,None,72196000,72196000,-86853000,-798817000,43013000,None,-110602000,None,None,21035000,1008468000,425671000,None,3922163000,3922163000,1187489000,None,None,2020655000,None,None,815784000,259927000,2.26,0.0305,131756000,131756000,None,-0.272,-0.08,1092719000,1908503000,1.32,2013-09-30,18.18,None,6407000000.0,5703314000,672577000,173539000,None,None,None,857000,None,535157000,None,None,5897789000,None,None,364536000,None,None,None,0.266,928683000,4610595000,1092719000,908923000,903722000,None,None,None,None,None,None,None,2.753,2.078,3.094,None,None,None,None,None,2307000,None,0.135,None,14696310000,2025-10-30,quarterly,1.24,USD,pre-market,None,562138000,0.0224,0.0945,0.074,24.46,None,7479404000,1581615000,None,73.27,78.86,-6.0606,21648316000,3141861000,3672826000,16144534000,18506455000,12475000000,9625477000,5500235000,22.69,None,83.01,61.07
2025-12-28,XEL,3.28,14228000000.0,22.69,None,0.453,35.81,844527000,None,72196000,72196000,312677000,-798713000,-54139000,None,-47181000,None,None,-46268000,1008468000,425671000,None,3922163000,3922163000,1187489000,None,None,2020655000,None,None,815784000,276617000,2.26,0.0305,125966000,125966000,None,-0.272,-0.08,1092719000,1908503000,1.32,2013-06-30,18.18,None,6407000000.0,5703314000,672577000,173539000,None,None,None,857000,None,535157000,None,None,5897789000,None,None,196882000,None,None,None,0.266,431897000,4610595000,1092719000,908923000,903722000,None,None,None,None,None,None,None,2.753,2.078,3.094,None,None,None,None,None,67029000,None,0.135,None,14696310000,2025-10-30,quarterly,1.24,USD,pre-market,None,562138000,0.0224,0.0945,0.074,24.46,None,7479404000,1581615000,None,73.27,78.86,-6.0606,21648316000,3141861000,3672826000,16144534000,18506455000,12475000000,9625477000,5500235000,22.69,None,83.01,61.07
2025-12-28,XEL,3.28,14228000000.0,22.69,None,0.453,35.81,752251000,None,72196000,72196000,101573000,-713264000,30637000,None,87865000,None,None,4397000,1008468000,425671000,None,3922163000,3922163000,1187489000,None,None,2020655000,None,None,815784000,280526000,2.26,0.0305,124426000,124426000,None,-0.272,-0.08,1092719000,1908503000,1.32,2013-03-31,18.18,None,6407000000.0,5703314000,672577000,173539000,None,None,None,857000,None,535157000,None,None,5897789000,None,None,236588000,None,None,None,0.266,642328000,4610595000,1092719000,908923000,903722000,None,None,None,None,None,None,None,2.753,2.078,3.094,None,None,None,None,None,160084000,None,0.135,None,14696310000,2025-10-30,quarterly,1.24,USD,pre-market,None,562138000,0.0224,0.0945,0.074,24.46,None,7479404000,1581615000,None,73.27,78.86,-6.0606,21648316000,3141861000,3672826000,16144534000,18506455000,12475000000,9625477000,5500235000,22.69,None,83.01,61.07
2025-12-28,XEL,3.28,14228000000.0,22.69,None,0.453,35.81,764366000,None,72196000,72196000,-374439000,-723346000,-664950000,None,27147000,None,None,-212913000,1008468000,425671000,None,3922163000,3922163000,1187489000,None,None,2020655000,None,None,815784000,259552000,2.26,0.0305,124189000,124189000,None,-0.272,-0.08,1092719000,1908503000,1.32,2012-12-31,18.18,None,6407000000.0,5703314000,672577000,173539000,None,None,None,857000,None,535157000,None,None,5897789000,None,None,140208000,None,None,None,0.266,432835000,4610595000,1092719000,908923000,903722000,None,None,None,None,None,None,None,2.753,2.078,3.094,None,None,None,None,None,23307000,None,0.135,None,14696310000,2025-10-30,quarterly,1.24,USD,pre-market,None,562138000,0.0224,0.0945,0.074,24.46,None,7479404000,1581615000,None,73.27,78.86,-6.0606,21648316000,3141861000,3672826000,16144534000,18506455000,12475000000,9625477000,5500235000,22.69,None,83.01,61.07
2025-12-28,XEL,3.28,14228000000.0,22.69,None,0.453,35.81,702281000,None,72196000,72196000,630352000,-653234000,683743000,None,-89584000,None,None,-97030000,1008468000,425671000,None,3922163000,3922163000,1187489000,None,None,2020655000,None,None,815784000,272919000,2.26,0.0305,124058000,124058000,None,-0.272,-0.08,1092719000,1908503000,1.32,2012-09-30,18.18,None,6407000000.0,5703314000,672577000,173539000,None,None,None,857000,None,535157000,None,None,5897789000,None,None,398147000,None,None,None,0.266,706625000,4610595000,1092719000,908923000,903722000,None,None,None,None,None,None,None,2.753,2.078,3.094,None,None,None,None,None,2180000,None,0.135,None,14696310000,2025-10-30,quarterly,1.24,USD,pre-market,None,562138000,0.0224,0.0945,0.074,24.46,None,7479404000,1581615000,None,73.27,78.86,-6.0606,21648316000,3141861000,3672826000,16144534000,18506455000,12475000000,9625477000,5500235000,22.69,None,83.01,61.07
2025-12-28,XEL,3.28,14228000000.0,22.69,None,0.453,35.81,606344000,None,72196000,72196000,133325000,-557350000,-36212000,None,1222000,None,None,-6603000,1008468000,425671000,None,3922163000,3922163000,1187489000,None,None,2020655000,None,None,815784000,254785000,2.26,0.0305,119348000,119348000,None,-0.272,-0.08,1092719000,1908503000,1.32,2012-06-30,18.18,None,6407000000.0,5703314000,672577000,173539000,None,None,None,857000,None,535157000,None,None,5897789000,None,None,183075000,None,None,None,0.266,387813000,4610595000,1092719000,908923000,903722000,None,None,None,None,None,None,None,2.753,2.078,3.094,None,None,None,None,None,2100000,None,0.135,None,14696310000,2025-10-30,quarterly,1.24,USD,pre-market,None,562138000,0.0224,0.0945,0.074,24.46,None,7479404000,1581615000,None,73.27,78.86,-6.0606,21648316000,3141861000,3672826000,16144534000,18506455000,12475000000,9625477000,5500235000,22.69,None,83.01,61.07
2025-12-28,XEL,3.28,14228000000.0,22.69,None,0.453,35.81,497218000,None,72196000,72196000,-39413000,-399012000,39058000,None,143873000,None,None,144687000,1008468000,425671000,None,3922163000,3922163000,1187489000,None,None,2020655000,None,None,815784000,259097000,2.26,0.0305,119162000,119162000,None,-0.272,-0.08,1092719000,1908503000,1.32,2012-03-31,18.18,None,6407000000.0,5703314000,672577000,173539000,None,None,None,857000,None,535157000,None,None,5897789000,None,None,183769000,None,None,None,0.266,477483000,4610595000,1092719000,908923000,903722000,None,None,None,None,None,None,None,2.753,2.078,3.094,None,None,None,None,None,-18529000,None,0.135,None,14696310000,2025-10-30,quarterly,1.24,USD,pre-market,None,562138000,0.0224,0.0945,0.074,24.46,None,7479404000,1581615000,None,73.27,78.86,-6.0606,21648316000,3141861000,3672826000,16144534000,18506455000,12475000000,9625477000,5500235000,22.69,None,83.01,61.07
2025-12-28,XEL,3.28,14228000000.0,22.69,None,0.453,35.81,601361000,None,72196000,72196000,-28029000,-586846000,-133471000,None,-10225000,None,None,-181955000,1008468000,425671000,None,3922163000,3922163000,1187489000,None,None,2020655000,None,None,815784000,224527000,2.26,0.0305,123390000,123390000,None,-0.272,-0.08,1092719000,1908503000,1.32,2011-12-31,18.18,None,6407000000.0,5703314000,672577000,173539000,None,None,None,857000,None,535157000,None,None,5897789000,None,None,140941000,None,None,None,0.266,481404000,4610595000,1092719000,908923000,903722000,None,None,None,None,None,None,None,2.753,2.078,3.094,None,None,None,None,None,830604000,None,0.135,None,14696310000,2025-10-30,quarterly,1.24,USD,pre-market,None,562138000,0.0224,0.0945,0.074,24.46,None,7479404000,1581615000,None,73.27,78.86,-6.0606,21648316000,3141861000,3672826000,16144534000,18506455000,12475000000,9625477000,5500235000,22.69,None,83.01,61.07
2025-12-28,XEL,3.28,14228000000.0,22.69,None,0.453,35.81,481937000,None,72196000,72196000,-137378000,-571072000,92552000,None,-123235000,None,None,-34545000,1008468000,425671000,None,3922163000,3922163000,1187489000,None,None,2020655000,None,None,815784000,278483000,2.26,0.0305,119655000,119655000,None,-0.272,-0.08,1092719000,1908503000,1.32,2011-09-30,18.18,None,6407000000.0,5703314000,672577000,173539000,None,None,None,857000,None,535157000,None,None,5897789000,None,None,338295000,None,None,None,0.266,801002000,4610595000,1092719000,908923000,903722000,None,None,None,None,None,None,None,2.753,2.078,3.094,None,None,None,None,None,2375000,None,0.135,None,14696310000,2025-10-30,quarterly,1.24,USD,pre-market,None,562138000,0.0224,0.0945,0.074,24.46,None,7479404000,1581615000,None,73.27,78.86,-6.0606,21648316000,3141861000,3672826000,16144534000,18506455000,12475000000,9625477000,5500235000,22.69,None,83.01,61.07
2025-12-28,XEL,3.28,14228000000.0,22.69,None,0.453,35.81,581930000,None,72196000,72196000,9127000,-465535000,7265000,None,-42567000,None,None,45701000,1008468000,425671000,None,3922163000,3922163000,1187489000,None,None,2020655000,None,None,815784000,251977000,2.26,0.0305,116094000,116094000,None,-0.272,-0.08,1092719000,1908503000,1.32,2011-06-30,18.18,None,6407000000.0,5703314000,672577000,173539000,None,None,None,857000,None,535157000,None,None,5897789000,None,None,158671000,None,None,None,0.266,463673000,4610595000,1092719000,908923000,903722000,None,None,None,None,None,None,None,2.753,2.078,3.094,None,None,None,None,None,1911000,None,0.135,None,14696310000,2025-10-30,quarterly,1.24,USD,pre-market,None,562138000,0.0224,0.0945,0.074,24.46,None,7479404000,1581615000,None,73.27,78.86,-6.0606,21648316000,3141861000,3672826000,16144534000,18506455000,12475000000,9625477000,5500235000,22.69,None,83.01,61.07
2025-12-28,XEL,3.28,14228000000.0,22.69,None,0.453,35.81,540339000,None,72196000,72196000,-49194000,-624348000,-14099000,None,118595000,None,None,111049000,1008468000,425671000,None,3922163000,3922163000,1187489000,None,None,2020655000,None,None,815784000,254768000,2.26,0.0305,115621000,115621000,None,-0.272,-0.08,1092719000,1908503000,1.32,2011-03-31,18.18,None,6407000000.0,5703314000,672577000,173539000,None,None,None,857000,None,535157000,None,None,5897789000,None,None,203467000,None,None,None,0.266,659443000,4610595000,1092719000,908923000,903722000,None,None,None,None,None,None,None,2.753,2.078,3.094,None,None,None,None,None,1878000,None,0.135,None,14696310000,2025-10-30,quarterly,1.24,USD,pre-market,None,562138000,0.0224,0.0945,0.074,24.46,None,7479404000,1581615000,None,73.27,78.86,-6.0606,21648316000,3141861000,3672826000,16144534000,18506455000,12475000000,9625477000,5500235000,22.69,None,83.01,61.07
2025-12-28,XEL,3.28,14228000000.0,22.69,None,0.453,35.81,1387835000,None,72196000,72196000,802973000,-1285766000,-110580000,None,34759000,None,None,-235830000,1008468000,425671000,None,3922163000,3922163000,1187489000,None,None,2020655000,None,None,815784000,251316000,2.26,0.0305,109923000,109923000,None,-0.272,-0.08,1092719000,1908503000,1.32,2010-12-31,18.18,None,6407000000.0,5703314000,672577000,173539000,None,None,None,857000,None,535157000,None,None,5897789000,None,None,136503000,None,None,None,0.266,372213000,4610595000,1092719000,908923000,903722000,None,None,None,None,None,None,None,2.753,2.078,3.094,None,None,None,None,None,118138000,None,0.135,None,14696310000,2025-10-30,quarterly,1.24,USD,pre-market,None,562138000,0.0224,0.0945,0.074,24.46,None,7479404000,1581615000,None,73.27,78.86,-6.0606,21648316000,3141861000,3672826000,16144534000,18506455000,12475000000,9625477000,5500235000,22.69,None,83.01,61.07
2025-12-28,XEL,3.28,14228000000.0,22.69,None,0.453,35.81,594656000,None,72196000,72196000,122346000,-586532000,146012000,None,-127342000,None,None,-21508000,1008468000,425671000,None,3922163000,3922163000,1187489000,None,None,2020655000,None,None,815784000,254868000,2.26,0.0305,109800000,109800000,None,-0.272,-0.08,1092719000,1908503000,1.32,2010-09-30,18.18,None,6407000000.0,5703314000,672577000,173539000,None,None,None,857000,None,535157000,None,None,5897789000,None,None,312488000,None,None,None,0.266,610198000,4610595000,1092719000,908923000,903722000,None,None,None,None,None,None,None,2.753,2.078,3.094,None,None,None,None,None,1575000,None,0.135,None,14696310000,2025-10-30,quarterly,1.24,USD,pre-market,None,562138000,0.0224,0.0945,0.074,24.46,None,7479404000,1581615000,None,73.27,78.86,-6.0606,21648316000,3141861000,3672826000,16144534000,18506455000,12475000000,9625477000,5500235000,22.69,None,83.01,61.07
2025-12-28,XEL,3.28,14228000000.0,22.69,None,0.453,35.81,486089000,None,72196000,72196000,101983000,-474314000,-16339000,None,-11962000,None,None,47437000,1008468000,425671000,None,3922163000,3922163000,1187489000,None,None,2020655000,None,None,815784000,234910000,2.26,0.0305,106422000,106422000,None,-0.272,-0.08,1092719000,1908503000,1.32,2010-06-30,18.18,None,6407000000.0,5703314000,672577000,173539000,None,None,None,857000,None,535157000,None,None,5897789000,None,None,135625000,None,None,None,0.266,355992000,4610595000,1092719000,908923000,903722000,None,None,None,None,None,None,None,2.753,2.078,3.094,None,None,None,None,None,1705000,None,0.135,None,14696310000,2025-10-30,quarterly,1.24,USD,pre-market,None,562138000,0.0224,0.0945,0.074,24.46,None,7479404000,1581615000,None,73.27,78.86,-6.0606,21648316000,3141861000,3672826000,16144534000,18506455000,12475000000,9625477000,5500235000,22.69,None,83.01,61.07
2025-12-28,XEL,3.28,14228000000.0,22.69,None,0.453,35.81,481242000,None,72196000,72196000,-121731000,-460112000,-26304000,None,113784000,None,None,165510000,1008468000,425671000,None,3922163000,3922163000,1187489000,None,None,2020655000,None,None,815784000,236461000,2.26,0.0305,105965000,105965000,None,-0.272,-0.08,1092719000,1908503000,1.32,2010-03-31,18.18,None,6407000000.0,5703314000,672577000,173539000,None,None,None,857000,None,535157000,None,None,5897789000,None,None,167340000,None,None,None,0.266,555539000,4610595000,1092719000,908923000,903722000,None,None,None,None,None,None,None,2.753,2.078,3.094,None,None,None,None,None,2589000,None,0.135,None,14696310000,2025-10-30,quarterly,1.24,USD,pre-market,None,562138000,0.0224,0.0945,0.074,24.46,None,7479404000,1581615000,None,73.27,78.86,-6.0606,21648316000,3141861000,3672826000,16144534000,18506455000,12475000000,9625477000,5500235000,22.69,None,83.01,61.07
2025-12-28,XEL,3.28,14228000000.0,22.69,None,0.453,35.81,476216000,None,72196000,72196000,169288000,-440556000,None,None,-11276000,None,None,None,1008468000,425671000,None,3922163000,3922163000,1187489000,None,None,2020655000,None,None,815784000,211957000,2.26,0.0305,105602000,105602000,None,-0.272,-0.08,1092719000,1908503000,1.32,2009-12-31,18.18,None,6407000000.0,5703314000,672577000,173539000,None,None,None,857000,None,535157000,None,None,5897789000,None,None,170849000,None,None,None,0.266,289648000,4610595000,1092719000,908923000,903722000,None,None,None,None,None,None,None,2.753,2.078,3.094,None,None,None,None,None,20133000,None,0.135,None,14696310000,2025-10-30,quarterly,1.24,USD,pre-market,None,562138000,0.0224,0.0945,0.074,24.46,None,7479404000,1581615000,None,73.27,78.86,-6.0606,21648316000,3141861000,3672826000,16144534000,18506455000,12475000000,9625477000,5500235000,22.69,None,83.01,61.07
2025-12-28,XEL,3.28,14228000000.0,22.69,None,0.453,35.81,363212000,None,72196000,72196000,-431190000,-360475000,None,None,-117724000,None,None,None,1008468000,425671000,None,3922163000,3922163000,1187489000,None,None,2020655000,None,None,815784000,232286000,2.26,0.0305,105461000,105461000,None,-0.272,-0.08,1092719000,1908503000,1.32,2009-09-30,18.18,None,6407000000.0,5703314000,672577000,173539000,None,None,None,857000,None,535157000,None,None,5897789000,None,None,221793000,None,None,None,0.266,503050000,4610595000,1092719000,908923000,903722000,None,None,None,None,None,None,None,2.753,2.078,3.094,None,None,None,None,None,4174000,None,0.135,None,14696310000,2025-10-30,quarterly,1.24,USD,pre-market,None,562138000,0.0224,0.0945,0.074,24.46,None,7479404000,1581615000,None,73.27,78.86,-6.0606,21648316000,3141861000,3672826000,16144534000,18506455000,12475000000,9625477000,5500235000,22.69,None,83.01,61.07
2025-12-28,XEL,3.28,14228000000.0,22.69,None,0.453,35.81,469636000,None,72196000,72196000,225096000,-460392000,None,None,13603000,None,None,None,1008468000,425671000,None,3922163000,3922163000,1187489000,None,None,2020655000,None,None,815784000,232240000,2.26,0.0305,102115000,102115000,None,-0.272,-0.08,1092719000,1908503000,1.32,2009-06-30,18.18,None,6407000000.0,5703314000,672577000,173539000,None,None,None,857000,None,535157000,None,None,5897789000,None,None,117064000,None,None,None,0.266,313218000,4610595000,1092719000,908923000,903722000,None,None,None,None,None,None,None,2.753,2.078,3.094,None,None,None,None,None,2665000,None,0.135,None,14696310000,2025-10-30,quarterly,1.24,USD,pre-market,None,562138000,0.0224,0.0945,0.074,24.46,None,7479404000,1581615000,None,73.27,78.86,-6.0606,21648316000,3141861000,3672826000,16144534000,18506455000,12475000000,9625477000,5500235000,22.69,None,83.01,61.07
2025-12-28,XEL,3.28,14228000000.0,22.69,None,0.453,35.81,477838000,None,72196000,72196000,-285614000,-473244000,None,None,215901000,None,None,None,1008468000,425671000,None,3922163000,3922163000,1187489000,None,None,2020655000,None,None,815784000,239218000,2.26,0.0305,101744000,101744000,None,-0.272,-0.08,1092719000,1908503000,1.32,2009-03-31,18.18,None,6407000000.0,5703314000,672577000,173539000,None,None,None,857000,None,535157000,None,None,5897789000,None,None,175818000,None,None,None,0.266,812548000,4610595000,1092719000,908923000,903722000,None,None,None,None,None,None,None,2.753,2.078,3.094,None,None,None,None,None,185140000,None,0.135,None,14696310000,2025-10-30,quarterly,1.24,USD,pre-market,None,562138000,0.0224,0.0945,0.074,24.46,None,7479404000,1581615000,None,73.27,78.86,-6.0606,21648316000,3141861000,3672826000,16144534000,18506455000,12475000000,9625477000,5500235000,22.69,None,83.01,61.07
2025-12-28,XEL,3.28,14228000000.0,22.69,None,0.453,35.81,589881000,None,72196000,72196000,-34966000,-571302000,None,None,60623000,None,None,None,1008468000,425671000,None,3922163000,3922163000,1187489000,None,None,2020655000,None,None,815784000,883392000,2.26,0.0305,79125000,79125000,None,-0.272,-0.08,1092719000,1908503000,1.32,2008-12-31,18.18,None,6407000000.0,5703314000,672577000,173539000,None,None,None,857000,None,535157000,None,None,5897789000,None,None,164076000,None,None,None,0.266,467638000,4610595000,1092719000,908923000,903722000,None,None,None,None,None,None,None,2.753,2.078,3.094,None,None,None,None,None,633310000,None,0.135,None,14696310000,2025-10-30,quarterly,1.24,USD,pre-market,None,562138000,0.0224,0.0945,0.074,24.46,None,7479404000,1581615000,None,73.27,78.86,-6.0606,21648316000,3141861000,3672826000,16144534000,18506455000,12475000000,9625477000,5500235000,22.69,None,83.01,61.07
2025-12-28,XEL,3.28,14228000000.0,22.69,None,0.453,35.81,483038000,None,72196000,72196000,427525000,-519992000,None,None,-222245000,None,None,None,1008468000,425671000,None,3922163000,3922163000,1187489000,None,None,2020655000,None,None,815784000,None,2.26,0.0305,103402000,103402000,None,-0.272,-0.08,1092719000,1908503000,1.32,2008-09-30,18.18,None,6407000000.0,5703314000,672577000,173539000,None,None,None,857000,None,535157000,None,None,5897789000,None,None,222788000,None,None,None,0.266,405571000,4610595000,1092719000,908923000,903722000,None,None,None,None,None,None,None,2.753,2.078,3.094,None,None,None,None,None,None,None,0.135,None,14696310000,2025-10-30,quarterly,1.24,USD,pre-market,None,562138000,0.0224,0.0945,0.074,24.46,None,7479404000,1581615000,None,73.27,78.86,-6.0606,21648316000,3141861000,3672826000,16144534000,18506455000,12475000000,9625477000,5500235000,22.69,None,83.01,61.07
2025-12-28,XEL,3.28,14228000000.0,22.69,None,0.453,35.81,550428000,None,72196000,72196000,195176000,-556746000,None,None,-79954000,None,None,None,1008468000,425671000,None,3922163000,3922163000,1187489000,None,None,2020655000,None,None,815784000,None,2.26,0.0305,100076000,100076000,None,-0.272,-0.08,1092719000,1908503000,1.32,2008-06-30,18.18,None,6407000000.0,5703314000,672577000,173539000,None,None,None,857000,None,535157000,None,None,5897789000,None,None,105573000,None,None,None,0.266,256600000,4610595000,1092719000,908923000,903722000,None,None,None,None,None,None,None,2.753,2.078,3.094,None,None,None,None,None,None,None,0.135,None,14696310000,2025-10-30,quarterly,1.24,USD,pre-market,None,562138000,0.0224,0.0945,0.074,24.46,None,7479404000,1581615000,None,73.27,78.86,-6.0606,21648316000,3141861000,3672826000,16144534000,18506455000,12475000000,9625477000,5500235000,22.69,None,83.01,61.07
2025-12-28,XEL,3.28,14228000000.0,22.69,None,0.453,35.81,489899000,None,72196000,72196000,83291000,-508277000,None,None,106477000,None,None,None,1008468000,425671000,None,3922163000,3922163000,1187489000,None,None,2020655000,None,None,815784000,226271000,2.26,0.0305,99679000,99679000,None,-0.272,-0.08,1092719000,1908503000,1.32,2008-03-31,18.18,None,6407000000.0,5703314000,672577000,173539000,None,None,None,857000,None,535157000,None,None,5897789000,None,None,153117000,None,None,None,0.266,549707000,4610595000,1092719000,908923000,903722000,None,None,None,None,None,None,None,2.753,2.078,3.094,None,None,None,None,None,710643000,None,0.135,None,14696310000,2025-10-30,quarterly,1.24,USD,pre-market,None,562138000,0.0224,0.0945,0.074,24.46,None,7479404000,1581615000,None,73.27,78.86,-6.0606,21648316000,3141861000,3672826000,16144534000,18506455000,12475000000,9625477000,5500235000,22.69,None,83.01,61.07
2025-12-28,XEL,3.28,14228000000.0,22.69,None,0.453,35.81,614206000,None,72196000,72196000,94226000,-569397000,None,None,-241000,None,None,None,1008468000,425671000,None,3922163000,3922163000,1187489000,None,None,2020655000,None,None,815784000,855897000,2.26,0.0305,97643000,97643000,None,-0.272,-0.08,1092719000,1908503000,1.32,2007-12-31,18.18,None,6407000000.0,5703314000,672577000,173539000,None,None,None,857000,None,535157000,None,None,5897789000,None,None,129922000,None,None,None,0.266,165423000,4610595000,1092719000,908923000,903722000,None,None,None,None,None,None,None,2.753,2.078,3.094,None,None,None,None,None,462260000,None,0.135,None,14696310000,2025-10-30,quarterly,1.24,USD,pre-market,None,562138000,0.0224,0.0945,0.074,24.46,None,7479404000,1581615000,None,73.27,78.86,-6.0606,21648316000,3141861000,3672826000,16144534000,18506455000,12475000000,9625477000,5500235000,22.69,None,83.01,61.07
2025-12-28,XEL,3.28,14228000000.0,22.69,None,0.453,35.81,503699000,None,72196000,72196000,333896000,-474290000,None,None,-122305000,None,None,None,1008468000,425671000,None,3922163000,3922163000,1187489000,None,None,2020655000,None,None,815784000,None,2.26,0.0305,97547000,97547000,None,-0.272,-0.08,1092719000,1908503000,1.32,2007-09-30,18.18,None,6407000000.0,5703314000,672577000,173539000,None,None,None,857000,None,535157000,None,None,5897789000,None,None,251714000,None,None,None,0.266,462431000,4610595000,1092719000,908923000,903722000,None,None,None,None,None,None,None,2.753,2.078,3.094,None,None,None,None,None,None,None,0.135,None,14696310000,2025-10-30,quarterly,1.24,USD,pre-market,None,562138000,0.0224,0.0945,0.074,24.46,None,7479404000,1581615000,None,73.27,78.86,-6.0606,21648316000,3141861000,3672826000,16144534000,18506455000,12475000000,9625477000,5500235000,22.69,None,83.01,61.07
2025-12-28,XEL,3.28,14228000000.0,22.69,None,0.453,35.81,496407000,None,72196000,72196000,140093000,None,None,None,-21393000,None,None,None,1008468000,425671000,None,3922163000,3922163000,1187489000,None,None,2020655000,None,None,815784000,None,2.26,0.0305,92019000,92019000,None,-0.272,-0.08,1092719000,1908503000,1.32,2007-06-30,18.18,None,6407000000.0,5703314000,672577000,173539000,None,None,None,857000,None,535157000,None,None,5897789000,None,None,76001000,None,None,None,0.266,334362000,4610595000,1092719000,908923000,903722000,None,None,None,None,None,None,None,2.753,2.078,3.094,None,None,None,None,None,None,None,0.135,None,14696310000,2025-10-30,quarterly,1.24,USD,pre-market,None,562138000,0.0224,0.0945,0.074,24.46,None,7479404000,1581615000,None,73.27,78.86,-6.0606,21648316000,3141861000,3672826000,16144534000,18506455000,12475000000,9625477000,5500235000,22.69,None,83.01,61.07
2025-12-28,XEL,3.28,14228000000.0,22.69,None,0.453,35.81,482545000,None,72196000,72196000,-85041000,-478477000,None,None,118475000,None,None,None,1008468000,425671000,None,3922163000,3922163000,1187489000,None,None,2020655000,None,None,815784000,222733000,2.26,0.0305,91683000,91683000,None,-0.272,-0.08,1092719000,1908503000,1.32,2007-03-31,18.18,None,6407000000.0,5703314000,672577000,173539000,None,None,None,857000,None,535157000,None,None,5897789000,None,None,119711000,None,None,None,0.266,591063000,4610595000,1092719000,908923000,903722000,None,None,None,None,None,None,None,2.753,2.078,3.094,None,None,None,None,None,None,None,0.135,None,14696310000,2025-10-30,quarterly,1.24,USD,pre-market,None,562138000,0.0224,0.0945,0.074,24.46,None,7479404000,1581615000,None,73.27,78.86,-6.0606,21648316000,3141861000,3672826000,16144534000,18506455000,12475000000,9625477000,5500235000,22.69,None,83.01,61.07
2025-12-28,XEL,3.28,14228000000.0,22.69,None,0.453,35.81,460199000,None,72196000,72196000,125229000,-439321000,None,None,35587000,None,None,None,1008468000,425671000,None,3922163000,3922163000,1187489000,None,None,2020655000,None,None,815784000,857129000000,2.26,0.0305,91518000,91518000,None,-0.272,-0.08,1092719000,1908503000,1.32,2006-12-31,18.18,None,6407000000.0,5703314000,672577000,173539000,None,None,None,857000,None,535157000,None,None,5897789000,None,None,97719000,None,None,None,0.266,318589000,4610595000,1092719000,908923000,903722000,None,None,None,None,None,None,None,2.753,2.078,3.094,None,None,None,None,None,None,None,0.135,None,14696310000,2025-10-30,quarterly,1.24,USD,pre-market,None,562138000,0.0224,0.0945,0.074,24.46,None,7479404000,1581615000,None,73.27,78.86,-6.0606,21648316000,3141861000,3672826000,16144534000,18506455000,12475000000,9625477000,5500235000,22.69,None,83.01,61.07
2025-12-28,XEL,3.28,14228000000.0,22.69,None,0.453,35.81,433801000,None,72196000,72196000,-78944000,-436476000,None,None,-146260000,None,None,None,1008468000,425671000,None,3922163000,3922163000,1187489000,None,None,2020655000,None,None,815784000,None,2.26,0.0305,91289000,91289000,None,-0.272,-0.08,1092719000,1908503000,1.32,2006-09-30,18.18,None,6407000000.0,5703314000,672577000,173539000,None,None,None,857000,None,535157000,None,None,5897789000,None,None,224462000,None,None,None,0.266,387168000,4610595000,1092719000,908923000,903722000,None,None,None,None,None,None,None,2.753,2.078,3.094,None,None,None,None,None,None,None,0.135,None,14696310000,2025-10-30,quarterly,1.24,USD,pre-market,None,562138000,0.0224,0.0945,0.074,24.46,None,7479404000,1581615000,None,73.27,78.86,-6.0606,21648316000,3141861000,3672826000,16144534000,18506455000,12475000000,9625477000,5500235000,22.69,None,83.01,61.07
2025-12-28,XEL,3.28,14228000000.0,22.69,None,0.453,35.81,412970000,None,72196000,72196000,-34877000,-419029000,None,None,-13084000,None,None,None,1008468000,425671000,None,3922163000,3922163000,1187489000,None,None,2020655000,None,None,815784000,None,2.26,0.0305,88153000,88153000,None,-0.272,-0.08,1092719000,1908503000,1.32,2006-06-30,18.18,None,6407000000.0,5703314000,672577000,173539000,None,None,None,857000,None,535157000,None,None,5897789000,None,None,99761000,None,None,None,0.266,533212000,4610595000,1092719000,908923000,903722000,None,None,None,None,None,None,None,2.753,2.078,3.094,None,None,None,None,None,None,None,0.135,None,14696310000,2025-10-30,quarterly,1.24,USD,pre-market,None,562138000,0.0224,0.0945,0.074,24.46,None,7479404000,1581615000,None,73.27,78.86,-6.0606,21648316000,3141861000,3672826000,16144534000,18506455000,12475000000,9625477000,5500235000,22.69,None,83.01,61.07
2025-12-28,XEL,3.28,14228000000.0,22.69,None,0.453,35.81,320650000,None,72196000,72196000,-433103000,-255284000,None,None,152724000,None,None,None,1008468000,425671000,None,3922163000,3922163000,1187489000,None,None,2020655000,None,None,815784000,209518000,2.26,0.0305,87786000,87786000,None,-0.272,-0.08,1092719000,1908503000,1.32,2006-03-31,18.18,None,6407000000.0,5703314000,672577000,173539000,None,None,None,857000,None,535157000,None,None,5897789000,None,None,149812000,None,None,None,0.266,698098000,4610595000,1092719000,908923000,903722000,None,None,None,None,None,None,None,2.753,2.078,3.094,None,None,None,None,None,None,None,0.135,None,14696310000,2025-10-30,quarterly,1.24,USD,pre-market,None,562138000,0.0224,0.0945,0.074,24.46,None,7479404000,1581615000,None,73.27,78.86,-6.0606,21648316000,3141861000,3672826000,16144534000,18506455000,12475000000,9625477000,5500235000,22.69,None,83.01,61.07
2025-12-28,XEL,3.28,14228000000.0,22.69,None,0.453,35.81,409502000,None,72196000,72196000,388188000,-357176000,None,None,-30464000,None,None,None,1008468000,425671000,None,3922163000,3922163000,1187489000,None,None,2020655000,None,None,815784000,782074000,2.26,0.0305,87679000,87679000,None,-0.272,-0.08,1092719000,1908503000,1.32,2005-12-31,18.18,None,6407000000.0,5703314000,672577000,173539000,None,None,None,857000,None,535157000,None,None,5897789000,None,None,112899000,None,None,None,0.266,-144492000,4610595000,1092719000,908923000,903722000,None,None,None,None,None,None,None,2.753,2.078,3.094,None,None,None,None,None,None,None,0.135,None,14696310000,2025-10-30,quarterly,1.24,USD,pre-market,None,562138000,0.0224,0.0945,0.074,24.46,None,7479404000,1581615000,None,73.27,78.86,-6.0606,21648316000,3141861000,3672826000,16144534000,18506455000,12475000000,9625477000,5500235000,22.69,None,83.01,61.07
2025-12-28,XEL,3.28,14228000000.0,22.69,None,0.453,35.81,273319000,None,72196000,72196000,-91223000,-297062000,None,None,-171901000,None,None,None,1008468000,425671000,None,3922163000,3922163000,1187489000,None,None,2020655000,None,None,815784000,None,2.26,0.0305,87568000,87568000,None,-0.272,-0.08,1092719000,1908503000,1.32,2005-09-30,18.18,None,6407000000.0,5703314000,672577000,173539000,None,None,None,857000,None,535157000,None,None,5897789000,None,None,195189000,None,None,None,0.266,521535000,4610595000,1092719000,908923000,903722000,None,None,None,None,None,None,None,2.753,2.078,3.094,None,None,None,None,None,None,None,0.135,None,14696310000,2025-10-30,quarterly,1.24,USD,pre-market,None,562138000,0.0224,0.0945,0.074,24.46,None,7479404000,1581615000,None,73.27,78.86,-6.0606,21648316000,3141861000,3672826000,16144534000,18506455000,12475000000,9625477000,5500235000,22.69,None,83.01,61.07
2025-12-28,XEL,3.28,14228000000.0,22.69,None,0.453,35.81,7364000000,None,72196000,72196000,2837000000,-7428000000,None,None,-140000000,None,None,None,1008468000,425671000,None,3922163000,3922163000,1187489000,None,None,2020655000,None,None,815784000,2875000000,2.26,0.0305,1175000000,1175000000,None,-0.272,-0.08,1092719000,1908503000,1.32,2024-12-31,18.18,None,6407000000.0,5703314000,672577000,173539000,None,None,None,857000,None,535157000,None,None,5897789000,None,None,1936000000,None,None,None,0.266,4641000000,4610595000,1092719000,908923000,903722000,None,None,None,None,None,None,None,2.753,2.078,3.094,None,None,None,None,None,None,None,0.135,None,14696310000,2025-10-30,annual,1.24,USD,pre-market,None,562138000,0.0224,0.0945,0.074,24.46,None,7479404000,1581615000,None,73.27,78.86,-6.0606,21648316000,3141861000,3672826000,16144534000,18506455000,12475000000,9625477000,5500235000,22.69,None,83.01,61.07
2025-12-28,XEL,3.28,14228000000.0,22.69,None,0.453,35.81,5854000000,None,72196000,72196000,617000000,-5926000000,None,None,-98000000,None,None,None,1008468000,425671000,None,3922163000,3922163000,1187489000,None,None,2020655000,None,None,815784000,2567000000,2.26,0.0305,1092000000,1092000000,None,-0.272,-0.08,1092719000,1908503000,1.32,2023-12-31,18.18,None,6407000000.0,5703314000,672577000,173539000,None,None,None,857000,None,535157000,None,None,5897789000,None,None,1771000000,None,None,None,0.266,5327000000,4610595000,1092719000,908923000,903722000,None,None,None,None,None,None,None,2.753,2.078,3.094,None,None,None,None,None,2602000000,None,0.135,None,14696310000,2025-10-30,annual,1.24,USD,pre-market,None,562138000,0.0224,0.0945,0.074,24.46,None,7479404000,1581615000,None,73.27,78.86,-6.0606,21648316000,3141861000,3672826000,16144534000,18506455000,12475000000,9625477000,5500235000,22.69,None,83.01,61.07
2025-12-28,XEL,3.28,14228000000.0,22.69,None,0.453,35.81,4638000000,None,72196000,72196000,666000000,-4653000000,-55000000,None,-203000000,None,None,-429000000,1008468000,425671000,None,3922163000,3922163000,1187489000,None,None,2020655000,None,None,815784000,2554000000,2.26,0.0305,1012000000,1012000000,None,-0.272,-0.08,1092719000,1908503000,1.32,2022-12-31,18.18,None,6407000000.0,5703314000,672577000,173539000,None,None,None,857000,None,535157000,None,None,5897789000,None,None,1736000000,None,None,None,0.266,3932000000,4610595000,1092719000,908923000,903722000,None,None,None,None,None,None,None,2.753,2.078,3.094,None,None,None,None,None,322000000,None,0.135,None,14696310000,2025-10-30,annual,1.24,USD,pre-market,None,562138000,0.0224,0.0945,0.074,24.46,None,7479404000,1581615000,None,73.27,78.86,-6.0606,21648316000,3141861000,3672826000,16144534000,18506455000,12475000000,9625477000,5500235000,22.69,None,83.01,61.07
2025-12-28,XEL,3.28,14228000000.0,22.69,None,0.453,35.81,4244000000,None,72196000,72196000,2135000000,-4287000000,37000000,None,-126000000,None,None,-164000000,1008468000,425671000,None,3922163000,3922163000,1187489000,None,None,2020655000,None,None,815784000,2257000000,2.26,0.0305,935000000,935000000,None,-0.272,-0.08,1092719000,1908503000,1.32,2021-12-31,18.18,None,6407000000.0,5703314000,672577000,173539000,None,None,None,857000,None,535157000,None,None,5897789000,None,None,1597000000,None,None,None,0.266,2189000000,4610595000,1092719000,908923000,903722000,None,None,None,None,None,None,None,2.753,2.078,3.094,None,None,None,None,None,3131000000,None,0.135,None,14696310000,2025-10-30,annual,1.24,USD,pre-market,None,562138000,0.0224,0.0945,0.074,24.46,None,7479404000,1581615000,None,73.27,78.86,-6.0606,21648316000,3141861000,3672826000,16144534000,18506455000,12475000000,9625477000,5500235000,22.69,None,83.01,61.07
2025-12-28,XEL,3.28,14228000000.0,22.69,None,0.453,35.81,5369000000,None,72196000,72196000,1773000000,-4740000000,-119000000,None,-80000000,None,None,-154000000,1008468000,425671000,None,3922163000,3922163000,1187489000,None,None,2020655000,None,None,815784000,2082000000,2.26,0.0305,856000000,856000000,None,-0.272,-0.08,1092719000,1908503000,1.32,2020-12-31,18.18,None,6407000000.0,5703314000,672577000,173539000,None,None,None,857000,None,535157000,None,None,5897789000,None,None,1473000000,None,None,None,0.266,2848000000,4610595000,1092719000,908923000,903722000,None,None,None,None,None,None,None,2.753,2.078,3.094,None,None,None,None,None,2929000000,None,0.135,None,14696310000,2025-10-30,annual,1.24,USD,pre-market,None,562138000,0.0224,0.0945,0.074,24.46,None,7479404000,1581615000,None,73.27,78.86,-6.0606,21648316000,3141861000,3672826000,16144534000,18506455000,12475000000,9625477000,5500235000,22.69,None,83.01,61.07
2025-12-28,XEL,3.28,14228000000.0,22.69,None,0.453,35.81,4225000000,None,72196000,72196000,1181000000,-4343000000,101000000,None,-84000000,None,None,22000000,1008468000,425671000,None,3922163000,3922163000,1187489000,None,None,2020655000,None,None,815784000,1904000000,2.26,0.0305,791000000,791000000,None,-0.272,-0.08,1092719000,1908503000,1.32,2019-12-31,18.18,None,6407000000.0,5703314000,672577000,173539000,None,None,None,857000,None,535157000,None,None,5897789000,None,None,1372000000,None,None,None,0.266,3263000000,4610595000,1092719000,908923000,903722000,None,None,None,None,None,None,None,2.753,2.078,3.094,None,None,None,None,None,2477000000,None,0.135,None,14696310000,2025-10-30,annual,1.24,USD,pre-market,None,562138000,0.0224,0.0945,0.074,24.46,None,7479404000,1581615000,None,73.27,78.86,-6.0606,21648316000,3141861000,3672826000,16144534000,18506455000,12475000000,9625477000,5500235000,22.69,None,83.01,61.07
2025-12-28,XEL,3.28,14228000000.0,22.69,None,0.453,35.81,3957000000,None,72196000,72196000,928000000,-3986000000,64000000,None,-65000000,None,None,-96000000,1008468000,425671000,None,3922163000,3922163000,1187489000,None,None,2020655000,None,None,815784000,1781000000,2.26,0.0305,730000000,730000000,None,-0.272,-0.08,1092719000,1908503000,1.32,2018-12-31,18.18,None,6407000000.0,5703314000,672577000,173539000,None,None,None,857000,None,535157000,None,None,5897789000,None,None,1261000000,None,None,None,0.266,3122000000,4610595000,1092719000,908923000,903722000,None,None,None,None,None,None,None,2.753,2.078,3.094,None,None,None,None,None,-1000000,None,0.135,None,14696310000,2025-10-30,annual,1.24,USD,pre-market,None,562138000,0.0224,0.0945,0.074,24.46,None,7479404000,1581615000,None,73.27,78.86,-6.0606,21648316000,3141861000,3672826000,16144534000,18506455000,12475000000,9625477000,5500235000,22.69,None,83.01,61.07
2025-12-28,XEL,3.28,14228000000.0,22.69,None,0.453,35.81,3319000000,None,72196000,72196000,168000000,-3296000000,-2000000,None,-3000000,None,None,-94000000,1008468000,425671000,None,3922163000,3922163000,1187489000,None,None,2020655000,None,None,815784000,1609000000,2.26,0.0305,721000000,721000000,None,-0.272,-0.08,1092719000,1908503000,1.32,2017-12-31,18.18,None,6407000000.0,5703314000,672577000,173539000,None,None,None,857000,None,535157000,None,None,5897789000,None,None,1148000000,None,None,None,0.266,3126000000,4610595000,1092719000,908923000,903722000,None,None,None,None,None,None,None,2.753,2.078,3.094,None,None,None,None,None,-3000000,None,0.135,None,14696310000,2025-10-30,annual,1.24,USD,pre-market,None,562138000,0.0224,0.0945,0.074,24.46,None,7479404000,1581615000,None,73.27,78.86,-6.0606,21648316000,3141861000,3672826000,16144534000,18506455000,12475000000,9625477000,5500235000,22.69,None,83.01,61.07
2025-12-28,XEL,3.28,14228000000.0,22.69,None,0.453,35.81,3255550000,None,72196000,72196000,208650000,-3261413000,-464000,None,1349000,None,None,-158135000,1008468000,425671000,None,3922163000,3922163000,1187489000,None,None,2020655000,None,None,815784000,1435734000,2.26,0.0305,680521000,680521000,None,-0.272,-0.08,1092719000,1908503000,1.32,2016-12-31,18.18,None,6407000000.0,5703314000,672577000,173539000,None,None,None,857000,None,535157000,None,None,5897789000,None,None,1123379000,None,None,None,0.266,3052299000,4610595000,1092719000,908923000,903722000,None,None,None,None,None,None,None,2.753,2.078,3.094,None,None,None,None,None,-32209000,None,0.135,None,14696310000,2025-10-30,annual,1.24,USD,pre-market,None,562138000,0.0224,0.0945,0.074,24.46,None,7479404000,1581615000,None,73.27,78.86,-6.0606,21648316000,3141861000,3672826000,16144534000,18506455000,12475000000,9625477000,5500235000,22.69,None,83.01,61.07
2025-12-28,XEL,3.28,14228000000.0,22.69,None,0.453,35.81,3683359000,None,72196000,72196000,602267000,-3622774000,5332000,None,-11240000,None,None,139451000,1008468000,425671000,None,3922163000,3922163000,1187489000,None,None,2020655000,None,None,815784000,1249390000,2.26,0.0305,606574000,606574000,None,-0.272,-0.08,1092719000,1908503000,1.32,2015-12-31,18.18,None,6407000000.0,5703314000,672577000,173539000,None,None,None,857000,None,535157000,None,None,5897789000,None,None,984485000,None,None,None,0.266,3025839000,4610595000,1092719000,908923000,903722000,None,None,None,None,None,None,None,2.753,2.078,3.094,None,None,None,None,None,7011000,None,0.135,None,14696310000,2025-10-30,annual,1.24,USD,pre-market,None,562138000,0.0224,0.0945,0.074,24.46,None,7479404000,1581615000,None,73.27,78.86,-6.0606,21648316000,3141861000,3672826000,16144534000,18506455000,12475000000,9625477000,5500235000,22.69,None,83.01,61.07
2025-12-28,XEL,3.28,14228000000.0,22.69,None,0.453,35.81,3199791000,None,72196000,72196000,441523000,-3117251000,-27536000,None,-20558000,None,None,-166408000,1008468000,425671000,None,3922163000,3922163000,1187489000,None,None,2020655000,None,None,815784000,1151057000,2.26,0.0305,561411000,561411000,None,-0.272,-0.08,1092719000,1908503000,1.32,2014-12-31,18.18,None,6407000000.0,5703314000,672577000,173539000,None,None,None,857000,None,535157000,None,None,5897789000,None,None,1021306000,None,None,None,0.266,2648192000,4610595000,1092719000,908923000,903722000,None,None,None,None,None,None,None,2.753,2.078,3.094,None,None,None,None,None,180798000,None,0.135,None,14696310000,2025-10-30,annual,1.24,USD,pre-market,None,562138000,0.0224,0.0945,0.074,24.46,None,7479404000,1581615000,None,73.27,78.86,-6.0606,21648316000,3141861000,3672826000,16144534000,18506455000,12475000000,9625477000,5500235000,22.69,None,83.01,61.07
2025-12-28,XEL,3.28,14228000000.0,22.69,None,0.453,35.81,3395325000,None,72196000,72196000,654169000,-3213384000,24821000,None,-43588000,None,None,-132778000,1008468000,425671000,None,3922163000,3922163000,1187489000,None,None,2020655000,None,None,815784000,1099932000,2.26,0.0305,514042000,514042000,None,-0.272,-0.08,1092719000,1908503000,1.32,2013-12-31,18.18,None,6407000000.0,5703314000,672577000,173539000,None,None,None,857000,None,535157000,None,None,5897789000,None,None,948234000,None,None,None,0.266,2584036000,4610595000,1092719000,908923000,903722000,None,None,None,None,None,None,None,2.753,2.078,3.094,None,None,None,None,None,231767000,None,0.135,None,14696310000,2025-10-30,annual,1.24,USD,pre-market,None,562138000,0.0224,0.0945,0.074,24.46,None,7479404000,1581615000,None,73.27,78.86,-6.0606,21648316000,3141861000,3672826000,16144534000,18506455000,12475000000,9625477000,5500235000,22.69,None,83.01,61.07
2025-12-28,XEL,3.28,14228000000.0,22.69,None,0.453,35.81,2570209000,None,72196000,72196000,349825000,-2332942000,21639000,None,82658000,None,None,-171859000,1008468000,425671000,None,3922163000,3922163000,1187489000,None,None,2020655000,None,None,815784000,1046353000,2.26,0.0305,486757000,486757000,None,-0.272,-0.08,1092719000,1908503000,1.32,2012-12-31,18.18,None,6407000000.0,5703314000,672577000,173539000,None,None,None,857000,None,535157000,None,None,5897789000,None,None,905199000,None,None,None,0.266,2004756000,4610595000,1092719000,908923000,903722000,None,None,None,None,None,None,None,2.753,2.078,3.094,None,None,None,None,None,-18529000,None,0.135,None,14696310000,2025-10-30,annual,1.24,USD,pre-market,None,562138000,0.0224,0.0945,0.074,24.46,None,7479404000,1581615000,None,73.27,78.86,-6.0606,21648316000,3141861000,3672826000,16144534000,18506455000,12475000000,9625477000,5500235000,22.69,None,83.01,61.07
2025-12-28,XEL,3.28,14228000000.0,22.69,None,0.453,35.81,2205567000,None,72196000,72196000,-205474000,-2247801000,-47753000,None,-57432000,None,None,-59750000,1008468000,425671000,None,3922163000,3922163000,1187489000,None,None,2020655000,None,None,815784000,1009755000,2.26,0.0305,474760000,474760000,None,-0.272,-0.08,1092719000,1908503000,1.32,2011-12-31,18.18,None,6407000000.0,5703314000,672577000,173539000,None,None,None,857000,None,535157000,None,None,5897789000,None,None,841374000,None,None,None,0.266,2405522000,4610595000,1092719000,908923000,903722000,None,None,None,None,None,None,None,2.753,2.078,3.094,None,None,None,None,None,-104980000,None,0.135,None,14696310000,2025-10-30,annual,1.24,USD,pre-market,None,562138000,0.0224,0.0945,0.074,24.46,None,7479404000,1581615000,None,73.27,78.86,-6.0606,21648316000,3141861000,3672826000,16144534000,18506455000,12475000000,9625477000,5500235000,22.69,None,83.01,61.07
2025-12-28,XEL,3.28,14228000000.0,22.69,None,0.453,35.81,2949822000,None,72196000,72196000,905571000,-2806724000,-7211000,None,9239000,None,None,-44391000,1008468000,425671000,None,3922163000,3922163000,1187489000,None,None,2020655000,None,None,815784000,977555000,2.26,0.0305,432110000,432110000,None,-0.272,-0.08,1092719000,1908503000,1.32,2010-12-31,18.18,None,6407000000.0,5703314000,672577000,173539000,None,None,None,857000,None,535157000,None,None,5897789000,None,None,751956000,None,None,None,0.266,1893942000,4610595000,1092719000,908923000,903722000,None,None,None,None,None,None,None,2.753,2.078,3.094,None,None,None,None,None,457258000,None,0.135,None,14696310000,2025-10-30,annual,1.24,USD,pre-market,None,562138000,0.0224,0.0945,0.074,24.46,None,7479404000,1581615000,None,73.27,78.86,-6.0606,21648316000,3141861000,3672826000,16144534000,18506455000,12475000000,9625477000,5500235000,22.69,None,83.01,61.07
2025-12-28,XEL,3.28,14228000000.0,22.69,None,0.453,35.81,1786902000,None,72196000,72196000,-322420000,-1734667000,-138623000,None,100504000,None,None,172215000,1008468000,425671000,None,3922163000,3922163000,1187489000,None,None,2020655000,None,None,815784000,915701000,2.26,0.0305,414922000,414922000,None,-0.272,-0.08,1092719000,1908503000,1.32,2009-12-31,18.18,None,6407000000.0,5703314000,672577000,173539000,None,None,None,857000,None,535157000,None,None,5897789000,None,None,685524000,None,None,None,0.266,1918464000,4610595000,1092719000,908923000,903722000,None,None,None,None,None,None,None,2.753,2.078,3.094,None,None,None,None,None,20133000,None,0.135,None,14696310000,2025-10-30,annual,1.24,USD,pre-market,None,562138000,0.0224,0.0945,0.074,24.46,None,7479404000,1581615000,None,73.27,78.86,-6.0606,21648316000,3141861000,3672826000,16144534000,18506455000,12475000000,9625477000,5500235000,22.69,None,83.01,61.07
2025-12-28,XEL,3.28,14228000000.0,22.69,None,0.453,35.81,2113246000,None,72196000,72196000,671026000,-2156317000,None,None,-135099000,None,None,None,1008468000,425671000,None,3922163000,3922163000,1187489000,None,None,2020655000,None,None,815784000,883392000,2.26,0.0305,382282000,382282000,None,-0.272,-0.08,1092719000,1908503000,1.32,2008-12-31,18.18,None,6407000000.0,5703314000,672577000,173539000,None,None,None,857000,None,535157000,None,None,5897789000,None,None,645554000,None,None,None,0.266,1679516000,4610595000,1092719000,908923000,903722000,None,None,None,None,None,None,None,2.753,2.078,3.094,None,None,None,None,None,633310000,None,0.135,None,14696310000,2025-10-30,annual,1.24,USD,pre-market,None,562138000,0.0224,0.0945,0.074,24.46,None,7479404000,1581615000,None,73.27,78.86,-6.0606,21648316000,3141861000,3672826000,16144534000,18506455000,12475000000,9625477000,5500235000,22.69,None,83.01,61.07
2025-12-28,XEL,3.28,14228000000.0,22.69,None,0.453,35.81,2096857000,None,72196000,72196000,483174000,-2022791000,None,None,-25464000,None,None,None,1008468000,425671000,None,3922163000,3922163000,1187489000,None,None,2020655000,None,None,815784000,855897000,2.26,0.0305,378892000,378892000,None,-0.272,-0.08,1092719000,1908503000,1.32,2007-12-31,18.18,None,6407000000.0,5703314000,672577000,173539000,None,None,None,857000,None,535157000,None,None,5897789000,None,None,577348000,None,None,None,0.266,1553279000,4610595000,1092719000,908923000,903722000,None,None,None,None,None,None,None,2.753,2.078,3.094,None,None,None,None,None,1318646000,None,0.135,None,14696310000,2025-10-30,annual,1.24,USD,pre-market,None,562138000,0.0224,0.0945,0.074,24.46,None,7479404000,1581615000,None,73.27,78.86,-6.0606,21648316000,3141861000,3672826000,16144534000,18506455000,12475000000,9625477000,5500235000,22.69,None,83.01,61.07
2025-12-28,XEL,3.28,14228000000.0,22.69,None,0.453,35.81,1627620000,None,72196000,72196000,-421695000,-1550110000,None,None,28967000,None,None,None,1008468000,425671000,None,3922163000,3922163000,1187489000,None,None,2020655000,None,None,815784000,857129000000,2.26,0.0305,358746000,358746000,None,-0.272,-0.08,1092719000,1908503000,1.32,2006-12-31,18.18,None,6407000000.0,5703314000,672577000,173539000,None,None,None,857000,None,535157000,None,None,5897789000,None,None,571754000,None,None,None,0.266,1937067000,4610595000,1092719000,908923000,903722000,None,None,None,None,None,None,None,2.753,2.078,3.094,None,None,None,None,None,None,None,0.135,None,14696310000,2025-10-30,annual,1.24,USD,pre-market,None,562138000,0.0224,0.0945,0.074,24.46,None,7479404000,1581615000,None,73.27,78.86,-6.0606,21648316000,3141861000,3672826000,16144534000,18506455000,12475000000,9625477000,5500235000,22.69,None,83.01,61.07
2025-12-28,XEL,3.28,14228000000.0,22.69,None,0.453,35.81,1311444000,None,72196000,72196000,111323000,-1225635000,None,None,-94605000,None,None,None,1008468000,425671000,None,3922163000,3922163000,1187489000,None,None,2020655000,None,None,815784000,782074000,2.26,0.0305,343092000,343092000,None,-0.272,-0.08,1092719000,1908503000,1.32,2005-12-31,18.18,None,6407000000.0,5703314000,672577000,173539000,None,None,None,857000,None,535157000,None,None,5897789000,None,None,512972000,None,None,None,0.266,1163147000,4610595000,1092719000,908923000,903722000,None,None,None,None,None,None,None,2.753,2.078,3.094,None,None,None,None,None,None,None,0.135,None,14696310000,2025-10-30,annual,1.24,USD,pre-market,None,562138000,0.0224,0.0945,0.074,24.46,None,7479404000,1581615000,None,73.27,78.86,-6.0606,21648316000,3141861000,3672826000,16144534000,18506455000,12475000000,9625477000,5500235000,22.69,None,83.01,61.07
