date,symbol,eps,revenue_ttm,pe_ratio,accumulateddepreciationamortizationppe,beta,book_value,capitalexpenditures,capitalleaseobligations,cashandcashequivalentsatcarryingvalue,cashandshortterminvestments,cashflowfromfinancing,cashflowfrominvestment,changeincashandcashequivalents,changeinexchangerate,changeininventory,changeinoperatingassets,changeinoperatingliabilities,changeinreceivables,commonstock,commonstocksharesoutstanding,comprehensiveincomenetoftax,costofgoodsandservicessold,costofrevenue,currentaccountspayable,currentdebt,currentlongtermdebt,currentnetreceivables,deferredrevenue,depreciation,depreciationandamortization,depreciationdepletionandamortization,dividend_per_share,dividend_yield,dividendpayout,dividendpayoutcommonstock,dividendpayoutpreferredstock,earnings_growth_yoy,earnings_surprise,ebit,ebitda,estimated_eps,fiscaldateending,forward_pe,goodwill,gross_profit_ttm,grossprofit,incomebeforetax,incometaxexpense,intangibleassets,intangibleassetsexcludinggoodwill,interestanddebtexpense,interestexpense,interestincome,inventory,investmentincomenet,investments,longtermdebt,longtermdebtnoncurrent,longterminvestments,netincome,netincomefromcontinuingoperations,netinterestincome,noninterestincome,operating_margin_ttm,operatingcashflow,operatingexpenses,operatingincome,othercurrentassets,othercurrentliabilities,othernoncurrentassets,othernoncurrentliabilities,othernonoperatingincome,paymentsforoperatingactivities,paymentsforrepurchaseofcommonstock,paymentsforrepurchaseofequity,paymentsforrepurchaseofpreferredstock,peg_ratio,price_to_book,price_to_sales_ttm,proceedsfromissuanceofcommonstock,proceedsfromissuanceoflongtermdebtandcapitalsecuritiesnet,proceedsfromissuanceofpreferredstock,proceedsfromoperatingactivities,proceedsfromrepaymentsofshorttermdebt,proceedsfromrepurchaseofequity,proceedsfromsaleoftreasurystock,profit_margin,profitloss,propertyplantequipment,report_date,report_type,reported_eps,reportedcurrency,reporttime,researchanddevelopment,retainedearnings,return_on_assets_ttm,return_on_equity_ttm,revenue_growth_yoy,revenue_per_share_ttm,sellinggeneralandadministrative,shortlongtermdebttotal,shorttermdebt,shortterminvestments,sma_200,sma_50,surprise_pct,totalassets,totalcurrentassets,totalcurrentliabilities,totalliabilities,totalnoncurrentassets,totalnoncurrentliabilities,totalrevenue,totalshareholderequity,trailing_pe,treasurystock,week_52_high,week_52_low
1996-03-31,XOM,,,,,,,,,,,,,,,,,,,,,,,,,,,,,,,,,,,,,,0.02,,,0.33,,,,,,,,,,,,,,,,,,,,,,,,,,,,,,,,,,,,,,,,,,,,,,,,,1996-04-22,,0.35,,pre-market,,,,,,,,,,,,,6.0606,,,,,,,,,,,,
1996-06-30,XOM,,,,,,,,,,,,,,,,,,,,,,,,,,,,,,,,,,,,,,-0.01,,,0.33,,,,,,,,,,,,,,,,,,,,,,,,,,,,,,,,,,,,,,,,,,,,,,,,,1996-07-22,,0.32,,pre-market,,,,,,,,,,,,,-3.0303,,,,,,,,,,,,
1996-09-30,XOM,,,,,,,,,,,,,,,,,,,,,,,,,,,,,,,,,,,,,,0.01,,,0.3,,,,,,,,,,,,,,,,,,,,,,,,,,,,,,,,,,,,,,,,,,,,,,,,,1996-10-21,,0.31,,pre-market,,,,,,,,,,,,,3.3333,,,,,,,,,,,,
1996-12-31,XOM,,,,,,,,,,,,,,,,,,,,,,,,,,,,,,,,,,,,,,0.04,,,0.38,,,,,,,,,,,,,,,,,,,,,,,,,,,,,,,,,,,,,,,,,,,,,,,,,1997-01-21,,0.42,,pre-market,,,,,,,,,,,,,10.5263,,,,,,,,,,,,
1997-03-31,XOM,,,,,,,,,,,,,,,,,,,,,,,,,,,,,,,,,,,,,,0.03,,,0.41,,,,,,,,,,,,,,,,,,,,,,,,,,,,,,,,,,,,,,,,,,,,,,,,,1997-04-21,,0.44,,pre-market,,,,,,,,,,,,,7.3171,,,,,,,,,,,,
1997-06-30,XOM,,,,,,,,,,,,,,,,,,,,,,,,,,,,,,,,,,,,,,0.05,,,0.35,,,,,,,,,,,,,,,,,,,,,,,,,,,,,,,,,,,,,,,,,,,,,,,,,1997-07-21,,0.4,,pre-market,,,,,,,,,,,,,14.2857,,,,,,,,,,,,
1997-09-30,XOM,,,,,,,,,,,,,,,,,,,,,,,,,,,,,,,,,,,,,,0.02,,,0.35,,,,,,,,,,,,,,,,,,,,,,,,,,,,,,,,,,,,,,,,,,,,,,,,,1997-10-21,,0.37,,pre-market,,,,,,,,,,,,,5.7143,,,,,,,,,,,,
1997-12-31,XOM,,,,,,,,,,,,,,,,,,,,,,,,,,,,,,,,,,,,,,0.13,,,0.37,,,,,,,,,,,,,,,,,,,,,,,,,,,,,,,,,,,,,,,,,,,,,,,,,1998-01-21,,0.5,,pre-market,,,,,,,,,,,,,35.1351,,,,,,,,,,,,
1998-03-31,XOM,,,,,,,,,,,,,,,,,,,,,,,,,,,,,,,,,,,,,,0.04,,,0.34,,,,,,,,,,,,,,,,,,,,,,,,,,,,,,,,,,,,,,,,,,,,,,,,,1998-04-21,,0.38,,pre-market,,,,,,,,,,,,,11.7647,,,,,,,,,,,,
1998-06-30,XOM,,,,,,,,,,,,,,,,,,,,,,,,,,,,,,,,,,,,,,0.01,,,0.32,,,,,,,,,,,,,,,,,,,,,,,,,,,,,,,,,,,,,,,,,,,,,,,,,1998-07-21,,0.33,,pre-market,,,,,,,,,,,,,3.125,,,,,,,,,,,,
1998-09-30,XOM,,,,,,,,,,,,,,,,,,,,,,,,,,,,,,,,,,,,,,0.0,,,0.29,,,,,,,,,,,,,,,,,,,,,,,,,,,,,,,,,,,,,,,,,,,,,,,,,1998-10-21,,0.29,,pre-market,,,,,,,,,,,,,0.0,,,,,,,,,,,,
1998-12-31,XOM,,,,,,,,,,,,,,,,,,,,,,,,,,,,,,,,,,,,,,0.01,,,0.3,,,,,,,,,,,,,,,,,,,,,,,,,,,,,,,,,,,,,,,,,,,,,,,,,1999-01-21,,0.31,,pre-market,,,,,,,,,,,,,3.3333,,,,,,,,,,,,
1999-03-31,XOM,,,,,,,,,,,,,,,,,,,,,,,,,,,,,,,,,,,,,,0.01,,,0.23,,,,,,,,,,,,,,,,,,,,,,,,,,,,,,,,,,,,,,,,,,,,,,,,,1999-04-21,,0.24,,pre-market,,,,,,,,,,,,,4.3478,,,,,,,,,,,,
1999-06-30,XOM,,,,,,,,,,,,,,,,,,,,,,,,,,,,,,,,,,,,,,-0.02,,,0.27,,,,,,,,,,,,,,,,,,,,,,,,,,,,,,,,,,,,,,,,,,,,,,,,,1999-07-21,,0.25,,pre-market,,,,,,,,,,,,,-7.4074,,,,,,,,,,,,
1999-09-30,XOM,,,,,,,,,,,,,,,,,,,,,,,,,,,,,,,,,,,,,,0.01,,,0.3,,,,,,,,,,,,,,,,,,,,,,,,,,,,,,,,,,,,,,,,,,,,,,,,,1999-10-25,,0.31,,pre-market,,,,,,,,,,,,,3.3333,,,,,,,,,,,,
1999-12-31,XOM,,,,,,,,,,,,,,,,,,,,,,,,,,,,,,,,,,,,,,0.01,,,0.38,,,,,,,,,,,,,,,,,,,,,,,,,,,,,,,,,,,,,,,,,,,,,,,,,2000-01-25,,0.39,,pre-market,,,,,,,,,,,,,2.6316,,,,,,,,,,,,
2000-03-31,XOM,,,,,,,,,,,,,,,,,,,,,,,,,,,,,,,,,,,,,,0.04,,,0.44,,,,,,,,,,,,,,,,,,,,,,,,,,,,,,,,,,,,,,,,,,,,,,,,,2000-04-25,,0.48,,pre-market,,,,,,,,,,,,,9.0909,,,,,,,,,,,,
2000-06-30,XOM,,,,,,,,,,,,,,,,,,,,,,,,,,,,,,,,,,,,,,0.06,,,0.53,,,,,,,,,,,,,,,,,,,,,,,,,,,,,,,,,,,,,,,,,,,,,,,,,2000-07-25,,0.59,,pre-market,,,,,,,,,,,,,11.3208,,,,,,,,,,,,
2000-09-30,XOM,,,,,,,,,,,,,,,,,,,,,,,,,,,,,,,,,,,,,,0.04,,,0.57,,,,,,,,,,,,,,,,,,,,,,,,,,,,,,,,,,,,,,,,,,,,,,,,,2000-10-24,,0.61,,pre-market,,,,,,,,,,,,,7.0175,,,,,,,,,,,,
2000-12-31,XOM,,,,,,,,,,,,,,,,,,,,,,,,,,,,,,,,,,,,,,0.08,,,0.65,,,,,,,,,,,,,,,,,,,,,,,,,,,,,,,,,,,,,,,,,,,,,,,,,2001-01-23,,0.73,,pre-market,,,,,,,,,,,,,12.3077,,,,,,,,,,,,
2001-03-31,XOM,,,,,,,,,,,,,,,,,,,,,,,,,,,,,,,,,,,,,,0.06,,,0.66,,,,,,,,,,,,,,,,,,,,,,,,,,,,,,,,,,,,,,,,,,,,,,,,,2001-04-23,,0.72,,pre-market,,,,,,,,,,,,,9.0909,,,,,,,,,,,,
2001-06-30,XOM,,,,,,,,,,,,,,,,,,,,,,,,,,,,,,,,,,,,,,-0.02,,,0.66,,,,,,,,,,,,,,,,,,,,,,,,,,,,,,,,,,,,,,,,,,,,,,,,,2001-07-24,,0.64,,pre-market,,,,,,,,,,,,,-3.0303,,,,,,,,,,,,
2001-09-30,XOM,,,,,,,,,,,,,,,,,,,,,,,,,,,,,,,,,,,,,,-0.02,,,0.5,,,,,,,,,,,,,,,,,,,,,,,,,,,,,,,,,,,,,,,,,,,,,,,,,2001-10-23,,0.48,,pre-market,,,,,,,,,,,,,-4.0,,,,,,,,,,,,
2001-12-31,XOM,,,,,,,,,,,,,,,,,,,,,,,,,,,,,,,,,,,,,,0.04,,,0.38,,,,,,,,,,,,,,,,,,,,,,,,,,,,,,,,,,,,,,,,,,,,,,,,,2002-01-23,,0.42,,pre-market,,,,,,,,,,,,,10.5263,,,,,,,,,,,,
2002-03-31,XOM,,,,,,,,,,,,,,,,,,,,,,,,,,,,,,,,,,,,,,-0.08,,,0.39,,,,,,,,,,,,,,,,,,,,,,,,,,,,,,,,,,,,,,,,,,,,,,,,,2002-04-23,,0.31,,pre-market,,,,,,,,,,,,,-20.5128,,,,,,,,,,,,
2002-06-30,XOM,,,,,,,,,,,,,,,,,,,,,,,,,,,,,,,,,,,,,,-0.06,,,0.45,,,,,,,,,,,,,,,,,,,,,,,,,,,,,,,,,,,,,,,,,,,,,,,,,2002-08-01,,0.39,,pre-market,,,,,,,,,,,,,-13.3333,,,,,,,,,,,,
2002-09-30,XOM,,,,,,,,,,,,,,,,,,,,,,,,,,,,,,,,,,,,,,0.02,,,0.42,,,,,,,,,,,,,,,,,,,,,,,,,,,,,,,,,,,,,,,,,,,,,,,,,2002-10-31,,0.44,,pre-market,,,,,,,,,,,,,4.7619,,,,,,,,,,,,
2002-12-31,XOM,,,,,,,,,,,,,,,,,,,,,,,,,,,,,,,,,,,,,,0.06,,,0.5,,,,,,,,,,,,,,,,,,,,,,,,,,,,,,,,,,,,,,,,,,,,,,,,,2003-01-30,,0.56,,pre-market,,,,,,,,,,,,,12.0,,,,,,,,,,,,
2003-03-31,XOM,,,,,,,,,,,,,,,,,,,,,,,,,,,,,,,,,,,,,,0.02,,,0.69,,,,,,,,,,,,,,,,,,,,,,,,,,,,,,,,,,,,,,,,,,,,,,,,,2003-05-01,,0.71,,pre-market,,,,,,,,,,,,,2.8986,,,,,,,,,,,,
2003-06-30,XOM,,,,,,,,,,,,,,,,,,,,,,,,,,,,,,,,,,,,,,0.06,,,0.56,,,,,,,,,,,,,,,,,,,,,,,,,,,,,,,,,,,,,,,,,,,,,,,,,2003-07-31,,0.62,,pre-market,,,,,,,,,,,,,10.7143,,,,,,,,,,,,
2003-09-30,XOM,,,,,,,,,,,,,,,,,,,,,,,,,,,,,,,,,,,,,,-0.07,,,0.62,,,,,,,,,,,,,,,,,,,,,,,,,,,,,,,,,,,,,,,,,,,,,,,,,2003-10-30,,0.55,,pre-market,,,,,,,,,,,,,-11.2903,,,,,,,,,,,,
2003-12-31,XOM,,,,,,,,,,,,,,,,,,,,,,,,,,,,,,,,,,,,,,0.1,,,0.58,,,,,,,,,,,,,,,,,,,,,,,,,,,,,,,,,,,,,,,,,,,,,,,,,2004-01-29,,0.68,,pre-market,,,,,,,,,,,,,17.2414,,,,,,,,,,,,
2004-03-31,XOM,,,,,,,,,,,,,,,,,,,,,,,,,,,,,,,,,,,,,,0.08,,,0.75,,,,,,,,,,,,,,,,,,,,,,,,,,,,,,,,,,,,,,,,,,,,,,,,,2004-04-29,,0.83,,pre-market,,,,,,,,,,,,,10.6667,,,,,,,,,,,,
2004-06-30,XOM,,,,,,,,,,,,,,,,,,,,,,,,,,,,,,,,,,,,,,0.0,,,0.88,,,,,,,,,,,,,,,,,,,,,,,,,,,,,,,,,,,,,,,,,,,,,,,,,2004-07-29,,0.88,,pre-market,,,,,,,,,,,,,0.0,,,,,,,,,,,,
2004-09-30,XOM,,,,,,,,,,,,,,,,,,,,,,,,,,,,,,,,,,,,,,0.09,,,0.87,,,,,,,,,,,,,,,,,,,,,,,,,,,,,,,,,,,,,,,,,,,,,,,,,2004-10-28,,0.96,,pre-market,,,,,,,,,,,,,10.3448,,,,,,,,,,,,
2004-12-31,XOM,,,,,,,,,,,,,,,,,,,,,,,,,,,,,,,,,,,,,,0.25,,,1.05,,,,,,,,,,,,,,,,,,,,,,,,,,,,,,,,,,,,,,,,,,,,,,,,,2005-01-31,,1.3,,pre-market,,,,,,,,,,,,,23.8095,,,,,,,,,,,,
2005-03-31,XOM,,,,,,,,,,,,,,,,,,,,,,,,,,,,,,,,,,,,,,-0.05,,,1.2,,,,,,,,,,,,,,,,,,,,,,,,,,,,,,,,,,,,,,,,,,,,,,,,,2005-04-28,,1.15,,pre-market,,,,,,,,,,,,,-4.1667,,,,,,,,,,,,
2005-06-30,XOM,,,,,,,,,,,,,,,,,,,,,,,,,,,,,,,,,,,,,,0.01,,,1.22,,,,,,,,,,,,,,,,,,,,,,,,,,,,,,,,,,,,,,,,,,,,,,,,,2005-07-28,,1.23,,pre-market,,,,,,,,,,,,,0.8197,,,,,,,,,,,,
2005-09-30,XOM,,,,,,,,,,,,,,,,,,,,,,,,,,,,,,,,,,,,,,-0.07,,,1.39,,,,,,,,,,,,,,,,,,,,,,,,,,,,,,,,,,,,,,,,,,,,,,,,,2005-10-27,,1.32,,pre-market,,,,,,,,,,,,,-5.036,,,,,,,,,,,,
2005-12-31,XOM,,,,,,,,,,,,,,,,,,,,,,,,,,,,,,,,,,,,,,0.2,,,1.45,,,,,,,,,,,,,,,,,,,,,,,,,,,,,,,,,,,,,,,,,,,,,,,,,2006-01-30,,1.65,,pre-market,,,,,,,,,,,,,13.7931,,,,,,,,,,,,
2006-03-31,XOM,,,,,,,,,,,,,,,,,,,,,,,,,,,,,,,,,,,,,,-0.05,,,1.46,,,,,,,,,,,,,,,,,,,,,,,,,,,,,,,,,,,,,,,,,,,,,,,,,2006-04-27,,1.41,,pre-market,,,,,,,,,,,,,-3.4247,,,,,,,,,,,,
2006-06-30,XOM,,,,,,,,,,,,,,,,,,,,,,,,,,,,,,,,,,,,,,0.08,,,1.64,,,,,,,,,,,,,,,,,,,,,,,,,,,,,,,,,,,,,,,,,,,,,,,,,2006-07-27,,1.72,,pre-market,,,,,,,,,,,,,4.878,,,,,,,,,,,,
2006-09-30,XOM,,,,,,,,,,,,,,,,,,,,,,,,,,,,,,,,,,,,,,0.18,,,1.59,,,,,,,,,,,,,,,,,,,,,,,,,,,,,,,,,,,,,,,,,,,,,,,,,2006-10-26,,1.77,,pre-market,,,,,,,,,,,,,11.3208,,,,,,,,,,,,
2006-12-31,XOM,,,,,,,,,,,,,,,,,,,,,,,,,,,,,,,,,,,,,,0.17,,,1.52,,,,,,,,,,,,,,,,,,,,,,,,,,,,,,,,,,,,,,,,,,,,,,,,,2007-02-01,,1.69,,pre-market,,,,,,,,,,,,,11.1842,,,,,,,,,,,,
2007-03-31,XOM,,,,,,,,,,,,,,,,,,,,,,,,,,,,,,,,,,,,,,0.09,,,1.53,,,,,,,,,,,,,,,,,,,,,,,,,,,,,,,,,,,,,,,,,,,,,,,,,2007-04-26,,1.62,,pre-market,,,,,,,,,,,,,5.8824,,,,,,,,,,,,
2007-06-30,XOM,,,,,,,,,,,,,,,,,,,,,,,,,,,,,,,,,,,,,,-0.13,,,1.96,,,,,,,,,,,,,,,,,,,,,,,,,,,,,,,,,,,,,,,,,,,,,,,,,2007-07-26,,1.83,,pre-market,,,,,,,,,,,,,-6.6327,,,,,,,,,,,,
2007-09-30,XOM,,,,,,,,,,,,,,,,,,,,,,,,,,,,,,,,,,,,,,-0.04,,,1.74,,,,,,,,,,,,,,,,,,,,,,,,,,,,,,,,,,,,,,,,,,,,,,,,,2007-11-01,,1.7,,pre-market,,,,,,,,,,,,,-2.2989,,,,,,,,,,,,
2007-12-31,XOM,,,,,,,,,,,,,,,,,,,,,,,,,,,,,,,,,,,,,,0.15,,,1.98,,,,,,,,,,,,,,,,,,,,,,,,,,,,,,,,,,,,,,,,,,,,,,,,,2008-02-01,,2.13,,pre-market,,,,,,,,,,,,,7.5758,,,,,,,,,,,,
2008-03-31,XOM,,,,,,,,,,,,,,,,,,,,,,,,,,,,,,,,,,,,,,-0.08,,,2.11,,,,,,,,,,,,,,,,,,,,,,,,,,,,,,,,,,,,,,,,,,,,,,,,,2008-05-01,,2.03,,pre-market,,,,,,,,,,,,,-3.7915,,,,,,,,,,,,
2008-06-30,XOM,,,,,,,,,,,,,,,,,,,,,,,,,,,,,,,,,,,,,,-0.26,,,2.53,,,,,,,,,,,,,,,,,,,,,,,,,,,,,,,,,,,,,,,,,,,,,,,,,2008-07-31,,2.27,,pre-market,,,,,,,,,,,,,-10.2767,,,,,,,,,,,,
2008-09-30,XOM,,,,,,,,,,,,,,,,,,,,,,,,,,,,,,,,,,,,,,0.21,,,2.38,,,,,,,,,,,,,,,,,,,,,,,,,,,,,,,,,,,,,,,,,,,,,,,,,2008-10-30,,2.59,,pre-market,,,,,,,,,,,,,8.8235,,,,,,,,,,,,
2008-12-31,XOM,,,,,,,,,,,,,,,,,,,,,,,,,,,,,,,,,,,,,,0.04,,,1.51,,,,,,,,,,,,,,,,,,,,,,,,,,,,,,,,,,,,,,,,,,,,,,,,,2009-01-30,,1.55,,pre-market,,,,,,,,,,,,,2.649,,,,,,,,,,,,
2009-03-31,XOM,,,,,,,,,,,,,,,,,,,,,,,,,,,,,,,,,,,,,,-0.03,,,0.95,,,,,,,,,,,,,,,,,,,,,,,,,,,,,,,,,,,,,,,,,,,,,,,,,2009-04-30,,0.92,,pre-market,,,,,,,,,,,,,-3.1579,,,,,,,,,,,,
2009-06-30,XOM,,,,,,,,,,,,,,,,,,,,,,,,,,,,,,,,,,,,,,-0.18,,,1.02,,,,,,,,,,,,,,,,,,,,,,,,,,,,,,,,,,,,,,,,,,,,,,,,,2009-07-30,,0.84,,pre-market,,,,,,,,,,,,,-17.6471,,,,,,,,,,,,
2009-09-30,XOM,,,,,,,,,,,,,,,,,,,,,,,,,,,,,,,,,,,,,,-0.05,,,1.03,,,,,,,,,,,,,,,,,,,,,,,,,,,,,,,,,,,,,,,,,,,,,,,,,2009-10-29,,0.98,,pre-market,,,,,,,,,,,,,-4.8544,,,,,,,,,,,,
2009-12-31,XOM,,,,,,,,,,,,,,,,,,,,,,,,,,,,,,,,,,,,,,0.08,,,1.19,,,,,,,,,,,,,,,,,,,,,,,,,,,,,,,,,,,,,,,,,,,,,,,,,2010-02-01,,1.27,,pre-market,,,,,,,,,,,,,6.7227,,,,,,,,,,,,
2010-03-31,XOM,,,,,,,,,,,,,,,,,,,,,,,,,,,,,,,,,,,,,,-0.01,,,1.38,,,,,,,,,,,,,,,,,,,,,,,,,,,,,,,,,,,,,,,,,,,,,,,,,2010-04-29,,1.37,,pre-market,,,,,,,,,,,,,-0.7246,,,,,,,,,,,,
2010-06-30,XOM,,,,,,,,,,,,,,,,,,,,,,,,,,,,,,,,,,,,,,0.14,,,1.46,,,,,,,,,,,,,,,,,,,,,,,,,,,,,,,,,,,,,,,,,,,,,,,,,2010-07-29,,1.6,,pre-market,,,,,,,,,,,,,9.589,,,,,,,,,,,,
2010-09-30,XOM,,,,,,,,,,,,,,,,,,,,,,,,,,,,,,,,,,,,,,0.09,,,1.35,,,,,,,,,,,,,,,,,,,,,,,,,,,,,,,,,,,,,,,,,,,,,,,,,2010-10-28,,1.44,,pre-market,,,,,,,,,,,,,6.6667,,,,,,,,,,,,
2010-12-31,XOM,,,,,,,,,,,,,,,,,,,,,,,,,,,,,,,,,,,,,,0.23,,,1.62,,,,,,,,,,,,,,,,,,,,,,,,,,,,,,,,,,,,,,,,,,,,,,,,,2011-01-31,,1.85,,pre-market,,,,,,,,,,,,,14.1975,,,,,,,,,,,,
2011-03-31,XOM,,,,,,,,,,,,,,,,,,,,,,,,,,,,,,,,,,,,,,0.12,,,2.02,,,,,,,,,,,,,,,,,,,,,,,,,,,,,,,,,,,,,,,,,,,,,,,,,2011-04-28,,2.14,,pre-market,,,,,,,,,,,,,5.9406,,,,,,,,,,,,
2011-06-30,XOM,,,,,,,,,,,,,,,,,,,,,,,,,,,,,,,,,,,,,,-0.15,,,2.33,,,,,,,,,,,,,,,,,,,,,,,,,,,,,,,,,,,,,,,,,,,,,,,,,2011-07-28,,2.18,,pre-market,,,,,,,,,,,,,-6.4378,,,,,,,,,,,,
2011-09-30,XOM,,,,,,,,,,,,,,,,,,,,,,,,,,,,,,,,,,,,,,0.0,,,2.13,,,,,,,,,,,,,,,,,,,,,,,,,,,,,,,,,,,,,,,,,,,,,,,,,2011-10-27,,2.13,,pre-market,,,,,,,,,,,,,0.0,,,,,,,,,,,,
2011-12-31,XOM,,,,,,,,,,,,,,,,,,,,,,,,,,,,,,,,,,,,,,-0.01,,,1.98,,,,,,,,,,,,,,,,,,,,,,,,,,,,,,,,,,,,,,,,,,,,,,,,,2012-01-31,,1.97,,post-market,,,,,,,,,,,,,-0.5051,,,,,,,,,,,,
2012-03-31,XOM,,,,,,,,,,,,,,,,,,,,,,,,,,,,,,,,,,,,,,-0.11,,,2.11,,,,,,,,,,,,,,,,,,,,,,,,,,,,,,,,,,,,,,,,,,,,,,,,,2012-04-26,,2.0,,pre-market,,,,,,,,,,,,,-5.2133,,,,,,,,,,,,
2012-06-30,XOM,,,,,,,,,,,,,,,,,,,,,,,,,,,,,,,,,,,,,,-0.16,,,1.96,,,,,,,,,,,,,,,,,,,,,,,,,,,,,,,,,,,,,,,,,,,,,,,,,2012-07-26,,1.8,,pre-market,,,,,,,,,,,,,-8.1633,,,,,,,,,,,,
2012-09-30,XOM,,,,,,,,,,,,,,,,,,,,,,,,,,,,,,,,,,,,,,0.16,,,1.93,,,,,,,,,,,,,,,,,,,,,,,,,,,,,,,,,,,,,,,,,,,,,,,,,2012-11-01,,2.09,,pre-market,,,,,,,,,,,,,8.2902,,,,,,,,,,,,
2012-12-31,XOM,,,,,,,,,,,,,,,,,,,,,,,,,,,,,,,,,,,,,,0.2,,,2.0,,,,,,,,,,,,,,,,,,,,,,,,,,,,,,,,,,,,,,,,,,,,,,,,,2013-02-01,,2.2,,pre-market,,,,,,,,,,,,,10.0,,,,,,,,,,,,
2013-03-31,XOM,,,,,,,,,,,,,,,,,,,,,,,,,,,,,,,,,,,,,,0.07,,,2.05,,,,,,,,,,,,,,,,,,,,,,,,,,,,,,,,,,,,,,,,,,,,,,,,,2013-04-25,,2.12,,pre-market,,,,,,,,,,,,,3.4146,,,,,,,,,,,,
2013-06-30,XOM,,,,,,,,,,,,,,,,,,,,,,,,,,,,,,,,,,,,,,-0.35,,,1.9,,,,,,,,,,,,,,,,,,,,,,,,,,,,,,,,,,,,,,,,,,,,,,,,,2013-08-01,,1.55,,pre-market,,,,,,,,,,,,,-18.4211,,,,,,,,,,,,
2013-09-30,XOM,,,,,,,,,,,,,,,,,,,,,,,,,,,,,,,,,,,,,,0.01,,,1.78,,,,,,,,,,,,,,,,,,,,,,,,,,,,,,,,,,,,,,,,,,,,,,,,,2013-10-31,,1.79,,pre-market,,,,,,,,,,,,,0.5618,,,,,,,,,,,,
2013-12-31,XOM,,,,,,,,,,,,,,,,,,,,,,,,,,,,,,,,,,,,,,-0.01,,,1.92,,,,,,,,,,,,,,,,,,,,,,,,,,,,,,,,,,,,,,,,,,,,,,,,,2014-01-30,,1.91,,pre-market,,,,,,,,,,,,,-0.5208,,,,,,,,,,,,
2014-03-31,XOM,,,,,,,,,,,,,,,,,,,,,,,,,,,,,,,,,,,,,,0.22,,,1.88,,,,,,,,,,,,,,,,,,,,,,,,,,,,,,,,,,,,,,,,,,,,,,,,,2014-05-01,,2.1,,pre-market,,,,,,,,,,,,,11.7021,,,,,,,,,,,,
2014-06-30,XOM,,,,,,,,,,,,,,,,,,,,,,,,,,,,,,,,,,,,,,0.19,,,1.86,,,,,,,,,,,,,,,,,,,,,,,,,,,,,,,,,,,,,,,,,,,,,,,,,2014-07-31,,2.05,,pre-market,,,,,,,,,,,,,10.2151,,,,,,,,,,,,
2014-09-30,XOM,,,,,,,,,,,,,,,,,,,,,,,,,,,,,,,,,,,,,,0.17,,,1.72,,,,,,,,,,,,,,,,,,,,,,,,,,,,,,,,,,,,,,,,,,,,,,,,,2014-10-31,,1.89,,pre-market,,,,,,,,,,,,,9.8837,,,,,,,,,,,,
2014-12-31,XOM,,,,,,,,,,,,,,,,,,,,,,,,,,,,,,,,,,,,,,-0.02,,,1.34,,,,,,,,,,,,,,,,,,,,,,,,,,,,,,,,,,,,,,,,,,,,,,,,,2015-02-02,,1.32,,pre-market,,,,,,,,,,,,,-1.4925,,,,,,,,,,,,
2015-03-31,XOM,,,,,,,,,,,,,,,,,,,,,,,,,,,,,,,,,,,,,,0.34,,,0.83,,,,,,,,,,,,,,,,,,,,,,,,,,,,,,,,,,,,,,,,,,,,,,,,,2015-04-30,,1.17,,pre-market,,,,,,,,,,,,,40.9639,,,,,,,,,,,,
2015-06-30,XOM,,,,,,,,,,,,,,,,,,,,,,,,,,,,,,,,,,,,,,-0.05,,,1.11,,,,,,,,,,,,,,,,,,,,,,,,,,,,,,,,,,,,,,,,,,,,,,,,,2015-07-31,,1.06,,pre-market,,,,,,,,,,,,,-4.5045,,,,,,,,,,,,
2015-09-30,XOM,,,,,,,,,,,,,,,,,,,,,,,,,,,,,,,,,,,,,,0.11,,,0.9,,,,,,,,,,,,,,,,,,,,,,,,,,,,,,,,,,,,,,,,,,,,,,,,,2015-10-30,,1.01,,pre-market,,,,,,,,,,,,,12.2222,,,,,,,,,,,,
2015-12-31,XOM,,,,,,,,,,,,,,,,,,,,,,,,,,,,,,,,,,,,,,0.03,,,0.64,,,,,,,,,,,,,,,,,,,,,,,,,,,,,,,,,,,,,,,,,,,,,,,,,2016-02-02,,0.67,,pre-market,,,,,,,,,,,,,4.6875,,,,,,,,,,,,
2016-03-31,XOM,,,,,,,,,,,,,,,,,,,,,,,,,,,,,,,,,,,,,,0.12,,,0.31,,,,,,,,,,,,,,,,,,,,,,,,,,,,,,,,,,,,,,,,,,,,,,,,,2016-04-29,,0.43,,pre-market,,,,,,,,,,,,,38.7097,,,,,,,,,,,,
2016-06-30,XOM,,,,,,,,,,,,,,,,,,,,,,,,,,,,,,,,,,,,,,-0.23,,,0.64,,,,,,,,,,,,,,,,,,,,,,,,,,,,,,,,,,,,,,,,,,,,,,,,,2016-07-29,,0.41,,pre-market,,,,,,,,,,,,,-35.9375,,,,,,,,,,,,
2016-09-30,XOM,,,,,,,,,,,,,,,,,,,,,,,,,,,,,,,,,,,,,,0.03,,,0.6,,,,,,,,,,,,,,,,,,,,,,,,,,,,,,,,,,,,,,,,,,,,,,,,,2016-10-28,,0.63,,pre-market,,,,,,,,,,,,,5.0,,,,,,,,,,,,
2016-12-31,XOM,,,,,,,,,,,,,,,,,,,,,,,,,,,,,,,,,,,,,,0.19,,,0.7,,,,,,,,,,,,,,,,,,,,,,,,,,,,,,,,,,,,,,,,,,,,,,,,,2017-01-31,,0.89,,pre-market,,,,,,,,,,,,,27.1429,,,,,,,,,,,,
2017-03-31,XOM,,,,,,,,,,,,,,,,,,,,,,,,,,,,,,,,,,,,,,0.08,,,0.87,,,,,,,,,,,,,,,,,,,,,,,,,,,,,,,,,,,,,,,,,,,,,,,,,2017-04-28,,0.95,,pre-market,,,,,,,,,,,,,9.1954,,,,,,,,,,,,
2017-06-30,XOM,,,,,,,,,,,,,,,,,,,,,,,,,,,,,,,,,,,,,,-0.07,,,0.85,,,,,,,,,,,,,,,,,,,,,,,,,,,,,,,,,,,,,,,,,,,,,,,,,2017-07-28,,0.78,,pre-market,,,,,,,,,,,,,-8.2353,,,,,,,,,,,,
2017-09-30,XOM,,,,,,,,,,,,,,,,,,,,,,,,,,,,,,,,,,,,,,0.06,,,0.87,,,,,,,,,,,,,,,,,,,,,,,,,,,,,,,,,,,,,,,,,,,,,,,,,2017-10-27,,0.93,,pre-market,,,,,,,,,,,,,6.8966,,,,,,,,,,,,
2017-12-31,XOM,,,,,,,,,,,,,,,,,,,,,,,,,,,,,,,,,,,,,,-0.15,,,1.03,,,,,,,,,,,,,,,,,,,,,,,,,,,,,,,,,,,,,,,,,,,,,,,,,2018-02-02,,0.88,,pre-market,,,,,,,,,,,,,-14.5631,,,,,,,,,,,,
2018-03-31,XOM,,,,,,,,,,,,,,,,,,,,,,,,,,,,,,,,,,,,,,-0.01,,,1.1,,,,,,,,,,,,,,,,,,,,,,,,,,,,,,,,,,,,,,,,,,,,,,,,,2018-04-27,,1.09,,pre-market,,,,,,,,,,,,,-0.9091,,,,,,,,,,,,
2018-06-30,XOM,,,,,,,,,,,,,,,,,,,,,,,,,,,,,,,,,,,,,,-0.35,,,1.27,,,,,,,,,,,,,,,,,,,,,,,,,,,,,,,,,,,,,,,,,,,,,,,,,2018-07-27,,0.92,,pre-market,,,,,,,,,,,,,-27.5591,,,,,,,,,,,,
2018-09-30,XOM,,,,,,,,,,,,,,,,,,,,,,,,,,,,,,,,,,,,,,0.24,,,1.22,,,,,,,,,,,,,,,,,,,,,,,,,,,,,,,,,,,,,,,,,,,,,,,,,2018-11-02,,1.46,,pre-market,,,,,,,,,,,,,19.6721,,,,,,,,,,,,
2018-12-31,XOM,,,,,,,,,,,,,,,,,,,,,,,,,,,,,,,,,,,,,,0.41,,,1.09,,,,,,,,,,,,,,,,,,,,,,,,,,,,,,,,,,,,,,,,,,,,,,,,,2019-02-01,,1.5,,pre-market,,,,,,,,,,,,,37.6147,,,,,,,,,,,,
2019-03-31,XOM,,,,,,,,,,,,,,,,,,,,,,,,,,,,,,,,,,,,,,-0.18,,,0.73,,,,,,,,,,,,,,,,,,,,,,,,,,,,,,,,,,,,,,,,,,,,,,,,,2019-04-26,,0.55,,pre-market,,,,,,,,,,,,,-24.6575,,,,,,,,,,,,
2019-06-30,XOM,,,,,,,,,,,,,,,,,,,,,,,,,,,,,,,,,,,,,,-0.1,,,0.71,,,,,,,,,,,,,,,,,,,,,,,,,,,,,,,,,,,,,,,,,,,,,,,,,2019-08-02,,0.61,,pre-market,,,,,,,,,,,,,-14.0845,,,,,,,,,,,,
2019-09-30,XOM,,,,,,,,,,,,,,,,,,,,,,,,,,,,,,,,,,,,,,0.02,,,0.66,,,,,,,,,,,,,,,,,,,,,,,,,,,,,,,,,,,,,,,,,,,,,,,,,2019-11-01,,0.68,,pre-market,,,,,,,,,,,,,3.0303,,,,,,,,,,,,
2019-12-31,XOM,,,,,,,,,,,,,,,,,,,,,,,,,,,,,,,,,,,,,,0.13,,,1.2,,,,,,,,,,,,,,,,,,,,,,,,,,,,,,,,,,,,,,,,,,,,,,,,,2020-01-31,,1.33,,pre-market,,,,,,,,,,,,,10.8333,,,,,,,,,,,,
2020-03-31,XOM,,,,,,,,,,,,,,,,,,,,,,,,,,,,,,,,,,,,,,-0.18,,,0.04,,,,,,,,,,,,,,,,,,,,,,,,,,,,,,,,,,,,,,,,,,,,,,,,,2020-05-01,,-0.14,,pre-market,,,,,,,,,,,,,-450.0,,,,,,,,,,,,
2020-06-30,XOM,,,,,,,,,,,,,,,,,,,,,,,,,,,,,,,,,,,,,,-0.1,,,-0.6,,,,,,,,,,,,,,,,,,,,,,,,,,,,,,,,,,,,,,,,,,,,,,,,,2020-07-31,,-0.7,,pre-market,,,,,,,,,,,,,-16.6667,,,,,,,,,,,,
2020-09-30,XOM,,,,,,,,,,,,,,,,,,,,,,,,,,,,,,,,,,,,,,0.07,,,-0.25,,,,,,,,,,,,,,,,,,,,,,,,,,,,,,,,,,,,,,,,,,,,,,,,,2020-10-30,,-0.18,,pre-market,,,,,,,,,,,,,28.0,,,,,,,,,,,,
2020-12-31,XOM,,,,,,,,,,,,,,,,,,,,,,,,,,,,,,,,,,,,,,0.01,,,0.02,,,,,,,,,,,,,,,,,,,,,,,,,,,,,,,,,,,,,,,,,,,,,,,,,2021-02-02,,0.03,,pre-market,,,,,,,,,,,,,50.0,,,,,,,,,,,,
2021-03-31,XOM,,,,,,,,,,,,,,,,,,,,,,,,,,,,,,,,,,,,,,0.05,,,0.6,,,,,,,,,,,,,,,,,,,,,,,,,,,,,,,,,,,,,,,,,,,,,,,,,2021-04-30,,0.65,,pre-market,,,,,,,,,,,,,8.3333,,,,,,,,,,,,
2021-06-30,XOM,,,,,,,,,,,,,,,,,,,,,,,,,,,,,,,,,,,,,,0.11,,,0.99,,,,,,,,,,,,,,,,,,,,,,,,,,,,,,,,,,,,,,,,,,,,,,,,,2021-07-30,,1.1,,pre-market,,,,,,,,,,,,,11.1111,,,,,,,,,,,,
2021-09-30,XOM,,,,,,,,,,,,,,,,,,,,,,,,,,,,,,,,,,,,,,0.06,,,1.52,,,,,,,,,,,,,,,,,,,,,,,,,,,,,,,,,,,,,,,,,,,,,,,,,2021-10-29,,1.58,,pre-market,,,,,,,,,,,,,3.9474,,,,,,,,,,,,
2021-12-31,XOM,,,,,,,,,,,,,,,,,,,,,,,,,,,,,,,,,,,,,,0.12,,,1.93,,,,,,,,,,,,,,,,,,,,,,,,,,,,,,,,,,,,,,,,,,,,,,,,,2022-02-01,,2.05,,pre-market,,,,,,,,,,,,,6.2176,,,,,,,,,,,,
2022-03-31,XOM,,,,,,,,,,,,,,,,,,,,,,,,,,,,,,,,,,,,,,-0.15,,,2.22,,,,,,,,,,,,,,,,,,,,,,,,,,,,,,,,,,,,,,,,,,,,,,,,,2022-04-29,,2.07,,pre-market,,,,,,,,,,,,,-6.7568,,,,,,,,,,,,
2022-06-30,XOM,,,,,,,,,,,,,,,,,,,,,,,,,,,,,,,,,,,,,,0.25,,,3.89,,,,,,,,,,,,,,,,,,,,,,,,,,,,,,,,,,,,,,,,,,,,,,,,,2022-07-29,,4.14,,pre-market,,,,,,,,,,,,,6.4267,,,,,,,,,,,,
2022-09-30,XOM,,,,,,,,,,,,,,,,,,,,,,,,,,,,,,,,,,,,,,0.63,,,3.82,,,,,,,,,,,,,,,,,,,,,,,,,,,,,,,,,,,,,,,,,,,,,,,,,2022-10-28,,4.45,,pre-market,,,,,,,,,,,,,16.4921,,,,,,,,,,,,
2022-12-31,XOM,,,,,,,,,,,,,,,,,,,,,,,,,,,,,,,,,,,,,,0.12,,,3.28,,,,,,,,,,,,,,,,,,,,,,,,,,,,,,,,,,,,,,,,,,,,,,,,,2023-01-31,,3.4,,pre-market,,,,,,,,,,,,,3.6585,,,,,,,,,,,,
2023-03-31,XOM,,,,,,,,,,,,,,,,,,,,,,,,,,,,,,,,,,,,,,0.24,,,2.59,,,,,,,,,,,,,,,,,,,,,,,,,,,,,,,,,,,,,,,,,,,,,,,,,2023-04-28,,2.83,,pre-market,,,,,,,,,,,,,9.2664,,,,,,,,,,,,
2023-06-30,XOM,,,,,,,,,,,,,,,,,,,,,,,,,,,,,,,,,,,,,,-0.08,,,2.02,,,,,,,,,,,,,,,,,,,,,,,,,,,,,,,,,,,,,,,,,,,,,,,,,2023-07-28,,1.94,,pre-market,,,,,,,,,,,,,-3.9604,,,,,,,,,,,,
2023-09-30,XOM,,,,,,,,,,,,,,,,,,,,,,,,,,,,,,,,,,,,,,-0.09,,,2.36,,,,,,,,,,,,,,,,,,,,,,,,,,,,,,,,,,,,,,,,,,,,,,,,,2023-10-27,,2.27,,pre-market,,,,,,,,,,,,,-3.8136,,,,,,,,,,,,
2023-12-31,XOM,,,,,,,,,,,,,,,,,,,,,,,,,,,,,,,,,,,,,,0.29,,,2.19,,,,,,,,,,,,,,,,,,,,,,,,,,,,,,,,,,,,,,,,,,,,,,,,,2024-02-02,,2.48,,pre-market,,,,,,,,,,,,,13.242,,,,,,,,,,,,
2024-03-31,XOM,,,,,,,,,,,,,,,,,,,,,,,,,,,,,,,,,,,,,,0.02,,,2.04,,,,,,,,,,,,,,,,,,,,,,,,,,,,,,,,,,,,,,,,,,,,,,,,,2024-04-26,,2.06,,post-market,,,,,,,,,,,,,0.9804,,,,,,,,,,,,
2024-06-30,XOM,,,,,,,,,,,,,,,,,,,,,,,,,,,,,,,,,,,,,,0.13,,,2.01,,,,,,,,,,,,,,,,,,,,,,,,,,,,,,,,,,,,,,,,,,,,,,,,,2024-08-02,,2.14,,pre-market,,,,,,,,,,,,,6.4677,,,,,,,,,,,,
2024-09-30,XOM,,,,,,,,,,,,,,,,,,,,,,,,,,,,,,,,,,,,,,0.05,,,1.87,,,,,,,,,,,,,,,,,,,,,,,,,,,,,,,,,,,,,,,,,,,,,,,,,2024-11-01,,1.92,,pre-market,,,,,,,,,,,,,2.6738,,,,,,,,,,,,
2024-12-31,XOM,,,,,,,,,,,,,,,,,,,,,,,,,,,,,,,,,,,,,,0.12,,,1.55,,,,,,,,,,,,,,,,,,,,,,,,,,,,,,,,,,,,,,,,,,,,,,,,,2025-01-31,,1.67,,pre-market,,,,,,,,,,,,,7.7419,,,,,,,,,,,,
2025-03-31,XOM,,,,,,,,,,,,,,,,,,,,,,,,,,,,,,,,,,,,,,0.02,,,1.74,,,,,,,,,,,,,,,,,,,,,,,,,,,,,,,,,,,,,,,,,,,,,,,,,2025-05-02,,1.76,,pre-market,,,,,,,,,,,,,1.1494,,,,,,,,,,,,
2025-06-30,XOM,,,,,,,,,,,,,,,,,,,,,,,,,,,,,,,,,,,,,,0.08,,,1.56,,,,,,,,,,,,,,,,,,,,,,,,,,,,,,,,,,,,,,,,,,,,,,,,,2025-08-01,,1.64,,pre-market,,,,,,,,,,,,,5.1282,,,,,,,,,,,,
2025-09-30,XOM,,,,,,,,,,,,,,,,,,,,,,,,,,,,,,,,,,,,,,0.06,,,1.82,,,,,,,,,,,,,,,,,,,,,,,,,,,,,,,,,,,,,,,,,,,,,,,,,2025-10-31,,1.88,,pre-market,,,,,,,,,,,,,3.2967,,,,,,,,,,,,
2025-12-28,XOM,6.88,326244991000.0,17.31,,0.379,61.79,,,,,,,,,,,,,,,,,,,,,,,,,,3.96,0.0332,,,,-0.083,0.06,,,1.82,,16.42,,101859000000.0,,,,,,,,,,,,,,,,,,,0.111,,,,,,,,,,,,,2.829,1.93,1.556,,,,,,,,0.0918,,,2025-10-31,,1.88,,pre-market,,,0.0511,0.114,-0.051,75.02,,,,,111.47,116.3,3.2967,,,,,,,,,17.31,,120.47,95.18
2025-12-28,XOM,6.88,326244991000.0,17.31,,0.379,61.79,,,,,,,,,,,,,,,None,64646000000,64646000000,,,,,,None,6475000000,,3.96,0.0332,,,,-0.083,0.06,11139000000,17614000000,1.82,2025-09-30,16.42,,101859000000.0,18685000000,10932000000,3164000000,,,None,207000000,1177000000,,None,,,,,7548000000,7768000000,-90000000,None,0.111,,9507000000,9178000000,,,,,None,,,,,2.829,1.93,1.556,,,,,,,,0.0918,,,2025-10-31,quarterly,1.88,USD,pre-market,None,,0.0511,0.114,-0.051,75.02,3032000000,,,,111.47,116.3,3.2967,,,,,,,83331000000,,17.31,,120.47,95.18
2025-12-28,XOM,6.88,326244991000.0,17.31,,0.379,61.79,,,,,,,,,,,,,,,None,61530000000,61530000000,,,,,,None,6101000000,,3.96,0.0332,,,,-0.083,0.06,10850000000,16951000000,1.82,2025-06-30,16.42,,101859000000.0,17947000000,10705000000,3351000000,,,None,271000000,1317000000,,None,,,,,7082000000,7354000000,-145000000,None,0.111,,9036000000,8911000000,,,,,None,,,,,2.829,1.93,1.556,,,,,,,,0.0918,,,2025-10-31,quarterly,1.88,USD,pre-market,None,,0.0511,0.114,-0.051,75.02,8785000000,,,,111.47,116.3,3.2967,,,,,,,79477000000,,17.31,,120.47,95.18
2025-12-28,XOM,6.88,326244991000.0,17.31,,0.379,61.79,,,,,,,,,,,,,,,None,62573000000,62573000000,,,,,,None,5702000000,,3.96,0.0332,,,,-0.083,0.06,11805000000,17507000000,1.82,2025-03-31,16.42,,101859000000.0,18485000000,11600000000,3567000000,,,None,205000000,1164000000,,None,,,,,7713000000,8033000000,-205000000,None,0.111,,8639000000,9846000000,,,,,None,,,,,2.829,1.93,1.556,,,,,,,,0.0918,,,2025-10-31,quarterly,1.88,USD,pre-market,None,,0.0511,0.114,-0.051,75.02,2540000000,,,,111.47,116.3,3.2967,,,,,,,81058000000,,17.31,,120.47,95.18
2025-12-28,XOM,6.88,326244991000.0,17.31,,0.379,61.79,,,,,,,,,,,,,,,None,63811000000,63811000000,,,,,,None,6585000000,,3.96,0.0332,,,,-0.083,0.06,10110000000,16695000000,1.82,2024-12-31,16.42,,101859000000.0,17247000000,9813000000,1858000000,,,None,297000000,830000000,,None,,,,,7610000000,7955000000,-297000000,None,0.111,,9474000000,7773000000,,,,,None,,,,,2.829,1.93,1.556,,,,,,,,0.0918,,,2025-10-31,quarterly,1.88,USD,pre-market,None,,0.0511,0.114,-0.051,75.02,2617000000,,,,111.47,116.3,3.2967,,,,,,,81058000000,,17.31,,120.47,95.18
2025-12-28,XOM,6.88,326244991000.0,17.31,,0.379,61.79,,,,,,,,,,,,,,,None,67400000000,67400000000,,,,,,None,6258000000,,3.96,0.0332,,,,-0.083,0.06,13233000000,19491000000,1.82,2024-09-30,16.42,,101859000000.0,20392000000,13026000000,4055000000,,,None,207000000,1274000000,,None,,,,,8610000000,8971000000,-207000000,None,0.111,,9350000000,11042000000,,,,,None,,,,,2.829,1.93,1.556,,,,,,,,0.0918,,,2025-10-31,quarterly,1.88,USD,pre-market,None,,0.0511,0.114,-0.051,75.02,2296000000,,,,111.47,116.3,3.2967,,,,,,,87792000000,,17.31,,120.47,95.18
2025-12-28,XOM,6.88,326244991000.0,17.31,,0.379,61.79,,,,,,,,,,,,,,,None,69790000000,69790000000,,,,,,None,5787000000,,3.96,0.0332,,,,-0.083,0.06,13936000000,19723000000,1.82,2024-06-30,16.42,,101859000000.0,20196000000,13665000000,4094000000,,,None,271000000,None,,None,,,,,9240000000,9571000000,-271000000,None,0.111,,9300000000,10896000000,,,,,None,,,,,2.829,1.93,1.556,,,,,,,,0.0918,,,2025-10-31,quarterly,1.88,USD,pre-market,None,,0.0511,0.114,-0.051,75.02,2568000000,,,,111.47,116.3,3.2967,,,,,,,89986000000,,17.31,,120.47,95.18
2025-12-28,XOM,6.88,326244991000.0,17.31,,0.379,61.79,,,,,,,,,,,,,,,None,61504000000,61504000000,,,,,,None,4812000000,,3.96,0.0332,,,,-0.083,0.06,12590000000,17402000000,1.82,2024-03-31,16.42,,101859000000.0,18907000000,12369000000,3803000000,,,None,221000000,None,,None,,,,,8220000000,8566000000,-221000000,None,0.111,,8966000000,9941000000,,,,,None,,,,,2.829,1.93,1.556,,,,,,,,0.0918,,,2025-10-31,quarterly,1.88,USD,pre-market,None,,0.0511,0.114,-0.051,75.02,2495000000,,,,111.47,116.3,3.2967,,,,,,,80411000000,,17.31,,120.47,95.18
2025-12-28,XOM,6.88,326244991000.0,17.31,,0.379,61.79,,,,,,,,,,,,,,,None,63985000000,63985000000,,,,,,None,7740000000,,3.96,0.0332,,,,-0.083,0.06,10897000000,18637000000,1.82,2023-12-31,16.42,,101859000000.0,17703000000,10625000000,2613000000,,,None,272000000,None,,None,,,,,7630000000,8012000000,-272000000,None,0.111,,9245000000,8458000000,,,,,None,,,,,2.829,1.93,1.556,,,,,,,,0.0918,,,2025-10-31,quarterly,1.88,USD,pre-market,879000000,,0.0511,0.114,-0.051,75.02,2591000000,,,,111.47,116.3,3.2967,,,,,,,81688000000,,17.31,,120.47,95.18
2025-12-28,XOM,6.88,326244991000.0,17.31,,0.379,61.79,,,,,,,,,,,,,,,None,66187000000,66187000000,,,,,,None,4415000000,,3.96,0.0332,,,,-0.083,0.06,13868000000,18283000000,1.82,2023-09-30,16.42,,101859000000.0,22383000000,13699000000,4353000000,,,None,169000000,1288000000,,None,,,,,9070000000,9346000000,-169000000,None,0.111,,10539000000,11844000000,,,,,None,,,,,2.829,1.93,1.556,,,,,,,,0.0918,,,2025-10-31,quarterly,1.88,USD,pre-market,None,,0.0511,0.114,-0.051,75.02,2489000000,,,,111.47,116.3,3.2967,,,,,,,88570000000,,17.31,,120.47,95.18
2025-12-28,XOM,6.88,326244991000.0,17.31,,0.379,61.79,,,,,,,,,,,,,,,None,60700000000,60700000000,,,,,,None,4242000000,,3.96,0.0332,,,,-0.083,0.06,11905000000,16147000000,1.82,2023-06-30,16.42,,101859000000.0,20095000000,11656000000,3503000000,,,None,249000000,1133000000,,None,,,,,7880000000,8153000000,-249000000,None,0.111,,10145000000,9950000000,,,,,None,,,,,2.829,1.93,1.556,,,,,,,,0.0918,,,2025-10-31,quarterly,1.88,USD,pre-market,None,,0.0511,0.114,-0.051,75.02,2449000000,,,,111.47,116.3,3.2967,,,,,,,80795000000,,17.31,,120.47,95.18
2025-12-28,XOM,6.88,326244991000.0,17.31,,0.379,61.79,,,,,,,,,,,,,,,None,59683000000,59683000000,,,,,,None,4244000000,,3.96,0.0332,,,,-0.083,0.06,16962000000,21206000000,1.82,2023-03-31,16.42,,101859000000.0,23961000000,16803000000,4960000000,,,None,159000000,2222000000,,None,,,,,11430000000,11843000000,-159000000,None,0.111,,9752000000,14209000000,,,,,None,,,,,2.829,1.93,1.556,,,,,,,,0.0918,,,2025-10-31,quarterly,1.88,USD,pre-market,None,,0.0511,0.114,-0.051,75.02,2390000000,,,,111.47,116.3,3.2967,,,,,,,83644000000,,17.31,,120.47,95.18
2025-12-28,XOM,6.88,326244991000.0,17.31,,0.379,61.79,,,,,,,,,,,,,,,None,66190000000,66190000000,,,,,,None,5064000000,,3.96,0.0332,,,,-0.083,0.06,19049000000,24113000000,1.82,2022-12-31,16.42,,101859000000.0,26974000000,18842000000,5787000000,,,None,207000000,398000000,,None,,,,,12750000000,13055000000,-207000000,None,0.111,,10090000000,16884000000,,,,,None,,,,,2.829,1.93,1.556,,,,,,,,0.0918,,,2025-10-31,quarterly,1.88,USD,pre-market,824000000,,0.0511,0.114,-0.051,75.02,2832000000,,,,111.47,116.3,3.2967,,,,,,,93164000000,,17.31,,120.47,95.18
2025-12-28,XOM,6.88,326244991000.0,17.31,,0.379,61.79,,,,,,,,,,,,,,,None,77156000000,77156000000,,,,,,None,5642000000,,3.96,0.0332,,,,-0.083,0.06,25631000000,31273000000,1.82,2022-09-30,16.42,,101859000000.0,29356000000,25422000000,5224000000,,,None,209000000,4423000000,,None,,,,,19660000000,20198000000,-209000000,None,0.111,,9129000000,20227000000,,,,,None,,,,,2.829,1.93,1.556,,,,,,,,0.0918,,,2025-10-31,quarterly,1.88,USD,pre-market,None,,0.0511,0.114,-0.051,75.02,2324000000,,,,111.47,116.3,3.2967,,,,,,,106512000000,,17.31,,120.47,95.18
2025-12-28,XOM,6.88,326244991000.0,17.31,,0.379,61.79,,,,,,,,,,,,,,,None,80750000000,80750000000,,,,,,None,4451000000,,3.96,0.0332,,,,-0.083,0.06,25127000000,29578000000,1.82,2022-06-30,16.42,,101859000000.0,30515000000,24933000000,6359000000,,,None,194000000,3494000000,,None,,,,,17850000000,18574000000,-194000000,None,0.111,,9684000000,20831000000,,,,,None,,,,,2.829,1.93,1.556,,,,,,,,0.0918,,,2025-10-31,quarterly,1.88,USD,pre-market,None,,0.0511,0.114,-0.051,75.02,2530000000,,,,111.47,116.3,3.2967,,,,,,,111265000000,,17.31,,120.47,95.18
2025-12-28,XOM,6.88,326244991000.0,17.31,,0.379,61.79,,,,,,,,,,,,,,,None,71512000000,71512000000,,,,,,None,8883000000,,3.96,0.0332,,,,-0.083,0.06,8744000000,17627000000,1.82,2022-03-31,16.42,,101859000000.0,16222000000,8556000000,2806000000,,,None,188000000,2350000000,,None,,,,,5480000000,5750000000,-188000000,None,0.111,,10136000000,6086000000,,,,,None,,,,,2.829,1.93,1.556,,,,,,,,0.0918,,,2025-10-31,quarterly,1.88,USD,pre-market,None,,0.0511,0.114,-0.051,75.02,2409000000,,,,111.47,116.3,3.2967,,,,,,,87734000000,,17.31,,120.47,95.18
2025-12-28,XOM,6.88,326244991000.0,17.31,,0.379,61.79,,,,,,,,,,,,,,,None,61933000000,61933000000,,,,,,None,5661000000,,3.96,0.0332,,,,-0.083,0.06,11950000000,17611000000,1.82,2021-12-31,16.42,,101859000000.0,19372000000,11729000000,2650000000,,,None,221000000,1857000000,,None,,,,,8870000000,9079000000,-221000000,None,0.111,,10982000000,8390000000,,,,,None,,,,,2.829,1.93,1.556,,,,,,,,0.0918,,,2025-10-31,quarterly,1.88,USD,pre-market,843000000,,0.0511,0.114,-0.051,75.02,2514000000,,,,111.47,116.3,3.2967,,,,,,,81305000000,,17.31,,120.47,95.18
2025-12-28,XOM,6.88,326244991000.0,17.31,,0.379,61.79,,,,,,,,,,,,,,,None,53454000000,53454000000,,,,,,None,4990000000,,3.96,0.0332,,,,-0.083,0.06,9820000000,14810000000,1.82,2021-09-30,16.42,,101859000000.0,18438000000,9606000000,2664000000,,,None,214000000,1456000000,,None,,,,,6750000000,6942000000,-214000000,None,0.111,,10366000000,8072000000,,,,,None,,,,,2.829,1.93,1.556,,,,,,,,0.0918,,,2025-10-31,quarterly,1.88,USD,pre-market,None,,0.0511,0.114,-0.051,75.02,2287000000,,,,111.47,116.3,3.2967,,,,,,,71892000000,,17.31,,120.47,95.18
2025-12-28,XOM,6.88,326244991000.0,17.31,,0.379,61.79,,,,,,,,,,,,,,,None,50752000000,50752000000,,,,,,None,4952000000,,3.96,0.0332,,,,-0.083,0.06,6561000000,11513000000,1.82,2021-06-30,16.42,,101859000000.0,15191000000,6307000000,1526000000,,,None,254000000,1182000000,,None,,,,,4690000000,4781000000,-254000000,None,0.111,,10267000000,4924000000,,,,,None,,,,,2.829,1.93,1.556,,,,,,,,0.0918,,,2025-10-31,quarterly,1.88,USD,pre-market,None,,0.0511,0.114,-0.051,75.02,2345000000,,,,111.47,116.3,3.2967,,,,,,,65943000000,,17.31,,120.47,95.18
2025-12-28,XOM,6.88,326244991000.0,17.31,,0.379,61.79,,,,,,,,,,,,,,,None,45667000000,45667000000,,,,,,None,5004000000,,3.96,0.0332,,,,-0.083,0.06,3850000000,8854000000,1.82,2021-03-31,16.42,,101859000000.0,11885000000,3592000000,796000000,,,None,258000000,1215000000,,None,,,,,2730000000,2796000000,-258000000,None,0.111,,9252000000,2633000000,,,,,None,,,,,2.829,1.93,1.556,,,,,,,,0.0918,,,2025-10-31,quarterly,1.88,USD,pre-market,None,,0.0511,0.114,-0.051,75.02,2428000000,,,,111.47,116.3,3.2967,,,,,,,57552000000,,17.31,,120.47,95.18
2025-12-28,XOM,6.88,326244991000.0,17.31,,0.379,61.79,,,,,,,,,,,,,,,None,62332000000,62332000000,,,,,,None,30291000000,,3.96,0.0332,,,,-0.083,0.06,-26300000000,3991000000,1.82,2020-12-31,16.42,,101859000000.0,-16594000000,-26613000000,-6010000000,,,None,313000000,24000000,,None,,,,,-20070000000,-20603000000,-313000000,None,0.111,,10115000000,-26709000000,,,,,None,,,,,2.829,1.93,1.556,,,,,,,,0.0918,,,2025-10-31,quarterly,1.88,USD,pre-market,1016000000,,0.0511,0.114,-0.051,75.02,2736000000,,,,111.47,116.3,3.2967,,,,,,,45738000000,,17.31,,120.47,95.18
2025-12-28,XOM,6.88,326244991000.0,17.31,,0.379,61.79,,,,,,,,,,,,,,,None,36036000000,36036000000,,,,,,None,4983000000,,3.96,0.0332,,,,-0.083,0.06,-93000000,4890000000,1.82,2020-09-30,16.42,,101859000000.0,9389000000,-372000000,337000000,,,None,279000000,238000000,,None,,,,,-680000000,-709000000,-279000000,None,0.111,,9984000000,-595000000,,,,,None,,,,,2.829,1.93,1.556,,,,,,,,0.0918,,,2025-10-31,quarterly,1.88,USD,pre-market,None,,0.0511,0.114,-0.051,75.02,2444000000,,,,111.47,116.3,3.2967,,,,,,,45425000000,,17.31,,120.47,95.18
2025-12-28,XOM,6.88,326244991000.0,17.31,,0.379,61.79,,,,,,,,,,,,,,,None,25880000000,25880000000,,,,,,None,4916000000,,3.96,0.0332,,,,-0.083,0.06,-1323000000,3593000000,1.82,2020-06-30,16.42,,101859000000.0,6397000000,-1640000000,-471000000,,,None,317000000,214000000,,None,,,,,-1080000000,-1169000000,-317000000,None,0.111,,7777000000,-1380000000,,,,,None,,,,,2.829,1.93,1.556,,,,,,,,0.0918,,,2025-10-31,quarterly,1.88,USD,pre-market,None,,0.0511,0.114,-0.051,75.02,2409000000,,,,111.47,116.3,3.2967,,,,,,,32277000000,,17.31,,120.47,95.18
2025-12-28,XOM,6.88,326244991000.0,17.31,,0.379,61.79,,,,,,,,,,,,,,,None,46199000000,46199000000,,,,,,None,5819000000,,3.96,0.0332,,,,-0.083,0.06,-9000000,5810000000,1.82,2020-03-31,16.42,,101859000000.0,8935000000,-258000000,512000000,,,None,249000000,526000000,,None,,,,,-610000000,-770000000,-249000000,None,0.111,,9699000000,-764000000,,,,,None,,,,,2.829,1.93,1.556,,,,,,,,0.0918,,,2025-10-31,quarterly,1.88,USD,pre-market,None,,0.0511,0.114,-0.051,75.02,2579000000,,,,111.47,116.3,3.2967,,,,,,,55134000000,,17.31,,120.47,95.18
2025-12-28,XOM,6.88,326244991000.0,17.31,,0.379,61.79,,,,,,,,,,,,,,,None,49177000000,49177000000,,,,,,None,4923000000,,3.96,0.0332,,,,-0.083,0.06,6615000000,11538000000,1.82,2019-12-31,16.42,,101859000000.0,13847000000,6414000000,684000000,,,None,201000000,976000000,,None,,,,,5690000000,5730000000,-201000000,None,0.111,,11174000000,2673000000,,,,,None,,,,,2.829,1.93,1.556,,,,,,,,0.0918,,,2025-10-31,quarterly,1.88,USD,pre-market,1214000000,,0.0511,0.114,-0.051,75.02,3048000000,,,,111.47,116.3,3.2967,,,,,,,63024000000,,17.31,,120.47,95.18
2025-12-28,XOM,6.88,326244991000.0,17.31,,0.379,61.79,,,,,,,,,,,,,,,None,49011000000,49011000000,,,,,,None,4873000000,,3.96,0.0332,,,,-0.083,0.06,4953000000,9826000000,1.82,2019-09-30,16.42,,101859000000.0,14411000000,4721000000,1474000000,,,None,232000000,964000000,,None,,,,,3170000000,3247000000,-232000000,None,0.111,,10728000000,3683000000,,,,,None,,,,,2.829,1.93,1.556,,,,,,,,0.0918,,,2025-10-31,quarterly,1.88,USD,pre-market,None,,0.0511,0.114,-0.051,75.02,2753000000,,,,111.47,116.3,3.2967,,,,,,,63422000000,,17.31,,120.47,95.18
2025-12-28,XOM,6.88,326244991000.0,17.31,,0.379,61.79,,,,,,,,,,,,,,,None,53095000000,53095000000,,,,,,None,4631000000,,3.96,0.0332,,,,-0.083,0.06,4848000000,9479000000,1.82,2019-06-30,16.42,,101859000000.0,14396000000,4632000000,1241000000,,,None,216000000,1143000000,,None,,,,,3130000000,3391000000,-216000000,None,0.111,,10835000000,3561000000,,,,,1359000000,,,,,2.829,1.93,1.556,,,,,,,,0.0918,,,2025-10-31,quarterly,1.88,USD,pre-market,None,,0.0511,0.114,-0.051,75.02,2827000000,,,,111.47,116.3,3.2967,,,,,,,67491000000,,17.31,,120.47,95.18
2025-12-28,XOM,6.88,326244991000.0,17.31,,0.379,61.79,,,,,,,,,,,,,,,None,48342000000,48342000000,,,,,,None,4571000000,,3.96,0.0332,,,,-0.083,0.06,4470000000,9041000000,1.82,2019-03-31,16.42,,101859000000.0,13304000000,4289000000,1883000000,,,None,181000000,1528000000,,None,,,,,2350000000,2406000000,-181000000,None,0.111,,10455000000,2849000000,,,,,1709000000,,,,,2.829,1.93,1.556,,,,,,,,0.0918,,,2025-10-31,quarterly,1.88,USD,pre-market,None,,0.0511,0.114,-0.051,75.02,2770000000,,,,111.47,116.3,3.2967,,,,,,,61646000000,,17.31,,120.47,95.18
2025-12-28,XOM,6.88,326244991000.0,17.31,,0.379,61.79,,,,,,,,,,,,,,,None,51985000000,51985000000,,,,,,None,5028000000,,3.96,0.0332,,,,-0.083,0.06,8336000000,13364000000,1.82,2018-12-31,16.42,,101859000000.0,16268000000,8121000000,1915000000,,,None,215000000,None,,None,,,,,6000000000,6206000000,None,None,0.111,,11241000000,5027000000,,,,,1756000000,,,,,2.829,1.93,1.556,,,,,,,,0.0918,,,2025-10-31,quarterly,1.88,USD,pre-market,1116000000,,0.0511,0.114,-0.051,75.02,2848000000,,,,111.47,116.3,3.2967,,,,,,,68253000000,,17.31,,120.47,95.18
2025-12-28,XOM,6.88,326244991000.0,17.31,,0.379,61.79,,,,,,,,,,,,,,,None,55531000000,55531000000,,,,,,None,4658000000,,3.96,0.0332,,,,-0.083,0.06,9280000000,13938000000,1.82,2018-09-30,16.42,,101859000000.0,18656000000,9080000000,2634000000,,,None,200000000,None,,None,,,,,6240000000,6446000000,None,None,0.111,,11487000000,7169000000,,,,,1960000000,,,,,2.829,1.93,1.556,,,,,,,,0.0918,,,2025-10-31,quarterly,1.88,USD,pre-market,0,,0.0511,0.114,-0.051,75.02,2892000000,,,,111.47,116.3,3.2967,,,,,,,74187000000,,17.31,,120.47,95.18
2025-12-28,XOM,6.88,326244991000.0,17.31,,0.379,61.79,,,,,,,,,,,,,,,None,54834000000,54834000000,,,,,,None,4589000000,,3.96,0.0332,,,,-0.083,0.06,6659000000,11248000000,1.82,2018-06-30,16.42,,101859000000.0,16622000000,6512000000,2526000000,,,None,147000000,None,,None,,,,,3950000000,3986000000,None,None,0.111,,11700000000,4922000000,,,,,1729000000,,,,,2.829,1.93,1.556,,,,,,,,0.0918,,,2025-10-31,quarterly,1.88,USD,pre-market,0,,0.0511,0.114,-0.051,75.02,2993000000,,,,111.47,116.3,3.2967,,,,,,,71456000000,,17.31,,120.47,95.18
2025-12-28,XOM,6.88,326244991000.0,17.31,,0.379,61.79,,,,,,,,,,,,,,,None,49249000000,49249000000,,,,,,None,4470000000,,3.96,0.0332,,,,-0.083,0.06,7444000000,11914000000,1.82,2018-03-31,16.42,,101859000000.0,16187000000,7240000000,2457000000,,,None,204000000,None,,None,,,,,4650000000,4783000000,None,None,0.111,,11181000000,5006000000,,,,,1910000000,,,,,2.829,1.93,1.556,,,,,,,,0.0918,,,2025-10-31,quarterly,1.88,USD,pre-market,0,,0.0511,0.114,-0.051,75.02,2747000000,,,,111.47,116.3,3.2967,,,,,,,65436000000,,17.31,,120.47,95.18
2025-12-28,XOM,6.88,326244991000.0,17.31,,0.379,61.79,,,,,,,,,,,,,,,None,34821000000,34821000000,,,,,,None,5842000000,,3.96,0.0332,,,,-0.083,0.06,3203000000,9045000000,1.82,2017-12-31,16.42,,101859000000.0,16011000000,3017000000,-5392000000,,,None,186000000,None,,None,,,,,8380000000,8409000000,None,None,0.111,,14011000000,2000000000,,,,,673000000,,,,,2.829,1.93,1.556,,,,,,,,0.0918,,,2025-10-31,quarterly,1.88,USD,pre-market,1063000000,,0.0511,0.114,-0.051,75.02,3004000000,,,,111.47,116.3,3.2967,,,,,,,50832000000,,17.31,,120.47,95.18
2025-12-28,XOM,6.88,326244991000.0,17.31,,0.379,61.79,,,,,,,,,,,,,,,None,44264000000,44264000000,,,,,,None,4880000000,,3.96,0.0332,,,,-0.083,0.06,5694000000,10574000000,1.82,2017-09-30,16.42,,101859000000.0,15086000000,5583000000,1498000000,,,None,111000000,None,,None,,,,,3970000000,4085000000,None,None,0.111,,10667000000,4419000000,,,,,1472000000,,,,,2.829,1.93,1.556,,,,,,,,0.0918,,,2025-10-31,quarterly,1.88,USD,pre-market,0,,0.0511,0.114,-0.051,75.02,2632000000,,,,111.47,116.3,3.2967,,,,,,,59350000000,,17.31,,120.47,95.18
2025-12-28,XOM,6.88,326244991000.0,17.31,,0.379,61.79,,,,,,,,,,,,,,,None,42906000000,42906000000,,,,,,None,4652000000,,3.96,0.0332,,,,-0.083,0.06,4314000000,8966000000,1.82,2017-06-30,16.42,,101859000000.0,13120000000,4156000000,892000000,,,None,158000000,None,,None,,,,,3350000000,3264000000,None,None,0.111,,10438000000,2682000000,,,,,1525000000,,,,,2.829,1.93,1.556,,,,,,,,0.0918,,,2025-10-31,quarterly,1.88,USD,pre-market,0,,0.0511,0.114,-0.051,75.02,2556000000,,,,111.47,116.3,3.2967,,,,,,,56026000000,,17.31,,120.47,95.18
2025-12-28,XOM,6.88,326244991000.0,17.31,,0.379,61.79,,,,,,,,,,,,,,,None,42444000000,42444000000,,,,,,None,4519000000,,3.96,0.0332,,,,-0.083,0.06,6064000000,10583000000,1.82,2017-03-31,16.42,,101859000000.0,14030000000,5918000000,1828000000,,,None,146000000,None,,None,,,,,4010000000,4090000000,None,None,0.111,,9790000000,4240000000,,,,,1710000000,,,,,2.829,1.93,1.556,,,,,,,,0.0918,,,2025-10-31,quarterly,1.88,USD,pre-market,0,,0.0511,0.114,-0.051,75.02,2505000000,,,,111.47,116.3,3.2967,,,,,,,56474000000,,17.31,,120.47,95.18
2025-12-28,XOM,6.88,326244991000.0,17.31,,0.379,61.79,,,,,,,,,,,,,,,None,50400000000,50400000000,,,,,,None,8117000000,,3.96,0.0332,,,,-0.083,0.06,812000000,8929000000,1.82,2016-12-31,16.42,,101859000000.0,7976000000,617000000,-1407000000,,,None,195000000,None,,None,,,,,1680000000,2024000000,None,None,0.111,,9804000000,-1828000000,,,,,1328000000,,,,,2.829,1.93,1.556,,,,,,,,0.0918,,,2025-10-31,quarterly,1.88,USD,pre-market,1058000000,,0.0511,0.114,-0.051,75.02,2824000000,,,,111.47,116.3,3.2967,,,,,,,58376000000,,17.31,,120.47,95.18
2025-12-28,XOM,6.88,326244991000.0,17.31,,0.379,61.79,,,,,,,,,,,,,,,None,45786000000,45786000000,,,,,,None,4605000000,,3.96,0.0332,,,,-0.083,0.06,3332000000,7937000000,1.82,2016-09-30,16.42,,101859000000.0,10981000000,3226000000,337000000,,,None,106000000,None,,None,,,,,2650000000,2889000000,None,None,0.111,,9559000000,1422000000,,,,,1103000000,,,,,2.829,1.93,1.556,,,,,,,,0.0918,,,2025-10-31,quarterly,1.88,USD,pre-market,0,,0.0511,0.114,-0.051,75.02,2736000000,,,,111.47,116.3,3.2967,,,,,,,56767000000,,17.31,,120.47,95.18
2025-12-28,XOM,6.88,326244991000.0,17.31,,0.379,61.79,,,,,,,,,,,,,,,None,45462000000,45462000000,,,,,,None,4821000000,,3.96,0.0332,,,,-0.083,0.06,2471000000,7292000000,1.82,2016-06-30,16.42,,101859000000.0,10898000000,2396000000,715000000,,,None,75000000,None,,None,,,,,1700000000,1681000000,None,None,0.111,,9761000000,1137000000,,,,,1124000000,,,,,2.829,1.93,1.556,,,,,,,,0.0918,,,2025-10-31,quarterly,1.88,USD,pre-market,0,,0.0511,0.114,-0.051,75.02,2646000000,,,,111.47,116.3,3.2967,,,,,,,56360000000,,17.31,,120.47,95.18
2025-12-28,XOM,6.88,326244991000.0,17.31,,0.379,61.79,,,,,,,,,,,,,,,None,37848000000,37848000000,,,,,,None,4765000000,,3.96,0.0332,,,,-0.083,0.06,1807000000,6572000000,1.82,2016-03-31,16.42,,101859000000.0,9257000000,1730000000,-51000000,,,None,77000000,None,,None,,,,,1810000000,1781000000,None,None,0.111,,9052000000,205000000,,,,,1251000000,,,,,2.829,1.93,1.556,,,,,,,,0.0918,,,2025-10-31,quarterly,1.88,USD,pre-market,0,,0.0511,0.114,-0.051,75.02,2593000000,,,,111.47,116.3,3.2967,,,,,,,47105000000,,17.31,,120.47,95.18
2025-12-28,XOM,6.88,326244991000.0,17.31,,0.379,61.79,,,,,,,,,,,,,,,None,46850000000,46850000000,,,,,,None,4755000000,,3.96,0.0332,,,,-0.083,0.06,2688000000,7443000000,1.82,2015-12-31,16.42,,101859000000.0,10841000000,2628000000,-202000000,,,None,60000000,None,,None,,,,,2780000000,2830000000,None,None,0.111,,10269000000,572000000,,,,,1519000000,,,,,2.829,1.93,1.556,,,,,,,,0.0918,,,2025-10-31,quarterly,1.88,USD,pre-market,1008000000,,0.0511,0.114,-0.051,75.02,2990000000,,,,111.47,116.3,3.2967,,,,,,,57691000000,,17.31,,120.47,95.18
2025-12-28,XOM,6.88,326244991000.0,17.31,,0.379,61.79,,,,,,,,,,,,,,,None,51245000000,51245000000,,,,,,None,4542000000,,3.96,0.0332,,,,-0.083,0.06,5827000000,10369000000,1.82,2015-09-30,16.42,,101859000000.0,14434000000,5749000000,1365000000,,,None,78000000,None,,None,,,,,4240000000,4384000000,None,None,0.111,,10272000000,4162000000,,,,,1783000000,,,,,2.829,1.93,1.556,,,,,,,,0.0918,,,2025-10-31,quarterly,1.88,USD,pre-market,0,,0.0511,0.114,-0.051,75.02,2967000000,,,,111.47,116.3,3.2967,,,,,,,65679000000,,17.31,,120.47,95.18
2025-12-28,XOM,6.88,326244991000.0,17.31,,0.379,61.79,,,,,,,,,,,,,,,None,56963000000,56963000000,,,,,,None,4451000000,,3.96,0.0332,,,,-0.083,0.06,7039000000,11490000000,1.82,2015-06-30,16.42,,101859000000.0,14397000000,6954000000,2692000000,,,None,85000000,None,,None,,,,,4190000000,4262000000,None,None,0.111,,10111000000,4286000000,,,,,2081000000,,,,,2.829,1.93,1.556,,,,,,,,0.0918,,,2025-10-31,quarterly,1.88,USD,pre-market,0,,0.0511,0.114,-0.051,75.02,2831000000,,,,111.47,116.3,3.2967,,,,,,,71360000000,,17.31,,120.47,95.18
2025-12-28,XOM,6.88,326244991000.0,17.31,,0.379,61.79,,,,,,,,,,,,,,,None,51258000000,51258000000,,,,,,None,4300000000,,3.96,0.0332,,,,-0.083,0.06,6723000000,11023000000,1.82,2015-03-31,16.42,,101859000000.0,13500000000,6635000000,1560000000,,,None,88000000,None,,None,,,,,4940000000,5075000000,None,None,0.111,,9637000000,3863000000,,,,,2261000000,,,,,2.829,1.93,1.556,,,,,,,,0.0918,,,2025-10-31,quarterly,1.88,USD,pre-market,0,,0.0511,0.114,-0.051,75.02,2713000000,,,,111.47,116.3,3.2967,,,,,,,64758000000,,17.31,,120.47,95.18
2025-12-28,XOM,6.88,326244991000.0,17.31,,0.379,61.79,,,,,,,,,,,,,,,None,65917000000,65917000000,,,,,,None,4458000000,,3.96,0.0332,,,,-0.083,0.06,8910000000,13368000000,1.82,2014-12-31,16.42,,101859000000.0,16704000000,8842000000,2060000000,,,None,68000000,None,,None,,,,,6570000000,6782000000,None,None,0.111,,11202000000,5502000000,,,,,2692000000,,,,,2.829,1.93,1.556,,,,,,,,0.0918,,,2025-10-31,quarterly,1.88,USD,pre-market,971000000,,0.0511,0.114,-0.051,75.02,3128000000,,,,111.47,116.3,3.2967,,,,,,,82621000000,,17.31,,120.47,95.18
2025-12-28,XOM,6.88,326244991000.0,17.31,,0.379,61.79,,,,,,,,,,,,,,,None,81900000000,81900000000,,,,,,None,4362000000,,3.96,0.0332,,,,-0.083,0.06,13498000000,17860000000,1.82,2014-09-30,16.42,,101859000000.0,21306000000,13410000000,5064000000,,,None,88000000,None,,None,,,,,8070000000,8346000000,None,None,0.111,,11732000000,9574000000,,,,,3211000000,,,,,2.829,1.93,1.556,,,,,,,,0.0918,,,2025-10-31,quarterly,1.88,USD,pre-market,0,,0.0511,0.114,-0.051,75.02,3169000000,,,,111.47,116.3,3.2967,,,,,,,103206000000,,17.31,,120.47,95.18
2025-12-28,XOM,6.88,326244991000.0,17.31,,0.379,61.79,,,,,,,,,,,,,,,None,84844000000,84844000000,,,,,,None,4285000000,,3.96,0.0332,,,,-0.083,0.06,14215000000,18500000000,1.82,2014-06-30,16.42,,101859000000.0,20875000000,14151000000,5034000000,,,None,64000000,None,,None,,,,,8780000000,9117000000,None,None,0.111,,12149000000,8726000000,,,,,3312000000,,,,,2.829,1.93,1.556,,,,,,,,0.0918,,,2025-10-31,quarterly,1.88,USD,pre-market,0,,0.0511,0.114,-0.051,75.02,3169000000,,,,111.47,116.3,3.2967,,,,,,,105719000000,,17.31,,120.47,95.18
2025-12-28,XOM,6.88,326244991000.0,17.31,,0.379,61.79,,,,,,,,,,,,,,,None,79562000000,79562000000,,,,,,None,4192000000,,3.96,0.0332,,,,-0.083,0.06,15293000000,19485000000,1.82,2014-03-31,16.42,,101859000000.0,21750000000,15227000000,5857000000,,,None,66000000,None,,None,,,,,9100000000,9370000000,None,None,0.111,,11470000000,10280000000,,,,,4108000000,,,,,2.829,1.93,1.556,,,,,,,,0.0918,,,2025-10-31,quarterly,1.88,USD,pre-market,0,,0.0511,0.114,-0.051,75.02,3132000000,,,,111.47,116.3,3.2967,,,,,,,101312000000,,17.31,,120.47,95.18
2025-12-28,XOM,6.88,326244991000.0,17.31,,0.379,61.79,,,,,,,,,,,,,,,None,83780000000,83780000000,,,,,,None,4380000000,,3.96,0.0332,,,,-0.083,0.06,14564000000,18944000000,1.82,2013-12-31,16.42,,101859000000.0,22238000000,14716000000,6073000000,,,None,152000000,None,,None,,,,,8350000000,8643000000,None,None,0.111,,12516000000,9722000000,,,,,2967000000,,,,,2.829,1.93,1.556,,,,,,,,0.0918,,,2025-10-31,quarterly,1.88,USD,pre-market,1044000000,,0.0511,0.114,-0.051,75.02,3341000000,,,,111.47,116.3,3.2967,,,,,,,106018000000,,17.31,,120.47,95.18
2025-12-28,XOM,6.88,326244991000.0,17.31,,0.379,61.79,,,,,,,,,,,,,,,None,85972000000,85972000000,,,,,,None,4287000000,,3.96,0.0332,,,,-0.083,0.06,14241000000,18528000000,1.82,2013-09-30,16.42,,101859000000.0,22418000000,14189000000,6120000000,,,None,52000000,None,,None,,,,,7870000000,8069000000,None,None,0.111,,12159000000,10259000000,,,,,3444000000,,,,,2.829,1.93,1.556,,,,,,,,0.0918,,,2025-10-31,quarterly,1.88,USD,pre-market,0,,0.0511,0.114,-0.051,75.02,3150000000,,,,111.47,116.3,3.2967,,,,,,,108390000000,,17.31,,120.47,95.18
2025-12-28,XOM,6.88,326244991000.0,17.31,,0.379,61.79,,,,,,,,,,,,,,,None,81913000000,81913000000,,,,,,None,4405000000,,3.96,0.0332,,,,-0.083,0.06,12853000000,17258000000,1.82,2013-06-30,16.42,,101859000000.0,21137000000,12768000000,5793000000,,,None,85000000,None,,None,,,,,6860000000,6975000000,None,None,0.111,,11900000000,9237000000,,,,,3098000000,,,,,2.829,1.93,1.556,,,,,,,,0.0918,,,2025-10-31,quarterly,1.88,USD,pre-market,0,,0.0511,0.114,-0.051,75.02,3268000000,,,,111.47,116.3,3.2967,,,,,,,103050000000,,17.31,,120.47,95.18
2025-12-28,XOM,6.88,326244991000.0,17.31,,0.379,61.79,,,,,,,,,,,,,,,None,80787000000,80787000000,,,,,,None,4110000000,,3.96,0.0332,,,,-0.083,0.06,16062000000,20172000000,1.82,2013-03-31,16.42,,101859000000.0,22591000000,16038000000,6277000000,,,None,24000000,None,,None,,,,,9500000000,9761000000,None,None,0.111,,11508000000,11083000000,,,,,4418000000,,,,,2.829,1.93,1.556,,,,,,,,0.0918,,,2025-10-31,quarterly,1.88,USD,pre-market,0,,0.0511,0.114,-0.051,75.02,3118000000,,,,111.47,116.3,3.2967,,,,,,,103378000000,,17.31,,120.47,95.18
2025-12-28,XOM,6.88,326244991000.0,17.31,,0.379,61.79,,,,,,,,,,,,,,,None,97196000000,97196000000,,,,,,None,4110000000,,3.96,0.0332,,,,-0.083,0.06,17811000000,21921000000,1.82,2012-12-31,16.42,,101859000000.0,52000000,17700000000,7398000000,,,None,111000000,None,,None,,,,,9950000000,10302000000,None,None,0.111,,166000000,-114000000,,,,,3763000000,,,,,2.829,1.93,1.556,,,,,,,,0.0918,,,2025-10-31,quarterly,1.88,USD,pre-market,1042000000,,0.0511,0.114,-0.051,75.02,3322000000,,,,111.47,116.3,3.2967,,,,,,,97248000000,,17.31,,120.47,95.18
2025-12-28,XOM,6.88,326244991000.0,17.31,,0.379,61.79,,,,,,,,,,,,,,,None,85917000000,85917000000,,,,,,None,4037000000,,3.96,0.0332,,,,-0.083,0.06,17379000000,21416000000,1.82,2012-09-30,16.42,,101859000000.0,25072000000,17320000000,7394000000,,,None,59000000,None,,None,,,,,9570000000,9926000000,None,None,0.111,,11845000000,13227000000,,,,,3386000000,,,,,2.829,1.93,1.556,,,,,,,,0.0918,,,2025-10-31,quarterly,1.88,USD,pre-market,894000000,,0.0511,0.114,-0.051,75.02,3468000000,,,,111.47,116.3,3.2967,,,,,,,110989000000,,17.31,,120.47,95.18
2025-12-28,XOM,6.88,326244991000.0,17.31,,0.379,61.79,,,,,,,,,,,,,,,None,88057000000,88057000000,,,,,,None,3899000000,,3.96,0.0332,,,,-0.083,0.06,26241000000,30140000000,1.82,2012-06-30,16.42,,101859000000.0,24688000000,26191000000,8537000000,,,None,50000000,None,,None,,,,,15910000000,17654000000,None,None,0.111,,13065000000,11623000000,,,,,3651000000,,,,,2.829,1.93,1.556,,,,,,,,0.0918,,,2025-10-31,quarterly,1.88,USD,pre-market,0,,0.0511,0.114,-0.051,75.02,3486000000,,,,111.47,116.3,3.2967,,,,,,,112745000000,,17.31,,120.47,95.18
2025-12-28,XOM,6.88,326244991000.0,17.31,,0.379,61.79,,,,,,,,,,,,,,,None,92010000000,92010000000,,,,,,None,3842000000,,3.96,0.0332,,,,-0.083,0.06,17622000000,21464000000,1.82,2012-03-31,16.42,,101859000000.0,27179000000,17515000000,7716000000,,,None,107000000,None,,None,,,,,9450000000,9799000000,None,None,0.111,,14421000000,12758000000,,,,,4210000000,,,,,2.829,1.93,1.556,,,,,,,,0.0918,,,2025-10-31,quarterly,1.88,USD,pre-market,0,,0.0511,0.114,-0.051,75.02,3601000000,,,,111.47,116.3,3.2967,,,,,,,119189000000,,17.31,,120.47,95.18
2025-12-28,XOM,6.88,326244991000.0,17.31,,0.379,61.79,,,,,,,,,,,,,,,None,86018000000,86018000000,,,,,,None,4075000000,,3.96,0.0332,,,,-0.083,0.06,17116000000,21191000000,1.82,2011-12-31,16.42,,101859000000.0,31764000000,17041000000,7317000000,,,None,75000000,None,,None,,,,,9400000000,9724000000,None,None,0.111,,18475000000,13289000000,,,,,3827000000,,,,,2.829,1.93,1.556,,,,,,,,0.0918,,,2025-10-31,quarterly,1.88,USD,pre-market,1044000000,,0.0511,0.114,-0.051,75.02,3911000000,,,,111.47,116.3,3.2967,,,,,,,117782000000,,17.31,,120.47,95.18
2025-12-28,XOM,6.88,326244991000.0,17.31,,0.379,61.79,,,,,,,,,,,,,,,None,87972000000,87972000000,,,,,,None,3866000000,,3.96,0.0332,,,,-0.083,0.06,18778000000,22644000000,1.82,2011-09-30,16.42,,101859000000.0,33443000000,18680000000,8009000000,,,None,98000000,None,,None,,,,,10330000000,10671000000,None,None,0.111,,18580000000,14863000000,,,,,3915000000,,,,,2.829,1.93,1.556,,,,,,,,0.0918,,,2025-10-31,quarterly,1.88,USD,pre-market,0,,0.0511,0.114,-0.051,75.02,3764000000,,,,111.47,116.3,3.2967,,,,,,,121415000000,,17.31,,120.47,95.18
2025-12-28,XOM,6.88,326244991000.0,17.31,,0.379,61.79,,,,,,,,,,,,,,,None,79769000000,79769000000,,,,,,None,3881000000,,3.96,0.0332,,,,-0.083,0.06,18664000000,22545000000,1.82,2011-06-30,16.42,,101859000000.0,41997000000,18619000000,7721000000,,,None,45000000,None,,None,,,,,10680000000,10898000000,None,None,0.111,,18440000000,23557000000,,,,,3720000000,,,,,2.829,1.93,1.556,,,,,,,,0.0918,,,2025-10-31,quarterly,1.88,USD,pre-market,0,,0.0511,0.114,-0.051,75.02,3681000000,,,,111.47,116.3,3.2967,,,,,,,121766000000,,17.31,,120.47,95.18
2025-12-28,XOM,6.88,326244991000.0,17.31,,0.379,61.79,,,,,,,,,,,,,,,None,77933000000,77933000000,,,,,,None,3761000000,,3.96,0.0332,,,,-0.083,0.06,18946000000,22707000000,1.82,2011-03-31,16.42,,101859000000.0,32244000000,18917000000,8004000000,,,None,29000000,None,,None,,,,,10650000000,10913000000,None,None,0.111,,17125000000,15119000000,,,,,3827000000,,,,,2.829,1.93,1.556,,,,,,,,0.0918,,,2025-10-31,quarterly,1.88,USD,pre-market,0,,0.0511,0.114,-0.051,75.02,3627000000,,,,111.47,116.3,3.2967,,,,,,,110177000000,,17.31,,120.47,95.18
2025-12-28,XOM,6.88,326244991000.0,17.31,,0.379,61.79,,,,,,,,,,,,,,,None,92376000000,92376000000,,,,,,None,4270000000,,3.96,0.0332,,,,-0.083,0.06,15437000000,19707000000,1.82,2010-12-31,16.42,,101859000000.0,9357000000,15327000000,5811000000,,,None,110000000,None,,None,,,,,9250000000,9516000000,None,None,0.111,,-2627000000,11984000000,,,,,3453000000,,,,,2.829,1.93,1.556,,,,,,,,0.0918,,,2025-10-31,quarterly,1.88,USD,pre-market,1012000000,,0.0511,0.114,-0.051,75.02,3855000000,,,,111.47,116.3,3.2967,,,,,,,101733000000,,17.31,,120.47,95.18
2025-12-28,XOM,6.88,326244991000.0,17.31,,0.379,61.79,,,,,,,,,,,,,,,None,65029000000,65029000000,,,,,,None,3844000000,,3.96,0.0332,,,,-0.083,0.06,12912000000,16756000000,1.82,2010-09-30,16.42,,101859000000.0,27826000000,12858000000,5297000000,,,None,54000000,None,,None,,,,,7350000000,7561000000,None,None,0.111,,17357000000,10469000000,,,,,2443000000,,,,,2.829,1.93,1.556,,,,,,,,0.0918,,,2025-10-31,quarterly,1.88,USD,pre-market,0,,0.0511,0.114,-0.051,75.02,3707000000,,,,111.47,116.3,3.2967,,,,,,,92855000000,,17.31,,120.47,95.18
2025-12-28,XOM,6.88,326244991000.0,17.31,,0.379,61.79,,,,,,,,,,,,,,,None,63791000000,63791000000,,,,,,None,3366000000,,3.96,0.0332,,,,-0.083,0.06,12746000000,16112000000,1.82,2010-06-30,16.42,,101859000000.0,26451000000,12706000000,4960000000,,,None,40000000,None,,None,,,,,7560000000,7746000000,None,None,0.111,,15949000000,10502000000,,,,,2244000000,,,,,2.829,1.93,1.556,,,,,,,,0.0918,,,2025-10-31,quarterly,1.88,USD,pre-market,0,,0.0511,0.114,-0.051,75.02,3607000000,,,,111.47,116.3,3.2967,,,,,,,90242000000,,17.31,,120.47,95.18
2025-12-28,XOM,6.88,326244991000.0,17.31,,0.379,61.79,,,,,,,,,,,,,,,None,62035000000,62035000000,,,,,,None,3280000000,,3.96,0.0332,,,,-0.083,0.06,12123000000,15403000000,1.82,2010-03-31,16.42,,101859000000.0,25679000000,12068000000,5493000000,,,None,55000000,None,,None,,,,,6300000000,6575000000,None,None,0.111,,16093000000,9586000000,,,,,2537000000,,,,,2.829,1.93,1.556,,,,,,,,0.0918,,,2025-10-31,quarterly,1.88,USD,pre-market,0,,0.0511,0.114,-0.051,75.02,3514000000,,,,111.47,116.3,3.2967,,,,,,,87714000000,,17.31,,120.47,95.18
2025-12-28,XOM,6.88,326244991000.0,17.31,,0.379,61.79,,,,,,,,,,,,,,,None,55342000000,55342000000,,,,,,None,3193000000,,3.96,0.0332,,,,-0.083,0.06,10242000000,13435000000,1.82,2009-12-31,16.42,,101859000000.0,32084000000,10206000000,4067000000,,,None,36000000,None,,None,,,,,6050000000,0,None,None,0.111,,24257000000,7827000000,,,,,None,,,,,2.829,1.93,1.556,,,,,,,,0.0918,,,2025-10-31,quarterly,1.88,USD,pre-market,1050000000,,0.0511,0.114,-0.051,75.02,3881000000,,,,111.47,116.3,3.2967,,,,,,,87426000000,,17.31,,120.47,95.18
2025-12-28,XOM,6.88,326244991000.0,17.31,,0.379,61.79,,,,,,,,,,,,,,,None,49786000000,49786000000,,,,,,None,2927000000,,3.96,0.0332,,,,-0.083,0.06,9266000000,12193000000,1.82,2009-09-30,16.42,,101859000000.0,30799000000,9204000000,4333000000,,,None,62000000,None,,None,,,,,4730000000,4871000000,None,None,0.111,,23208000000,7591000000,,,,,1675000000,,,,,2.829,1.93,1.556,,,,,,,,0.0918,,,2025-10-31,quarterly,1.88,USD,pre-market,0,,0.0511,0.114,-0.051,75.02,3887000000,,,,111.47,116.3,3.2967,,,,,,,80585000000,,17.31,,120.47,95.18
2025-12-28,XOM,6.88,326244991000.0,17.31,,0.379,61.79,,,,,,,,,,,,,,,None,51638000000,51638000000,,,,,,None,3004000000,,3.96,0.0332,,,,-0.083,0.06,7860000000,10864000000,1.82,2009-06-30,16.42,,101859000000.0,22819000000,7517000000,3571000000,,,None,343000000,None,,None,,,,,3950000000,3946000000,None,None,0.111,,14959000000,7860000000,,,,,1583000000,,,,,2.829,1.93,1.556,,,,,,,,0.0918,,,2025-10-31,quarterly,1.88,USD,pre-market,0,,0.0511,0.114,-0.051,75.02,3519000000,,,,111.47,116.3,3.2967,,,,,,,74457000000,,17.31,,120.47,95.18
2025-12-28,XOM,6.88,326244991000.0,17.31,,0.379,61.79,,,,,,,,,,,,,,,None,41679000000,41679000000,,,,,,None,2793000000,,3.96,0.0332,,,,-0.083,0.06,7957000000,10750000000,1.82,2009-03-31,16.42,,101859000000.0,22349000000,7850000000,3148000000,,,None,107000000,None,,None,,,,,4550000000,0,None,None,0.111,,14392000000,7957000000,,,,,None,,,,,2.829,1.93,1.556,,,,,,,,0.0918,,,2025-10-31,quarterly,1.88,USD,pre-market,0,,0.0511,0.114,-0.051,75.02,3448000000,,,,111.47,116.3,3.2967,,,,,,,64028000000,,17.31,,120.47,95.18
2025-12-28,XOM,6.88,326244991000.0,17.31,,0.379,61.79,,,,,,,,,,,,,,,None,47926000000,47926000000,,,,,,None,3177000000,,3.96,0.0332,,,,-0.083,0.06,21128000000,24305000000,1.82,2008-12-31,16.42,,101859000000.0,36770000000,13195000000,5375000000,,,None,6197000000,None,,None,,,,,7820000000,0,None,None,0.111,,15642000000,21128000000,,,,,None,,,,,2.829,1.93,1.556,,,,,,,,0.0918,,,2025-10-31,quarterly,1.88,USD,pre-market,847000000,,0.0511,0.114,-0.051,75.02,3859000000,,,,111.47,116.3,3.2967,,,,,,,84696000000,,17.31,,120.47,95.18
2025-12-28,XOM,6.88,326244991000.0,17.31,,0.379,61.79,,,,,,,,,,,,,,,None,83176000000,83176000000,,,,,,None,3008000000,,3.96,0.0332,,,,-0.083,0.06,27011000000,30019000000,1.82,2008-09-30,16.42,,101859000000.0,51737000000,26693000000,11327000000,,,None,318000000,None,,None,,,,,14830000000,0,None,None,0.111,,27550000000,24187000000,,,,,None,,,,,2.829,1.93,1.556,,,,,,,,0.0918,,,2025-10-31,quarterly,1.88,USD,pre-market,0,,0.0511,0.114,-0.051,75.02,3823000000,,,,111.47,116.3,3.2967,,,,,,,134913000000,,17.31,,120.47,95.18
2025-12-28,XOM,6.88,326244991000.0,17.31,,0.379,61.79,,,,,,,,,,,,,,,None,96637000000,96637000000,,,,,,None,3090000000,,3.96,0.0332,,,,-0.083,0.06,22538000000,25628000000,1.82,2008-06-30,16.42,,101859000000.0,41435000000,22431000000,10526000000,,,None,107000000,None,,None,,,,,11680000000,0,None,None,0.111,,18897000000,22538000000,,,,,None,,,,,2.829,1.93,1.556,,,,,,,,0.0918,,,2025-10-31,quarterly,1.88,USD,pre-market,0,,0.0511,0.114,-0.051,75.02,4389000000,,,,111.47,116.3,3.2967,,,,,,,138072000000,,17.31,,120.47,95.18
2025-12-28,XOM,6.88,326244991000.0,17.31,,0.379,61.79,,,,,,,,,,,,,,,None,78638000000,78638000000,,,,,,None,3104000000,,3.96,0.0332,,,,-0.083,0.06,20604000000,23708000000,1.82,2008-03-31,16.42,,101859000000.0,38216000000,20474000000,9302000000,,,None,130000000,None,,None,,,,,10890000000,0,None,None,0.111,,17612000000,20604000000,,,,,None,,,,,2.829,1.93,1.556,,,,,,,,0.0918,,,2025-10-31,quarterly,1.88,USD,pre-market,0,,0.0511,0.114,-0.051,75.02,3802000000,,,,111.47,116.3,3.2967,,,,,,,116854000000,,17.31,,120.47,95.18
2025-12-28,XOM,6.88,326244991000.0,17.31,,0.379,61.79,,,,,,,,,,,,,,,None,69391000000,69391000000,,,,,,None,3155000000,,3.96,0.0332,,,,-0.083,0.06,28797000000,31952000000,1.82,2007-12-31,16.42,,101859000000.0,47251000000,19722000000,8062000000,,,None,7211000000,None,,None,,,,,11660000000,0,None,None,0.111,,18454000000,28797000000,,,,,None,,,,,2.829,1.93,1.556,,,,,,,,0.0918,,,2025-10-31,quarterly,1.88,USD,pre-market,814000000,,0.0511,0.114,-0.051,75.02,4054000000,,,,111.47,116.3,3.2967,,,,,,,116642000000,,17.31,,120.47,95.18
2025-12-28,XOM,6.88,326244991000.0,17.31,,0.379,61.79,,,,,,,,,,,,,,,None,60206000000,60206000000,,,,,,None,3159000000,,3.96,0.0332,,,,-0.083,0.06,25087000000,28246000000,1.82,2007-09-30,16.42,,101859000000.0,42131000000,16760000000,7350000000,,,None,7278000000,None,,None,,,,,9410000000,0,None,None,0.111,,17044000000,25087000000,,,,,None,,,,,2.829,1.93,1.556,,,,,,,,0.0918,,,2025-10-31,quarterly,1.88,USD,pre-market,0,,0.0511,0.114,-0.051,75.02,3656000000,,,,111.47,116.3,3.2967,,,,,,,102337000000,,17.31,,120.47,95.18
2025-12-28,XOM,6.88,326244991000.0,17.31,,0.379,61.79,,,,,,,,,,,,,,,None,55658000000,55658000000,,,,,,None,2994000000,,3.96,0.0332,,,,-0.083,0.06,18212000000,21206000000,1.82,2007-06-30,16.42,,101859000000.0,42692000000,17928000000,7668000000,,,None,6818000000,None,,None,,,,,10260000000,0,None,None,0.111,,24480000000,18212000000,,,,,None,,,,,2.829,1.93,1.556,,,,,,,,0.0918,,,2025-10-31,quarterly,1.88,USD,pre-market,0,,0.0511,0.114,-0.051,75.02,3788000000,,,,111.47,116.3,3.2967,,,,,,,98350000000,,17.31,,120.47,95.18
2025-12-28,XOM,6.88,326244991000.0,17.31,,0.379,61.79,,,,,,,,,,,,,,,None,47597000000,47597000000,,,,,,None,2942000000,,3.96,0.0332,,,,-0.083,0.06,23701000000,26643000000,1.82,2007-03-31,16.42,,101859000000.0,39626000000,16064000000,6784000000,,,None,6503000000,None,,None,,,,,9280000000,0,None,None,0.111,,15925000000,23701000000,,,,,None,,,,,2.829,1.93,1.556,,,,,,,,0.0918,,,2025-10-31,quarterly,1.88,USD,pre-market,0,,0.0511,0.114,-0.051,75.02,3392000000,,,,111.47,116.3,3.2967,,,,,,,87223000000,,17.31,,120.47,95.18
2025-12-28,XOM,6.88,326244991000.0,17.31,,0.379,61.79,,,,,,,,,,,,,,,None,50183000000,50183000000,,,,,,None,3282000000,,3.96,0.0332,,,,-0.083,0.06,-7653000000,-4371000000,1.82,2006-12-31,16.42,,101859000000.0,39845000000,15561000000,5311000000,,,None,24664000000,None,,None,,,,,10250000000,0,None,None,0.111,,47498000000,-7653000000,,,,,None,,,,,2.829,1.93,1.556,,,,,,,,0.0918,,,2025-10-31,quarterly,1.88,USD,pre-market,733000000,,0.0511,0.114,-0.051,75.02,3838000000,,,,111.47,116.3,3.2967,,,,,,,90028000000,,17.31,,120.47,95.18
2025-12-28,XOM,6.88,326244991000.0,17.31,,0.379,61.79,,,,,,,,,,,,,,,None,56773000000,56773000000,,,,,,None,2730000000,,3.96,0.0332,,,,-0.083,0.06,26515000000,29245000000,1.82,2006-09-30,16.42,,101859000000.0,42820000000,18178000000,7688000000,,,None,6790000000,None,,None,,,,,10490000000,0,None,None,0.111,,16305000000,26515000000,,,,,None,,,,,2.829,1.93,1.556,,,,,,,,0.0918,,,2025-10-31,quarterly,1.88,USD,pre-market,0,,0.0511,0.114,-0.051,75.02,3412000000,,,,111.47,116.3,3.2967,,,,,,,99593000000,,17.31,,120.47,95.18
2025-12-28,XOM,6.88,326244991000.0,17.31,,0.379,61.79,,,,,,,,,,,,,,,None,55772000000,55772000000,,,,,,None,2760000000,,3.96,0.0332,,,,-0.083,0.06,26775000000,29535000000,1.82,2006-06-30,16.42,,101859000000.0,43262000000,18204000000,7844000000,,,None,7248000000,None,,None,,,,,10360000000,0,None,None,0.111,,16487000000,26775000000,,,,,None,,,,,2.829,1.93,1.556,,,,,,,,0.0918,,,2025-10-31,quarterly,1.88,USD,pre-market,0,,0.0511,0.114,-0.051,75.02,3557000000,,,,111.47,116.3,3.2967,,,,,,,99034000000,,17.31,,120.47,95.18
2025-12-28,XOM,6.88,326244991000.0,17.31,,0.379,61.79,,,,,,,,,,,,,,,None,50527000000,50527000000,,,,,,None,2644000000,,3.96,0.0332,,,,-0.083,0.06,15806000000,18450000000,1.82,2006-03-31,16.42,,101859000000.0,38453000000,15459000000,7059000000,,,None,7148000000,None,,None,,,,,8400000000,0,None,None,0.111,,22647000000,15806000000,,,,,None,,,,,2.829,1.93,1.556,,,,,,,,0.0918,,,2025-10-31,quarterly,1.88,USD,pre-market,0,,0.0511,0.114,-0.051,75.02,3466000000,,,,111.47,116.3,3.2967,,,,,,,88980000000,,17.31,,120.47,95.18
2025-12-28,XOM,6.88,326244991000.0,17.31,,0.379,61.79,,,,,,,,,,,,,,,None,56944000000,56944000000,,,,,,None,2671000000,,3.96,0.0332,,,,-0.083,0.06,26001000000,28672000000,1.82,2005-12-31,16.42,,101859000000.0,42400000000,17718000000,7008000000,,,None,6692000000,None,,None,,,,,10710000000,0,None,None,0.111,,16399000000,26001000000,,,,,None,,,,,2.829,1.93,1.556,,,,,,,,0.0918,,,2025-10-31,quarterly,1.88,USD,pre-market,712000000,,0.0511,0.114,-0.051,75.02,3678000000,,,,111.47,116.3,3.2967,,,,,,,99344000000,,17.31,,120.47,95.18
2025-12-28,XOM,6.88,326244991000.0,17.31,,0.379,61.79,,,,,,,,,,,,,,,None,59130000000,59130000000,,,,,,None,2513000000,,3.96,0.0332,,,,-0.083,0.06,24459000000,26972000000,1.82,2005-09-30,16.42,,101859000000.0,41587000000,16052000000,6132000000,,,None,7501000000,None,,None,,,,,9920000000,0,None,None,0.111,,17128000000,24459000000,,,,,None,,,,,2.829,1.93,1.556,,,,,,,,0.0918,,,2025-10-31,quarterly,1.88,USD,pre-market,0,,0.0511,0.114,-0.051,75.02,3765000000,,,,111.47,116.3,3.2967,,,,,,,100717000000,,17.31,,120.47,95.18
2025-12-28,XOM,6.88,326244991000.0,17.31,,0.379,61.79,,,,,,,,,,,,,,,None,262505000000,262505000000,,,,,,None,23442000000,,3.96,0.0332,,,,-0.083,0.06,49869000000,73311000000,1.82,2024-12-31,16.42,,101859000000.0,76742000000,48873000000,13810000000,,,None,996000000,5198000000,,None,,,,,33680000000,35063000000,-996000000,None,0.111,,37090000000,39652000000,,,,,None,,,,,2.829,1.93,1.556,,,,,,,,0.0918,,,2025-10-31,annual,1.88,USD,pre-market,987000000,,0.0511,0.114,-0.051,75.02,9976000000,,,,111.47,116.3,3.2967,,,,,,,339247000000,,17.31,,120.47,95.18
2025-12-28,XOM,6.88,326244991000.0,17.31,,0.379,61.79,,,,,,,,,,,,,,,None,250555000000,250555000000,,,,,,None,20641000000,,3.96,0.0332,,,,-0.083,0.06,53632000000,74273000000,1.82,2023-12-31,16.42,,101859000000.0,84142000000,52783000000,15429000000,,,None,849000000,5536000000,,None,,,,,36010000000,37354000000,-849000000,None,0.111,,39681000000,44461000000,,,,,None,,,,,2.829,1.93,1.556,,,,,,,,0.0918,,,2025-10-31,annual,1.88,USD,pre-market,879000000,,0.0511,0.114,-0.051,75.02,10891000000,,,,111.47,116.3,3.2967,,,,,,,334697000000,,17.31,,120.47,95.18
2025-12-28,XOM,6.88,326244991000.0,17.31,,0.379,61.79,,,,,,,,,,,,,,,None,295608000000,295608000000,,,,,,None,24040000000,,3.96,0.0332,,,,-0.083,0.06,78551000000,102591000000,1.82,2022-12-31,16.42,,101859000000.0,103067000000,77753000000,20176000000,,,None,798000000,10665000000,,None,,,,,55740000000,57577000000,-798000000,None,0.111,,39039000000,64028000000,,,,,None,,,,,2.829,1.93,1.556,,,,,,,,0.0918,,,2025-10-31,annual,1.88,USD,pre-market,824000000,,0.0511,0.114,-0.051,75.02,10095000000,,,,111.47,116.3,3.2967,,,,,,,398675000000,,17.31,,120.47,95.18
2025-12-28,XOM,6.88,326244991000.0,17.31,,0.379,61.79,,,,,,,,,,,,,,,None,211806000000,211806000000,,,,,,None,20607000000,,3.96,0.0332,,,,-0.083,0.06,32181000000,52788000000,1.82,2021-12-31,16.42,,101859000000.0,64886000000,31234000000,7636000000,,,None,947000000,5710000000,,None,,,,,23040000000,23598000000,-947000000,None,0.111,,40867000000,24019000000,,,,,None,,,,,2.829,1.93,1.556,,,,,,,,0.0918,,,2025-10-31,annual,1.88,USD,pre-market,843000000,,0.0511,0.114,-0.051,75.02,10961000000,,,,111.47,116.3,3.2967,,,,,,,276692000000,,17.31,,120.47,95.18
2025-12-28,XOM,6.88,326244991000.0,17.31,,0.379,61.79,,,,,,,,,,,,,,,None,170447000000,170447000000,,,,,,None,46009000000,,3.96,0.0332,,,,-0.083,0.06,-27725000000,18284000000,1.82,2020-12-31,16.42,,101859000000.0,8127000000,-28883000000,-5632000000,,,None,1158000000,574000000,,None,,,,,-22440000000,-23251000000,-1158000000,None,0.111,,37575000000,-29448000000,,,,,None,,,,,2.829,1.93,1.556,,,,,,,,0.0918,,,2025-10-31,annual,1.88,USD,pre-market,1016000000,,0.0511,0.114,-0.051,75.02,11716000000,,,,111.47,116.3,3.2967,,,,,,,178574000000,,17.31,,120.47,95.18
2025-12-28,XOM,6.88,326244991000.0,17.31,,0.379,61.79,,,,,,,,,,,,,,,None,199625000000,199625000000,,,,,,None,18998000000,,3.96,0.0332,,,,-0.083,0.06,20886000000,39884000000,1.82,2019-12-31,16.42,,101859000000.0,55958000000,20056000000,5282000000,,,None,830000000,4611000000,,None,,,,,14340000000,14774000000,-830000000,None,0.111,,43192000000,12766000000,,,,,None,,,,,2.829,1.93,1.556,,,,,,,,0.0918,,,2025-10-31,annual,1.88,USD,pre-market,1214000000,,0.0511,0.114,-0.051,75.02,11398000000,,,,111.47,116.3,3.2967,,,,,,,255583000000,,17.31,,120.47,95.18
2025-12-28,XOM,6.88,326244991000.0,17.31,,0.379,61.79,,,,,,,,,,,,,,,None,211599000000,211599000000,,,,,,None,18745000000,,3.96,0.0332,,,,-0.083,0.06,31719000000,50464000000,1.82,2018-12-31,16.42,,101859000000.0,67733000000,30953000000,9532000000,,,None,766000000,6589000000,,None,,,,,20840000000,21421000000,-766000000,None,0.111,,45609000000,22124000000,,,,,7355000000,,,,,2.829,1.93,1.556,,,,,,,,0.0918,,,2025-10-31,annual,1.88,USD,pre-market,1116000000,,0.0511,0.114,-0.051,75.02,11480000000,,,,111.47,116.3,3.2967,,,,,,,279332000000,,17.31,,120.47,95.18
2025-12-28,XOM,6.88,326244991000.0,17.31,,0.379,61.79,,,,,,,,,,,,,,,None,180800000000,180800000000,,,,,,None,19893000000,,3.96,0.0332,,,,-0.083,0.06,19275000000,39168000000,1.82,2017-12-31,16.42,,101859000000.0,56362000000,18674000000,-1174000000,,,None,601000000,4779000000,,None,,,,,19710000000,19848000000,-601000000,None,0.111,,42543000000,13819000000,,,,,5380000000,,,,,2.829,1.93,1.556,,,,,,,,0.0918,,,2025-10-31,annual,1.88,USD,pre-market,1063000000,,0.0511,0.114,-0.051,75.02,10649000000,,,,111.47,116.3,3.2967,,,,,,,237162000000,,17.31,,120.47,95.18
2025-12-28,XOM,6.88,326244991000.0,17.31,,0.379,61.79,,,,,,,,,,,,,,,None,156927000000,156927000000,,,,,,None,22308000000,,3.96,0.0332,,,,-0.083,0.06,8422000000,30730000000,1.82,2016-12-31,16.42,,101859000000.0,43701000000,7969000000,-406000000,,,None,453000000,4353000000,,None,,,,,7840000000,8375000000,-453000000,None,0.111,,40930000000,2771000000,,,,,4806000000,,,,,2.829,1.93,1.556,,,,,,,,0.0918,,,2025-10-31,annual,1.88,USD,pre-market,1058000000,,0.0511,0.114,-0.051,75.02,10443000000,,,,111.47,116.3,3.2967,,,,,,,200628000000,,17.31,,120.47,95.18
2025-12-28,XOM,6.88,326244991000.0,17.31,,0.379,61.79,,,,,,,,,,,,,,,None,183638000000,183638000000,,,,,,None,18048000000,,3.96,0.0332,,,,-0.083,0.06,22277000000,40325000000,1.82,2015-12-31,16.42,,101859000000.0,56216000000,21966000000,5415000000,,,None,311000000,7333000000,,None,,,,,16150000000,16551000000,None,None,0.111,,43333000000,12883000000,,,,,7644000000,,,,,2.829,1.93,1.556,,,,,,,,0.0918,,,2025-10-31,annual,1.88,USD,pre-market,1008000000,,0.0511,0.114,-0.051,75.02,11501000000,,,,111.47,116.3,3.2967,,,,,,,239854000000,,17.31,,120.47,95.18
2025-12-28,XOM,6.88,326244991000.0,17.31,,0.379,61.79,,,,,,,,,,,,,,,None,313470000000,313470000000,,,,,,None,17297000000,,3.96,0.0332,,,,-0.083,0.06,51916000000,69213000000,1.82,2014-12-31,16.42,,101859000000.0,80635000000,51630000000,18015000000,,,None,286000000,None,,None,,,,,32520000000,33615000000,None,None,0.111,,46553000000,34082000000,,,,,13323000000,,,,,2.829,1.93,1.556,,,,,,,,0.0918,,,2025-10-31,annual,1.88,USD,pre-market,971000000,,0.0511,0.114,-0.051,75.02,12598000000,,,,111.47,116.3,3.2967,,,,,,,394105000000,,17.31,,120.47,95.18
2025-12-28,XOM,6.88,326244991000.0,17.31,,0.379,61.79,,,,,,,,,,,,,,,None,332452000000,332452000000,,,,,,None,17182000000,,3.96,0.0332,,,,-0.083,0.06,57720000000,74902000000,1.82,2013-12-31,16.42,,101859000000.0,88384000000,57711000000,24263000000,,,None,9000000,None,,None,,,,,32580000000,33448000000,None,None,0.111,,48083000000,40301000000,,,,,13927000000,,,,,2.829,1.93,1.556,,,,,,,,0.0918,,,2025-10-31,annual,1.88,USD,pre-market,1044000000,,0.0511,0.114,-0.051,75.02,12877000000,,,,111.47,116.3,3.2967,,,,,,,420836000000,,17.31,,120.47,95.18
2025-12-28,XOM,6.88,326244991000.0,17.31,,0.379,61.79,,,,,,,,,,,,,,,None,350353000000,350353000000,,,,,,None,15888000000,,3.96,0.0332,,,,-0.083,0.06,79053000000,94941000000,1.82,2012-12-31,16.42,,101859000000.0,101156000000,78726000000,31045000000,,,None,327000000,None,,None,,,,,44880000000,47681000000,None,None,0.111,,51275000000,49881000000,,,,,15010000000,,,,,2.829,1.93,1.556,,,,,,,,0.0918,,,2025-10-31,annual,1.88,USD,pre-market,1042000000,,0.0511,0.114,-0.051,75.02,13877000000,,,,111.47,116.3,3.2967,,,,,,,451509000000,,17.31,,120.47,95.18
2025-12-28,XOM,6.88,326244991000.0,17.31,,0.379,61.79,,,,,,,,,,,,,,,None,355888000000,355888000000,,,,,,None,15583000000,,3.96,0.0332,,,,-0.083,0.06,73504000000,89087000000,1.82,2011-12-31,16.42,,101859000000.0,111141000000,73257000000,31051000000,,,None,247000000,None,,None,,,,,41060000000,42206000000,None,None,0.111,,57037000000,54104000000,,,,,15289000000,,,,,2.829,1.93,1.556,,,,,,,,0.0918,,,2025-10-31,annual,1.88,USD,pre-market,1044000000,,0.0511,0.114,-0.051,75.02,14983000000,,,,111.47,116.3,3.2967,,,,,,,467029000000,,17.31,,120.47,95.18
2025-12-28,XOM,6.88,326244991000.0,17.31,,0.379,61.79,,,,,,,,,,,,,,,None,277058000000,277058000000,,,,,,None,14760000000,,3.96,0.0332,,,,-0.083,0.06,53218000000,67978000000,1.82,2010-12-31,16.42,,101859000000.0,93067000000,52959000000,21561000000,,,None,259000000,None,,None,,,,,30460000000,31398000000,None,None,0.111,,52945000000,40122000000,,,,,10677000000,,,,,2.829,1.93,1.556,,,,,,,,0.0918,,,2025-10-31,annual,1.88,USD,pre-market,1012000000,,0.0511,0.114,-0.051,75.02,14683000000,,,,111.47,116.3,3.2967,,,,,,,370125000000,,17.31,,120.47,95.18
2025-12-28,XOM,6.88,326244991000.0,17.31,,0.379,61.79,,,,,,,,,,,,,,,None,211769000000,211769000000,,,,,,None,11917000000,,3.96,0.0332,,,,-0.083,0.06,35325000000,47242000000,1.82,2009-12-31,16.42,,101859000000.0,91674000000,34777000000,15119000000,,,None,548000000,None,,None,,,,,19280000000,None,None,None,0.111,,63492000000,28182000000,,,,,None,,,,,2.829,1.93,1.556,,,,,,,,0.0918,,,2025-10-31,annual,1.88,USD,pre-market,1050000000,,0.0511,0.114,-0.051,75.02,14735000000,,,,111.47,116.3,3.2967,,,,,,,303443000000,,17.31,,120.47,95.18
2025-12-28,XOM,6.88,326244991000.0,17.31,,0.379,61.79,,,,,,,,,,,,,,,None,287359000000,287359000000,,,,,,None,12379000000,,3.96,0.0332,,,,-0.083,0.06,84070000000,96449000000,1.82,2008-12-31,16.42,,101859000000.0,178919000000,83397000000,36530000000,,,None,673000000,None,,None,,,,,45220000000,None,None,None,0.111,,105930000000,72989000000,,,,,None,,,,,2.829,1.93,1.556,,,,,,,,0.0918,,,2025-10-31,annual,1.88,USD,pre-market,847000000,,0.0511,0.114,-0.051,75.02,15873000000,,,,111.47,116.3,3.2967,,,,,,,466278000000,,17.31,,120.47,95.18
2025-12-28,XOM,6.88,326244991000.0,17.31,,0.379,61.79,,,,,,,,,,,,,,,None,231383000000,231383000000,,,,,,None,12250000000,,3.96,0.0332,,,,-0.083,0.06,71879000000,84129000000,1.82,2007-12-31,16.42,,101859000000.0,164268000000,71479000000,29864000000,,,None,400000000,None,,None,,,,,40610000000,None,None,None,0.111,,101290000000,62978000000,,,,,None,,,,,2.829,1.93,1.556,,,,,,,,0.0918,,,2025-10-31,annual,1.88,USD,pre-market,814000000,,0.0511,0.114,-0.051,75.02,14890000000,,,,111.47,116.3,3.2967,,,,,,,395651000000,,17.31,,120.47,95.18
2025-12-28,XOM,6.88,326244991000.0,17.31,,0.379,61.79,,,,,,,,,,,,,,,None,213255000000,213255000000,,,,,,None,11416000000,,3.96,0.0332,,,,-0.083,0.06,99488000000,110904000000,1.82,2006-12-31,16.42,,101859000000.0,164380000000,67402000000,27902000000,,,None,3478000000,None,,None,,,,,39500000000,None,None,None,0.111,,64892000000,99488000000,,,,,None,,,,,2.829,1.93,1.556,,,,,,,,0.0918,,,2025-10-31,annual,1.88,USD,pre-market,733000000,,0.0511,0.114,-0.051,75.02,14273000000,,,,111.47,116.3,3.2967,,,,,,,377635000000,,17.31,,120.47,95.18
2025-12-28,XOM,6.88,326244991000.0,17.31,,0.379,61.79,,,,,,,,,,,,,,,None,213002000000,213002000000,,,,,,None,10253000000,,3.96,0.0332,,,,-0.083,0.06,60727000000,70980000000,1.82,2005-12-31,16.42,,101859000000.0,157678000000,59432000000,23302000000,,,None,27895000000,None,,None,,,,,36130000000,None,None,None,0.111,,96951000000,60727000000,,,,,None,,,,,2.829,1.93,1.556,,,,,,,,0.0918,,,2025-10-31,annual,1.88,USD,pre-market,712000000,,0.0511,0.114,-0.051,75.02,14402000000,,,,111.47,116.3,3.2967,,,,,,,370680000000,,17.31,,120.47,95.18
2025-12-28,XOM,6.88,326244991000.0,17.31,None,0.379,61.79,,None,13814000000,13814000000,,,,,,,,,46808000000,4331000000,None,213002000000,213002000000,65382000000,None,9212000000,45285000000,None,None,10253000000,,3.96,0.0332,,,,-0.083,0.06,60727000000,70980000000,1.82,2025-09-30,16.42,None,101859000000.0,157678000000,59432000000,23302000000,21309000000,21309000000,None,27895000000,None,27238000000,None,None,32824000000,None,46138000000,36130000000,None,None,None,0.111,,96951000000,60727000000,2168000000,65382000000,None,23962000000,None,,,,,2.829,1.93,1.556,,,,,,,,0.0918,,298388000000,2025-10-31,quarterly,1.88,USD,pre-market,712000000,480367000000,0.0511,0.114,-0.051,75.02,14402000000,42036000000,9212000000,None,111.47,116.3,3.2967,454340000000,88505000000,77850000000,186117000000,365835000000,108267000000,370680000000,260561000000,17.31,None,120.47,95.18
2025-12-28,XOM,6.88,326244991000.0,17.31,None,0.379,61.79,,None,14352000000,14352000000,,,,,,,,,46629000000,4331000000,None,213002000000,213002000000,59725000000,None,5419000000,41792000000,None,None,10253000000,,3.96,0.0332,,,,-0.083,0.06,60727000000,70980000000,1.82,2025-06-30,16.42,None,101859000000.0,157678000000,59432000000,23302000000,21041000000,21041000000,None,27895000000,None,25371000000,None,None,33570000000,None,46092000000,36130000000,None,None,None,0.111,,96951000000,60727000000,3593000000,None,None,25071000000,None,,,,,2.829,1.93,1.556,,,,,,,,0.0918,,295356000000,2025-10-31,quarterly,1.88,USD,pre-market,712000000,477061000000,0.0511,0.114,-0.051,75.02,14402000000,38989000000,5419000000,None,111.47,116.3,3.2967,447597000000,85108000000,68161000000,177635000000,362489000000,109474000000,370680000000,262593000000,17.31,None,120.47,95.18
2025-12-28,XOM,6.88,326244991000.0,17.31,None,0.379,61.79,,None,17036000000,17036000000,,,,,,,,,46426000000,4462000000,None,213002000000,213002000000,63987000000,None,4728000000,46303000000,None,None,10253000000,,3.96,0.0332,,,,-0.083,0.06,60727000000,70980000000,1.82,2025-03-31,16.42,None,101859000000.0,157678000000,59432000000,23302000000,20176000000,20176000000,None,27895000000,None,24478000000,None,None,32823000000,None,47853000000,36130000000,None,None,None,0.111,,96951000000,60727000000,3416000000,63987000000,None,24963000000,None,,,,,2.829,1.93,1.556,,,,,,,,0.0918,,292646000000,2025-10-31,quarterly,1.88,USD,pre-market,712000000,474290000000,0.0511,0.114,-0.051,75.02,14402000000,37551000000,4728000000,None,111.47,116.3,3.2967,451908000000,91233000000,73829000000,182102000000,360675000000,108273000000,370680000000,262720000000,17.31,None,120.47,95.18
2025-12-28,XOM,6.88,326244991000.0,17.31,None,0.379,61.79,,3951000000,23029000000,23029000000,,,,,,,,,46238000000,4462000000,None,213002000000,213002000000,36145000000,None,4955000000,43681000000,None,None,10253000000,,3.96,0.0332,,,,-0.083,0.06,60727000000,70980000000,1.82,2024-12-31,16.42,None,101859000000.0,157678000000,59432000000,23302000000,19967000000,19967000000,None,27895000000,None,23524000000,None,None,32804000000,None,34353000000,36130000000,None,None,None,0.111,,96951000000,60727000000,1756000000,25152000000,None,25719000000,None,,,,,2.829,1.93,1.556,,,,,,,,0.0918,,294318000000,2025-10-31,quarterly,1.88,USD,pre-market,712000000,470903000000,0.0511,0.114,-0.051,75.02,14402000000,41710000000,4955000000,None,111.47,116.3,3.2967,453475000000,91990000000,70307000000,182869000000,361485000000,112562000000,370680000000,263705000000,17.31,None,120.47,95.18
2025-12-28,XOM,6.88,326244991000.0,17.31,None,0.379,61.79,,None,26926000000,26926000000,,,,,,,,,46936000000,4462000000,None,213002000000,213002000000,60518000000,None,5632000000,41505000000,None,None,10253000000,,3.96,0.0332,,,,-0.083,0.06,60727000000,70980000000,1.82,2024-09-30,16.42,None,101859000000.0,157678000000,59432000000,23302000000,19155000000,19155000000,None,27895000000,None,23875000000,None,None,36918000000,None,48869000000,36130000000,None,None,None,0.111,,96951000000,60727000000,2043000000,64361000000,None,26010000000,None,,,,,2.829,1.93,1.556,,,,,,,,0.0918,,299543000000,2025-10-31,quarterly,1.88,USD,pre-market,712000000,467664000000,0.0511,0.114,-0.051,75.02,14402000000,42550000000,5632000000,None,111.47,116.3,3.2967,461916000000,94349000000,69993000000,185516000000,367567000000,115523000000,370680000000,268592000000,17.31,None,120.47,95.18
2025-12-28,XOM,6.88,326244991000.0,17.31,None,0.379,61.79,,None,26460000000,26460000000,,,,,,,,,46781000000,4317000000,None,213002000000,213002000000,60107000000,None,6621000000,43071000000,None,None,10253000000,,3.96,0.0332,,,,-0.083,0.06,60727000000,70980000000,1.82,2024-06-30,16.42,None,101859000000.0,157678000000,59432000000,23302000000,18238000000,18238000000,None,27895000000,None,24503000000,None,None,36565000000,None,47948000000,36130000000,None,None,None,0.111,,96951000000,60727000000,2204000000,4035000000,None,25023000000,None,,,,,2.829,1.93,1.556,,,,,,,,0.0918,,None,2025-10-31,quarterly,1.88,USD,pre-market,712000000,463294000000,0.0511,0.114,-0.051,75.02,14402000000,43186000000,6621000000,-7157000000,111.47,116.3,3.2967,460707000000,96238000000,70763000000,184441000000,364469000000,113678000000,370680000000,268405000000,17.31,None,120.47,95.18
2025-12-28,XOM,6.88,326244991000.0,17.31,None,0.379,61.79,,None,33320000000,33320000000,,,,,,,,,17971000000,3998000000,None,213002000000,213002000000,59531000000,None,8227000000,40366000000,None,None,10253000000,,3.96,0.0332,,,,-0.083,0.06,60727000000,70980000000,1.82,2024-03-31,16.42,None,101859000000.0,157678000000,59432000000,23302000000,17210000000,17210000000,None,27895000000,None,23491000000,None,None,32213000000,None,47608000000,36130000000,None,None,None,0.111,,96951000000,60727000000,2200000000,4163000000,None,24242000000,None,,,,,2.829,1.93,1.556,,,,,,,,0.0918,,None,2025-10-31,quarterly,1.88,USD,pre-market,712000000,458339000000,0.0511,0.114,-0.051,75.02,14402000000,40440000000,8227000000,None,111.47,116.3,3.2967,377918000000,99377000000,71921000000,164866000000,278541000000,92945000000,370680000000,205250000000,17.31,None,120.47,95.18
2025-12-28,XOM,6.88,326244991000.0,17.31,None,0.379,61.79,,3838000000,31539000000,31539000000,,,,,,,,,17781000000,4010000000,None,213002000000,213002000000,31249000000,None,4090000000,38015000000,None,None,10253000000,,3.96,0.0332,,,,-0.083,0.06,60727000000,70980000000,1.82,2023-12-31,16.42,None,101859000000.0,157678000000,59432000000,23302000000,None,None,None,27895000000,None,25120000000,None,None,33645000000,None,34257000000,36130000000,None,None,None,0.111,,96951000000,60727000000,1935000000,26788000000,None,24228000000,None,,,,,2.829,1.93,1.556,,,,,,,,0.0918,,None,2025-10-31,quarterly,1.88,USD,pre-market,712000000,453927000000,0.0511,0.114,-0.051,75.02,14402000000,41573000000,4090000000,None,111.47,116.3,3.2967,376317000000,96609000000,65316000000,163779000000,279708000000,98463000000,370680000000,204802000000,17.31,None,120.47,95.18
2025-12-28,XOM,6.88,326244991000.0,17.31,None,0.379,61.79,,None,32944000000,32944000000,,,,,,,,,16165000000,4025000000,None,213002000000,213002000000,62257000000,None,4743000000,41814000000,None,None,10253000000,,3.96,0.0332,,,,-0.083,0.06,60727000000,70980000000,1.82,2023-09-30,16.42,None,101859000000.0,157678000000,59432000000,23302000000,17189000000,17189000000,None,27895000000,None,24450000000,None,None,36510000000,None,48066000000,36130000000,None,None,None,0.111,,96951000000,60727000000,1934000000,4186000000,None,20868000000,None,,,,,2.829,1.93,1.556,,,,,,,,0.0918,,205862000000,2025-10-31,quarterly,1.88,USD,pre-market,712000000,450138000000,0.0511,0.114,-0.051,75.02,14402000000,41253000000,4743000000,None,111.47,116.3,3.2967,372259000000,101142000000,71186000000,164726000000,271117000000,93540000000,370680000000,199703000000,17.31,None,120.47,95.18
2025-12-28,XOM,6.88,326244991000.0,17.31,None,0.379,61.79,,None,29528000000,29528000000,,,,,,,,,16029000000,4066000000,None,213002000000,213002000000,54404000000,None,3929000000,35915000000,None,None,10253000000,,3.96,0.0332,,,,-0.083,0.06,60727000000,70980000000,1.82,2023-06-30,16.42,None,101859000000.0,157678000000,59432000000,23302000000,17479000000,17479000000,None,27895000000,None,24249000000,None,None,37567000000,None,47273000000,36130000000,None,None,None,0.111,,96951000000,60727000000,2068000000,54404000000,None,21095000000,None,,,,,2.829,1.93,1.556,,,,,,,,0.0918,,206736000000,2025-10-31,quarterly,1.88,USD,pre-market,712000000,444731000000,0.0511,0.114,-0.051,75.02,14402000000,41496000000,3929000000,None,111.47,116.3,3.2967,363248000000,91760000000,61815000000,156251000000,271488000000,94436000000,370680000000,199046000000,17.31,None,120.47,95.18
2025-12-28,XOM,6.88,326244991000.0,17.31,None,0.379,61.79,,None,32651000000,32651000000,,,,,,,,,15904000000,4102000000,None,213002000000,213002000000,59935000000,None,2296000000,38808000000,None,None,10253000000,,3.96,0.0332,,,,-0.083,0.06,60727000000,70980000000,1.82,2023-03-31,16.42,None,101859000000.0,157678000000,59432000000,23302000000,17080000000,17080000000,None,27895000000,None,23642000000,None,None,39150000000,None,49044000000,36130000000,None,None,None,0.111,,96951000000,60727000000,2123000000,59935000000,None,33946000000,None,,,,,2.829,1.93,1.556,,,,,,,,0.0918,,206023000000,2025-10-31,quarterly,1.88,USD,pre-market,712000000,440552000000,0.0511,0.114,-0.051,75.02,14402000000,41446000000,2296000000,None,111.47,116.3,3.2967,369371000000,97224000000,66666000000,162957000000,272147000000,96291000000,370680000000,198685000000,17.31,None,120.47,95.18
2025-12-28,XOM,6.88,326244991000.0,17.31,None,0.379,61.79,,3299000000,29640000000,29640000000,,,,,,,,,15752000000,4138000000,None,213002000000,213002000000,33169000000,None,634000000,41749000000,None,None,10253000000,,3.96,0.0332,,,,-0.083,0.06,60727000000,70980000000,1.82,2022-12-31,16.42,None,101859000000.0,157678000000,59432000000,23302000000,16951000000,16951000000,None,27895000000,None,24435000000,None,None,40559000000,None,49793000000,36130000000,None,None,None,0.111,,96951000000,60727000000,1807000000,30028000000,None,34116000000,None,,,,,2.829,1.93,1.556,,,,,,,,0.0918,,204692000000,2025-10-31,quarterly,1.88,USD,pre-market,712000000,432860000000,0.0511,0.114,-0.051,75.02,14402000000,41193000000,634000000,-14993000000,111.47,116.3,3.2967,369067000000,97631000000,69045000000,166594000000,271436000000,97549000000,370680000000,195049000000,17.31,None,120.47,95.18
2025-12-28,XOM,6.88,326244991000.0,17.31,None,0.379,61.79,,None,30407000000,30407000000,,,,,,,,,16106000000,4200854701,None,213002000000,213002000000,62550000000,None,6182000000,42411000000,None,None,10253000000,,3.96,0.0332,,,,-0.083,0.06,60727000000,70980000000,1.82,2022-09-30,16.42,None,101859000000.0,157678000000,59432000000,23302000000,17526000000,17526000000,None,27895000000,None,24096000000,None,None,39246000000,None,50235000000,36130000000,None,None,None,0.111,,96951000000,60727000000,2375000000,62550000000,None,23086000000,None,,,,,2.829,1.93,1.556,,,,,,,,0.0918,,203102000000,2025-10-31,quarterly,1.88,USD,pre-market,712000000,423877000000,0.0511,0.114,-0.051,75.02,14402000000,45428000000,6182000000,None,111.47,116.3,3.2967,370152000000,99289000000,74057000000,177109000000,270863000000,103052000000,370680000000,186100000000,17.31,-236080000000,120.47,95.18
2025-12-28,XOM,6.88,326244991000.0,17.31,None,0.379,61.79,,None,18861000000,18861000000,,,,,,,,,16018000000,4239904988,None,213002000000,213002000000,67958000000,None,7367000000,48063000000,None,None,10253000000,,3.96,0.0332,,,,-0.083,0.06,60727000000,70980000000,1.82,2022-06-30,16.42,None,101859000000.0,157678000000,59432000000,23302000000,18632000000,18632000000,None,27895000000,None,23585000000,None,None,39516000000,None,46820000000,36130000000,None,None,None,0.111,,96951000000,60727000000,2654000000,4785000000,None,22808000000,None,,,,,2.829,1.93,1.556,,,,,,,,0.0918,,209159000000,2025-10-31,quarterly,1.88,USD,pre-market,712000000,407902000000,0.0511,0.114,-0.051,75.02,14402000000,46883000000,7367000000,None,111.47,116.3,3.2967,367774000000,93163000000,80110000000,183266000000,274611000000,103156000000,370680000000,177316000000,17.31,-231587000000,120.47,95.18
2025-12-28,XOM,6.88,326244991000.0,17.31,None,0.379,61.79,,None,11074000000,11074000000,,,,,,,,,15879000000,4266000000,None,213002000000,213002000000,63501000000,None,4886000000,42142000000,None,None,10253000000,,3.96,0.0332,,,,-0.083,0.06,60727000000,70980000000,1.82,2022-03-31,16.42,None,101859000000.0,157678000000,59432000000,23302000000,18414000000,18414000000,None,27895000000,None,22177000000,None,None,42651000000,None,46329000000,36130000000,None,None,None,0.111,,96951000000,60727000000,1862000000,63501000000,None,44002000000,None,,,,,2.829,1.93,1.556,,,,,,,,0.0918,,212773000000,2025-10-31,quarterly,1.88,USD,pre-market,712000000,393779000000,0.0511,0.114,-0.051,75.02,14402000000,47537000000,4886000000,None,111.47,116.3,3.2967,354771000000,77255000000,72059000000,178245000000,277516000000,106186000000,370680000000,169215000000,17.31,-227529000000,120.47,95.18
2025-12-28,XOM,6.88,326244991000.0,17.31,None,0.379,61.79,,1761000000,6802000000,6802000000,,,,,,,,,15746000000,4275000000,None,213002000000,213002000000,26623000000,None,4276000000,32383000000,None,None,10253000000,,3.96,0.0332,,,,-0.083,0.06,60727000000,70980000000,1.82,2021-12-31,16.42,None,101859000000.0,157678000000,59432000000,23302000000,18022000000,18022000000,None,27895000000,None,18780000000,None,None,43428000000,None,45195000000,36130000000,None,None,None,0.111,,96951000000,60727000000,1189000000,20247000000,None,43004000000,None,,,,,2.829,1.93,1.556,,,,,,,,0.0918,,216552000000,2025-10-31,quarterly,1.88,USD,pre-market,712000000,392059000000,0.0511,0.114,-0.051,75.02,14402000000,47704000000,4276000000,None,111.47,116.3,3.2967,338923000000,59154000000,56643000000,163240000000,279769000000,106597000000,370680000000,168577000000,17.31,-225464000000,120.47,95.18
2025-12-28,XOM,6.88,326244991000.0,17.31,None,0.379,61.79,,None,4768000000,4768000000,,,,,,,,,16104000000,4299363057,None,213002000000,213002000000,47257000000,None,12966000000,29516000000,None,None,10253000000,,3.96,0.0332,,,,-0.083,0.06,60727000000,70980000000,1.82,2021-09-30,16.42,None,101859000000.0,157678000000,59432000000,23302000000,16697000000,16697000000,None,27895000000,None,19607000000,None,None,43639000000,None,45641000000,36130000000,None,None,None,0.111,,96951000000,60727000000,1664000000,47257000000,None,44679000000,None,,,,,2.829,1.93,1.556,,,,,,,,0.0918,,218795000000,2025-10-31,quarterly,1.88,USD,pre-market,712000000,386952000000,0.0511,0.114,-0.051,75.02,14402000000,56605000000,12966000000,45641000000,111.47,116.3,3.2967,336688000000,55555000000,61856000000,169182000000,281133000000,107326000000,370680000000,160589000000,17.31,-225771000000,120.47,95.18
2025-12-28,XOM,6.88,326244991000.0,17.31,None,0.379,61.79,,None,3465000000,3465000000,,,,,,,,,16006000000,4276000000,None,213002000000,213002000000,45780000000,None,15293000000,28540000000,None,None,10253000000,,3.96,0.0332,,,,-0.083,0.06,60727000000,70980000000,1.82,2021-06-30,16.42,None,101859000000.0,157678000000,59432000000,23302000000,16661000000,16661000000,None,27895000000,None,19275000000,None,None,45319000000,None,44774000000,36130000000,None,None,None,0.111,,96951000000,60727000000,1562000000,45780000000,None,20545000000,None,,,,,2.829,1.93,1.556,,,,,,,,0.0918,,223012000000,2025-10-31,quarterly,1.88,USD,pre-market,712000000,383922000000,0.0511,0.114,-0.051,75.02,14402000000,60612000000,15293000000,44774000000,111.47,116.3,3.2967,337289000000,52842000000,62238000000,171733000000,284447000000,109495000000,370680000000,158571000000,17.31,-225771000000,120.47,95.18
2025-12-28,XOM,6.88,326244991000.0,17.31,None,0.379,61.79,,None,3515000000,3515000000,,,,,,,,,15884000000,4272000000,None,213002000000,213002000000,41017000000,None,18185000000,24755000000,None,None,10253000000,,3.96,0.0332,,,,-0.083,0.06,60727000000,70980000000,1.82,2021-03-31,16.42,None,101859000000.0,157678000000,59432000000,23302000000,16753000000,16753000000,None,27895000000,None,18357000000,None,None,45137000000,None,44181000000,36130000000,None,None,None,0.111,,96951000000,60727000000,1568000000,41017000000,None,46269000000,None,,,,,2.829,1.93,1.556,,,,,,,,0.0918,,224641000000,2025-10-31,quarterly,1.88,USD,pre-market,712000000,382953000000,0.0511,0.114,-0.051,75.02,14402000000,63322000000,18185000000,44181000000,111.47,116.3,3.2967,333770000000,48195000000,60150000000,169669000000,285575000000,109519000000,370680000000,156974000000,17.31,-225773000000,120.47,95.18
2025-12-28,XOM,6.88,326244991000.0,17.31,None,0.379,61.79,,1680000000,4364000000,4364000000,,,,,,,,,15688000000,4272000000,None,213002000000,213002000000,17499000000,None,20458000000,20581000000,None,None,10253000000,,3.96,0.0332,,,,-0.083,0.06,60727000000,70980000000,1.82,2020-12-31,16.42,None,101859000000.0,157678000000,59432000000,23302000000,16789000000,16789000000,None,27895000000,None,18850000000,None,None,47182000000,None,43515000000,36130000000,None,None,None,0.111,,96951000000,60727000000,1098000000,35221000000,None,46910000000,None,,,,,2.829,1.93,1.556,,,,,,,,0.0918,,227553000000,2025-10-31,quarterly,1.88,USD,pre-market,712000000,383943000000,0.0511,0.114,-0.051,75.02,14402000000,67640000000,20458000000,43515000000,111.47,116.3,3.2967,332750000000,44893000000,56363000000,168620000000,287857000000,112257000000,370680000000,157150000000,17.31,-225776000000,120.47,95.18
2025-12-28,XOM,6.88,326244991000.0,17.31,None,0.379,61.79,,None,8832000000,8832000000,,,,,,,,,15997000000,4533333333,None,213002000000,213002000000,33340000000,None,21911000000,19974000000,None,None,10253000000,,3.96,0.0332,,,,-0.083,0.06,60727000000,70980000000,1.82,2020-09-30,16.42,None,101859000000.0,157678000000,59432000000,23302000000,15245000000,15245000000,None,27895000000,None,17885000000,None,None,46888000000,None,43609000000,36130000000,None,None,None,0.111,,96951000000,60727000000,2002000000,33340000000,None,45608000000,None,,,,,2.829,1.93,1.556,,,,,,,,0.0918,,250496000000,2025-10-31,quarterly,1.88,USD,pre-market,712000000,407728000000,0.0511,0.114,-0.051,75.02,14402000000,68799000000,21911000000,43609000000,111.47,116.3,3.2967,358043000000,48693000000,56468000000,173431000000,309350000000,116963000000,370680000000,177400000000,17.31,-226136000000,120.47,95.18
2025-12-28,XOM,6.88,326244991000.0,17.31,None,0.379,61.79,,None,12576000000,12576000000,,,,,,,,,15812000000,4271000000,None,213002000000,213002000000,33216000000,None,22952000000,19036000000,None,None,10253000000,,3.96,0.0332,,,,-0.083,0.06,60727000000,70980000000,1.82,2020-06-30,16.42,None,101859000000.0,157678000000,59432000000,23302000000,14763000000,14763000000,None,27895000000,None,19657000000,None,None,46563000000,None,43192000000,36130000000,None,None,None,0.111,,96951000000,60727000000,1747000000,33216000000,None,45784000000,None,,,,,2.829,1.93,1.556,,,,,,,,0.0918,,250524000000,2025-10-31,quarterly,1.88,USD,pre-market,712000000,412124000000,0.0511,0.114,-0.051,75.02,14402000000,69515000000,22952000000,None,111.47,116.3,3.2967,361495000000,53016000000,57270000000,174342000000,308479000000,117072000000,370680000000,180183000000,17.31,-226136000000,120.47,95.18
2025-12-28,XOM,6.88,326244991000.0,17.31,None,0.379,61.79,,None,11412000000,11412000000,,,,,,,,,15636000000,4357142857,None,213002000000,213002000000,35815000000,None,27755000000,20871000000,None,None,10253000000,,3.96,0.0332,,,,-0.083,0.06,60727000000,70980000000,1.82,2020-03-31,16.42,None,101859000000.0,157678000000,59432000000,23302000000,14165000000,14165000000,None,27895000000,None,16501000000,None,None,31857000000,None,42981000000,36130000000,None,None,None,0.111,,96951000000,60727000000,1465000000,35815000000,None,45568000000,None,,,,,2.829,1.93,1.556,,,,,,,,0.0918,,248409000000,2025-10-31,quarterly,1.88,USD,pre-market,712000000,416919000000,0.0511,0.114,-0.051,75.02,14402000000,59612000000,27755000000,None,111.47,116.3,3.2967,355804000000,50249000000,64773000000,167061000000,305555000000,102288000000,370680000000,182079000000,17.31,-226137000000,120.47,95.18
2025-12-28,XOM,6.88,326244991000.0,17.31,None,0.379,61.79,,1670000000,3089000000,3089000000,,,,,,,,,15637000000,4278195489,None,213002000000,213002000000,24694000000,None,20578000000,26966000000,None,None,10253000000,,3.96,0.0332,,,,-0.083,0.06,60727000000,70980000000,1.82,2019-12-31,16.42,None,101859000000.0,157678000000,59432000000,23302000000,16363000000,16363000000,None,27895000000,None,18528000000,None,None,24672000000,None,43164000000,36130000000,None,None,None,0.111,,96951000000,60727000000,1469000000,13836000000,None,47708000000,None,,,,,2.829,1.93,1.556,,,,,,,,0.0918,,253018000000,2025-10-31,quarterly,1.88,USD,pre-market,712000000,421341000000,0.0511,0.114,-0.051,75.02,14402000000,46920000000,20578000000,None,111.47,116.3,3.2967,362597000000,50052000000,63989000000,163659000000,312545000000,99670000000,370680000000,191650000000,17.31,-225835000000,120.47,95.18
2025-12-28,XOM,6.88,326244991000.0,17.31,None,0.379,61.79,,None,5351000000,5351000000,,,,,,,,,15795000000,4271000000,None,213002000000,213002000000,40541000000,None,21196000000,25308000000,None,None,10253000000,,3.96,0.0332,,,,-0.083,0.06,60727000000,70980000000,1.82,2019-09-30,16.42,None,101859000000.0,157678000000,59432000000,23302000000,None,None,None,27895000000,None,17590000000,None,None,25950000000,None,42920000000,36130000000,None,None,None,0.111,,96951000000,60727000000,1759000000,2458000000,None,21997000000,None,,,,,2.829,1.93,1.556,,,,,,,,0.0918,,257065000000,2025-10-31,quarterly,1.88,USD,pre-market,712000000,419367000000,0.0511,0.114,-0.051,75.02,14402000000,47146000000,21196000000,None,111.47,116.3,3.2967,359361000000,50008000000,64195000000,162252000000,309353000000,98057000000,370680000000,189915000000,17.31,-225970000000,120.47,95.18
2025-12-28,XOM,6.88,326244991000.0,17.31,None,0.379,61.79,,None,4213000000,4213000000,,,,,,,,,15639000000,4287671233,None,213002000000,213002000000,41480000000,None,26195000000,27132000000,None,None,10253000000,,3.96,0.0332,,,,-0.083,0.06,60727000000,70980000000,1.82,2019-06-30,16.42,None,101859000000.0,157678000000,59432000000,23302000000,15600000000,15600000000,None,27895000000,None,18835000000,None,None,19001000000,None,42533000000,36130000000,None,None,None,0.111,,96951000000,60727000000,1563000000,41480000000,None,22127000000,None,,,,,2.829,1.93,1.556,,,,,,,,0.0918,,250853000000,2025-10-31,quarterly,1.88,USD,pre-market,712000000,419913000000,0.0511,0.114,-0.051,75.02,14402000000,45196000000,26195000000,None,111.47,116.3,3.2967,360729000000,51743000000,70287000000,162264000000,308986000000,91977000000,370680000000,191377000000,17.31,-225970000000,120.47,95.18
2025-12-28,XOM,6.88,326244991000.0,17.31,None,0.379,61.79,,None,4586000000,4586000000,,,,,,,,,15476000000,4272727273,None,213002000000,213002000000,42090000000,None,21794000000,27105000000,None,None,10253000000,,3.96,0.0332,,,,-0.083,0.06,60727000000,70980000000,1.82,2019-03-31,16.42,None,101859000000.0,157678000000,59432000000,23302000000,13982000000,13982000000,None,27895000000,None,18332000000,None,None,17730000000,None,42068000000,36130000000,None,None,None,0.111,,96951000000,60727000000,1553000000,42090000000,None,45218000000,None,,,,,2.829,1.93,1.556,,,,,,,,0.0918,,248563000000,2025-10-31,quarterly,1.88,USD,pre-market,712000000,420498000000,0.0511,0.114,-0.051,75.02,14402000000,40825000000,21794000000,None,111.47,116.3,3.2967,356189000000,51576000000,66632000000,158168000000,304613000000,91536000000,370680000000,191222000000,17.31,-225970000000,120.47,95.18
2025-12-28,XOM,6.88,326244991000.0,17.31,None,0.379,61.79,,None,3042000000,3042000000,,,,,,,,,15258000000,4255319149,None,213002000000,213002000000,21063000000,None,4070000000,24701000000,None,None,10253000000,,3.96,0.0332,,,,-0.083,0.06,60727000000,70980000000,1.82,2018-12-31,16.42,None,101859000000.0,157678000000,59432000000,23302000000,10332000000,10332000000,None,27895000000,None,18958000000,None,None,19235000000,None,40790000000,36130000000,None,None,None,0.111,,96951000000,60727000000,1272000000,12925000000,None,42748000000,None,,,,,2.829,1.93,1.556,,,,,,,,0.0918,,247101000000,2025-10-31,quarterly,1.88,USD,pre-market,712000000,421653000000,0.0511,0.114,-0.051,75.02,14402000000,37796000000,17258000000,None,111.47,116.3,3.2967,346196000000,47973000000,57138000000,147668000000,298223000000,90530000000,370680000000,191794000000,17.31,-225553000000,120.47,95.18
2025-12-28,XOM,6.88,326244991000.0,17.31,None,0.379,61.79,,None,5669000000,5669000000,,,,,,,,,15254000000,4273972603,None,213002000000,213002000000,41714000000,None,None,27880000000,None,None,10253000000,,3.96,0.0332,,,,-0.083,0.06,60727000000,70980000000,1.82,2018-09-30,16.42,0,101859000000.0,157678000000,59432000000,23302000000,1748000000,1748000000,None,27895000000,None,18761000000,None,None,19275000000,None,40427000000,36130000000,None,None,None,0.111,,96951000000,60727000000,1665000000,4161000000,None,44801000000,None,,,,,2.829,1.93,1.556,,,,,,,,0.0918,,249153000000,2025-10-31,quarterly,1.88,USD,pre-market,712000000,419155000000,0.0511,0.114,-0.051,75.02,14402000000,40037000000,19413000000,0,111.47,116.3,3.2967,354628000000,53975000000,65288000000,157797000000,300653000000,92509000000,370680000000,190365000000,17.31,-225674000000,120.47,95.18
2025-12-28,XOM,6.88,326244991000.0,17.31,None,0.379,61.79,,None,3430000000,3430000000,,,,,,,,,15086000000,4271000000,None,213002000000,213002000000,38490000000,None,41220000000,26993000000,None,None,10253000000,,3.96,0.0332,,,,-0.083,0.06,60727000000,70980000000,1.82,2018-06-30,16.42,0,101859000000.0,157678000000,59432000000,23302000000,10335000000,10335000000,None,27895000000,None,18483000000,None,None,19282000000,None,39691000000,36130000000,None,None,None,0.111,,96951000000,60727000000,1649000000,38490000000,None,45307000000,None,,,,,2.829,1.93,1.556,,,,,,,,0.0918,,248209000000,2025-10-31,quarterly,1.88,USD,pre-market,712000000,416418000000,0.0511,0.114,-0.051,75.02,14402000000,41220000000,20500000000,0,111.47,116.3,3.2967,348790000000,50555000000,62447000000,155257000000,298235000000,92810000000,370680000000,187222000000,17.31,-225673000000,120.47,95.18
2025-12-28,XOM,6.88,326244991000.0,17.31,None,0.379,61.79,,None,4125000000,4125000000,,,,,,,,,14888000000,4270000000,None,213002000000,213002000000,37207000000,None,40617000000,24686000000,None,None,10253000000,,3.96,0.0332,,,,-0.083,0.06,60727000000,70980000000,1.82,2018-03-31,16.42,0,101859000000.0,157678000000,59432000000,23302000000,9809000000,9809000000,None,27895000000,None,18048000000,None,None,20781000000,None,40350000000,36130000000,None,None,None,0.111,,96951000000,60727000000,1456000000,37207000000,None,46068000000,None,,,,,2.829,1.93,1.556,,,,,,,,0.0918,,250352000000,2025-10-31,quarterly,1.88,USD,pre-market,712000000,415970000000,0.0511,0.114,-0.051,75.02,14402000000,40617000000,19836000000,0,111.47,116.3,3.2967,348826000000,48315000000,60306000000,153915000000,300511000000,93609000000,370680000000,188195000000,17.31,-225671000000,120.47,95.18
2025-12-28,XOM,6.88,326244991000.0,17.31,None,0.379,61.79,,None,3177000000,3177000000,,,,,,,,,14656000000,4270000000,None,213002000000,213002000000,21701000000,None,4766000000,25597000000,None,None,10253000000,,3.96,0.0332,,,,-0.083,0.06,60727000000,70980000000,1.82,2017-12-31,16.42,0,101859000000.0,157678000000,59432000000,23302000000,9767000000,9767000000,None,27895000000,None,16992000000,None,None,24406000000,None,39160000000,36130000000,None,None,None,0.111,,96951000000,60727000000,1368000000,11784000000,None,45121000000,None,,,,,2.829,1.93,1.556,,,,,,,,0.0918,,252630000000,2025-10-31,quarterly,1.88,USD,pre-market,712000000,414540000000,0.0511,0.114,-0.051,75.02,14402000000,42336000000,17930000000,0,111.47,116.3,3.2967,348691000000,47134000000,57771000000,154191000000,301557000000,96420000000,370680000000,187688000000,17.31,-225246000000,120.47,95.18
2025-12-28,XOM,6.88,326244991000.0,17.31,None,0.379,61.79,,None,4266000000,4266000000,,,,,,,,,14783000000,4271000000,None,213002000000,213002000000,34698000000,None,40610000000,23263000000,None,None,10253000000,,3.96,0.0332,,,,-0.083,0.06,60727000000,70980000000,1.82,2017-09-30,16.42,0,101859000000.0,157678000000,59432000000,23302000000,0,0,None,27895000000,None,16743000000,None,None,24869000000,None,37649000000,36130000000,None,None,None,0.111,,96951000000,60727000000,1480000000,3338000000,None,47153000000,None,,,,,2.829,1.93,1.556,,,,,,,,0.0918,,255556000000,2025-10-31,quarterly,1.88,USD,pre-market,712000000,409449000000,0.0511,0.114,-0.051,75.02,14402000000,40610000000,15741000000,0,111.47,116.3,3.2967,349427000000,45752000000,53777000000,160229000000,303675000000,106452000000,370680000000,182276000000,17.31,-225305000000,120.47,95.18
2025-12-28,XOM,6.88,326244991000.0,17.31,None,0.379,61.79,,None,4042000000,4042000000,,,,,,,,,14617000000,4294871795,None,213002000000,213002000000,31100000000,None,41935000000,21289000000,None,None,10253000000,,3.96,0.0332,,,,-0.083,0.06,60727000000,70980000000,1.82,2017-06-30,16.42,0,101859000000.0,157678000000,59432000000,23302000000,10126000000,10126000000,None,27895000000,None,15305000000,None,None,24750000000,None,37719000000,36130000000,None,None,None,0.111,,96951000000,60727000000,1544000000,31100000000,None,46890000000,None,,,,,2.829,1.93,1.556,,,,,,,,0.0918,,252987000000,2025-10-31,quarterly,1.88,USD,pre-market,712000000,408768000000,0.0511,0.114,-0.051,75.02,14402000000,41935000000,17185000000,0,111.47,116.3,3.2967,343012000000,42180000000,50949000000,157174000000,300832000000,106225000000,370680000000,179178000000,17.31,-225305000000,120.47,95.18
2025-12-28,XOM,6.88,326244991000.0,17.31,None,0.379,61.79,,None,4897000000,4897000000,,,,,,,,,14415000000,4221052632,None,213002000000,213002000000,32069000000,None,18483000000,21842000000,None,None,10253000000,,3.96,0.0332,,,,-0.083,0.06,60727000000,70980000000,1.82,2017-03-31,16.42,0,101859000000.0,157678000000,59432000000,23302000000,9663000000,9663000000,None,27895000000,None,14873000000,None,None,25124000000,None,38268000000,36130000000,None,None,None,0.111,,96951000000,60727000000,1519000000,32069000000,None,47168000000,None,,,,,2.829,1.93,1.556,,,,,,,,0.0918,,253147000000,2025-10-31,quarterly,1.88,USD,pre-market,712000000,408707000000,0.0511,0.114,-0.051,75.02,14402000000,43607000000,18483000000,0,111.47,116.3,3.2967,344209000000,43131000000,53374000000,160438000000,301078000000,107064000000,370680000000,177151000000,17.31,-225292000000,120.47,95.18
2025-12-28,XOM,6.88,326244991000.0,17.31,None,0.379,61.79,,None,3657000000,3657000000,,,,,,,,,12157000000,4097560976,None,213002000000,213002000000,17801000000,None,2960000000,21394000000,None,None,10253000000,,3.96,0.0332,,,,-0.083,0.06,60727000000,70980000000,1.82,2016-12-31,16.42,0,101859000000.0,157678000000,59432000000,23302000000,9572000000,9572000000,None,27895000000,None,15080000000,None,None,28932000000,None,35102000000,36130000000,None,None,None,0.111,,96951000000,60727000000,1285000000,10739000000,None,45873000000,None,,,,,2.829,1.93,1.556,,,,,,,,0.0918,,244224000000,2025-10-31,quarterly,1.88,USD,pre-market,712000000,407831000000,0.0511,0.114,-0.051,75.02,14402000000,42762000000,13830000000,0,111.47,116.3,3.2967,330314000000,41416000000,47638000000,156484000000,288898000000,108846000000,370680000000,167325000000,17.31,-230424000000,120.47,95.18
2025-12-28,XOM,6.88,326244991000.0,17.31,None,0.379,61.79,,None,5093000000,5093000000,,,,,,,,,12228000000,4206349206,None,213002000000,213002000000,30027000000,None,17239000000,20388000000,None,None,10253000000,,3.96,0.0332,,,,-0.083,0.06,60727000000,70980000000,1.82,2016-09-30,16.42,0,101859000000.0,157678000000,59432000000,23302000000,8965000000,8965000000,None,27895000000,None,15342000000,None,None,28916000000,None,35553000000,36130000000,None,None,None,0.111,,96951000000,60727000000,2122000000,30027000000,None,48582000000,None,,,,,2.829,1.93,1.556,,,,,,,,0.0918,,251923000000,2025-10-31,quarterly,1.88,USD,pre-market,712000000,409284000000,0.0511,0.114,-0.051,75.02,14402000000,46155000000,17239000000,0,111.47,116.3,3.2967,339386000000,42945000000,50021000000,162376000000,296441000000,112355000000,370680000000,170597000000,17.31,-230449000000,120.47,95.18
2025-12-28,XOM,6.88,326244991000.0,17.31,None,0.379,61.79,,None,4358000000,4358000000,,,,,,,,,12019000000,4146341463,None,213002000000,213002000000,33801000000,None,14972000000,21827000000,None,None,10253000000,,3.96,0.0332,,,,-0.083,0.06,60727000000,70980000000,1.82,2016-06-30,16.42,0,101859000000.0,157678000000,59432000000,23302000000,8401000000,8401000000,None,27895000000,None,15875000000,None,None,29499000000,None,34182000000,36130000000,None,None,None,0.111,,96951000000,60727000000,3768000000,33801000000,None,48583000000,None,,,,,2.829,1.93,1.556,,,,,,,,0.0918,,254062000000,2025-10-31,quarterly,1.88,USD,pre-market,712000000,409767000000,0.0511,0.114,-0.051,75.02,14402000000,44471000000,14972000000,0,111.47,116.3,3.2967,342473000000,45828000000,51504000000,165598000000,296645000000,114094000000,370680000000,170591000000,17.31,-230451000000,120.47,95.18
2025-12-28,XOM,6.88,326244991000.0,17.31,None,0.379,61.79,,None,4846000000,4846000000,,,,,,,,,11825000000,4178000000,None,213002000000,213002000000,32294000000,None,13540000000,19814000000,None,None,10253000000,,3.96,0.0332,,,,-0.083,0.06,60727000000,70980000000,1.82,2016-03-31,16.42,0,101859000000.0,157678000000,59432000000,23302000000,8366000000,8366000000,None,27895000000,None,16223000000,None,None,29568000000,None,34915000000,36130000000,None,None,None,0.111,,96951000000,60727000000,3368000000,32294000000,None,49704000000,None,,,,,2.829,1.93,1.556,,,,,,,,0.0918,,255257000000,2025-10-31,quarterly,1.88,USD,pre-market,712000000,411200000000,0.0511,0.114,-0.051,75.02,14402000000,43108000000,13540000000,0,111.47,116.3,3.2967,342789000000,44251000000,48726000000,164291000000,298538000000,115565000000,370680000000,172187000000,17.31,-230454000000,120.47,95.18
2025-12-28,XOM,6.88,326244991000.0,17.31,None,0.379,61.79,,None,3705000000,3705000000,,,,,,,,,11612000000,4149253731,None,213002000000,213002000000,18074000000,None,558000000,19875000000,None,None,10253000000,,3.96,0.0332,,,,-0.083,0.06,60727000000,70980000000,1.82,2015-12-31,16.42,0,101859000000.0,157678000000,59432000000,23302000000,8285000000,8285000000,None,27895000000,None,16245000000,None,None,19925000000,None,34245000000,36130000000,None,None,None,0.111,,96951000000,60727000000,2798000000,11401000000,None,49229000000,None,,,,,2.829,1.93,1.556,,,,,,,,0.0918,,251605000000,2025-10-31,quarterly,1.88,USD,pre-market,712000000,412444000000,0.0511,0.114,-0.051,75.02,14402000000,38687000000,18762000000,0,111.47,116.3,3.2967,336758000000,42623000000,53976000000,159948000000,294135000000,105972000000,370680000000,170811000000,17.31,-229734000000,120.47,95.18
2025-12-28,XOM,6.88,326244991000.0,17.31,None,0.379,61.79,,None,4296000000,4296000000,,,,,,,,,11443000000,4198019802,None,213002000000,213002000000,36681000000,None,None,22157000000,None,None,10253000000,,3.96,0.0332,,,,-0.083,0.06,60727000000,70980000000,1.82,2015-09-30,16.42,0,101859000000.0,157678000000,59432000000,23302000000,0,0,None,27895000000,None,16584000000,None,None,19839000000,None,34315000000,36130000000,None,None,None,0.111,,96951000000,60727000000,4197000000,3674000000,None,50946000000,None,,,,,2.829,1.93,1.556,,,,,,,,0.0918,,250583000000,2025-10-31,quarterly,1.88,USD,pre-market,712000000,412718000000,0.0511,0.114,-0.051,75.02,14402000000,34312000000,14473000000,0,111.47,116.3,3.2967,340662000000,47234000000,54828000000,163823000000,293428000000,108995000000,370680000000,170723000000,17.31,-229102000000,120.47,95.18
2025-12-28,XOM,6.88,326244991000.0,17.31,None,0.379,61.79,,None,4343000000,4343000000,,,,,,,,,11224000000,4190000000,None,213002000000,213002000000,39914000000,None,None,25957000000,None,None,10253000000,,3.96,0.0332,,,,-0.083,0.06,60727000000,70980000000,1.82,2015-06-30,16.42,0,101859000000.0,157678000000,59432000000,23302000000,8798000000,8798000000,None,27895000000,None,16663000000,None,None,19431000000,None,34162000000,36130000000,None,None,None,0.111,,96951000000,60727000000,4684000000,39914000000,None,52040000000,None,,,,,2.829,1.93,1.556,,,,,,,,0.0918,,253653000000,2025-10-31,quarterly,1.88,USD,pre-market,712000000,411538000000,0.0511,0.114,-0.051,75.02,14402000000,33840000000,14409000000,35000000,111.47,116.3,3.2967,348260000000,51647000000,58372000000,169262000000,296613000000,110890000000,370680000000,172668000000,17.31,-228601000000,120.47,95.18
2025-12-28,XOM,6.88,326244991000.0,17.31,None,0.379,61.79,,None,5184000000,5184000000,,,,,,,,,11006000000,4222222222,None,213002000000,213002000000,38144000000,None,None,25031000000,None,None,10253000000,,3.96,0.0332,,,,-0.083,0.06,60727000000,70980000000,1.82,2015-03-31,16.42,0,101859000000.0,157678000000,59432000000,23302000000,8335000000,8335000000,None,27895000000,None,16102000000,None,None,19494000000,None,34471000000,36130000000,None,None,None,0.111,,96951000000,60727000000,4341000000,38144000000,None,51153000000,None,,,,,2.829,1.93,1.556,,,,,,,,0.0918,,249497000000,2025-10-31,quarterly,1.88,USD,pre-market,712000000,410414000000,0.0511,0.114,-0.051,75.02,14402000000,32771000000,13277000000,43000000,111.47,116.3,3.2967,342961000000,50658000000,55933000000,165515000000,292303000000,109582000000,370680000000,171227000000,17.31,-227598000000,120.47,95.18
2025-12-28,XOM,6.88,326244991000.0,17.31,None,0.379,61.79,,None,4616000000,4616000000,,,,,,,,,10792000000,4211538462,None,213002000000,213002000000,25286000000,None,770000000,28009000000,None,None,10253000000,,3.96,0.0332,,,,-0.083,0.06,60727000000,70980000000,1.82,2014-12-31,16.42,0,101859000000.0,157678000000,59432000000,23302000000,8676000000,8676000000,None,27895000000,None,16678000000,None,None,11653000000,None,35239000000,36130000000,None,None,None,0.111,,96951000000,60727000000,3607000000,13651000000,None,52913000000,None,,,,,2.829,1.93,1.556,,,,,,,,0.0918,,252668000000,2025-10-31,quarterly,1.88,USD,pre-market,712000000,408384000000,0.0511,0.114,-0.051,75.02,14402000000,29121000000,17468000000,42000000,111.47,116.3,3.2967,349493000000,52910000000,64633000000,168429000000,296583000000,103796000000,370680000000,174399000000,17.31,-225820000000,120.47,95.18
2025-12-28,XOM,6.88,326244991000.0,17.31,None,0.379,61.79,,None,4962000000,4962000000,,,,,,,,,10681000000,4267000000,None,213002000000,213002000000,49272000000,None,None,30963000000,None,None,10253000000,,3.96,0.0332,,,,-0.083,0.06,60727000000,70980000000,1.82,2014-09-30,16.42,0,101859000000.0,157678000000,59432000000,23302000000,0,0,None,27895000000,None,17761000000,None,None,11591000000,None,35012000000,36130000000,None,None,None,0.111,,96951000000,60727000000,4909000000,6469000000,None,46562000000,None,,,,,2.829,1.93,1.556,,,,,,,,0.0918,,251406000000,2025-10-31,quarterly,1.88,USD,pre-market,712000000,404738000000,0.0511,0.114,-0.051,75.02,14402000000,21834000000,10243000000,52000000,111.47,116.3,3.2967,352764000000,58595000000,65984000000,165269000000,294169000000,99285000000,370680000000,180587000000,17.31,-222636000000,120.47,95.18
2025-12-28,XOM,6.88,326244991000.0,17.31,None,0.379,61.79,,None,6083000000,6083000000,,,,,,,,,10487000000,4282926829,None,213002000000,213002000000,52363000000,None,None,34182000000,None,None,10253000000,,3.96,0.0332,,,,-0.083,0.06,60727000000,70980000000,1.82,2014-06-30,16.42,0,101859000000.0,157678000000,59432000000,23302000000,8110000000,8110000000,None,27895000000,None,18177000000,None,None,11817000000,None,35110000000,36130000000,None,None,None,0.111,,96951000000,60727000000,5571000000,52363000000,None,48109000000,None,,,,,2.829,1.93,1.556,,,,,,,,0.0918,,251353000000,2025-10-31,quarterly,1.88,USD,pre-market,712000000,399614000000,0.0511,0.114,-0.051,75.02,14402000000,21765000000,9948000000,198000000,111.47,116.3,3.2967,358586000000,64013000000,69529000000,170455000000,294573000000,100926000000,370680000000,181155000000,17.31,-219635000000,120.47,95.18
2025-12-28,XOM,6.88,326244991000.0,17.31,None,0.379,61.79,,None,5601000000,5601000000,,,,,,,,,10276000000,4333333333,None,213002000000,213002000000,52109000000,None,None,32480000000,None,None,10253000000,,3.96,0.0332,,,,-0.083,0.06,60727000000,70980000000,1.82,2014-03-31,16.42,0,101859000000.0,157678000000,59432000000,23302000000,8103000000,8103000000,None,27895000000,None,18568000000,None,None,12144000000,None,37169000000,36130000000,None,None,None,0.111,,96951000000,60727000000,5215000000,52109000000,None,47107000000,None,,,,,2.829,1.93,1.556,,,,,,,,0.0918,,245897000000,2025-10-31,quarterly,1.88,USD,pre-market,712000000,393800000000,0.0511,0.114,-0.051,75.02,14402000000,21367000000,9223000000,204000000,111.47,116.3,3.2967,353033000000,61864000000,70108000000,170142000000,291169000000,100034000000,370680000000,176398000000,17.31,-216638000000,120.47,95.18
2025-12-28,XOM,6.88,326244991000.0,17.31,None,0.379,61.79,,None,4644000000,4644000000,,,,,,,,,10077000000,4371727749,None,213002000000,213002000000,30920000000,None,None,33152000000,None,None,10253000000,,3.96,0.0332,,,,-0.083,0.06,60727000000,70980000000,1.82,2013-12-31,16.42,0,101859000000.0,157678000000,59432000000,23302000000,7522000000,7522000000,None,27895000000,None,16135000000,None,None,6891000000,None,36328000000,36130000000,None,None,None,0.111,,96951000000,60727000000,5377000000,13282000000,None,47168000000,None,,,,,2.829,1.93,1.556,,,,,,,,0.0918,,243650000000,2025-10-31,quarterly,1.88,USD,pre-market,712000000,387432000000,0.0511,0.114,-0.051,75.02,14402000000,22699000000,15808000000,269000000,111.47,116.3,3.2967,346808000000,59308000000,71724000000,166313000000,287500000000,94589000000,370680000000,174003000000,17.31,-212781000000,120.47,95.18
2025-12-28,XOM,6.88,326244991000.0,17.31,None,0.379,61.79,,None,5310000000,5310000000,,,,,,,,,10062000000,4396648045,None,213002000000,213002000000,51260000000,None,None,33230000000,None,None,10253000000,,3.96,0.0332,,,,-0.083,0.06,60727000000,70980000000,1.82,2013-09-30,16.42,0,101859000000.0,157678000000,59432000000,23302000000,0,0,None,27895000000,None,16867000000,None,None,7404000000,None,37048000000,36130000000,None,None,None,0.111,,96951000000,60727000000,5896000000,7600000000,None,52427000000,None,,,,,2.829,1.93,1.556,,,,,,,,0.0918,,240981000000,2025-10-31,quarterly,1.88,USD,pre-market,712000000,381832000000,0.0511,0.114,-0.051,75.02,14402000000,21293000000,13889000000,439000000,111.47,116.3,3.2967,347564000000,61303000000,72749000000,172086000000,286261000000,99337000000,370680000000,169245000000,17.31,-209598000000,120.47,95.18
2025-12-28,XOM,6.88,326244991000.0,17.31,None,0.379,61.79,,None,4609000000,4609000000,,,,,,,,,9882000000,4425806452,None,213002000000,213002000000,52619000000,None,None,35340000000,None,None,10253000000,,3.96,0.0332,,,,-0.083,0.06,60727000000,70980000000,1.82,2013-06-30,16.42,0,101859000000.0,157678000000,59432000000,23302000000,7888000000,7888000000,None,27895000000,None,17197000000,None,None,7496000000,None,35643000000,36130000000,None,None,None,0.111,,96951000000,60727000000,5698000000,52619000000,None,50896000000,None,,,,,2.829,1.93,1.556,,,,,,,,0.0918,,235240000000,2025-10-31,quarterly,1.88,USD,pre-market,712000000,376732000000,0.0511,0.114,-0.051,75.02,14402000000,19357000000,11861000000,403000000,111.47,116.3,3.2967,341615000000,62844000000,72688000000,170027000000,278771000000,97339000000,370680000000,165647000000,17.31,-206586000000,120.47,95.18
2025-12-28,XOM,6.88,326244991000.0,17.31,None,0.379,61.79,,None,6214000000,6214000000,,,,,,,,,9665000000,4481132075,None,213002000000,213002000000,53978000000,None,None,34291000000,None,None,10253000000,,3.96,0.0332,,,,-0.083,0.06,60727000000,70980000000,1.82,2013-03-31,16.42,0,101859000000.0,157678000000,59432000000,23302000000,7676000000,7676000000,None,27895000000,None,16231000000,None,None,7475000000,None,35641000000,36130000000,None,None,None,0.111,,96951000000,60727000000,5858000000,53978000000,None,50291000000,None,,,,,2.829,1.93,1.556,,,,,,,,0.0918,,233728000000,2025-10-31,quarterly,1.88,USD,pre-market,712000000,372666000000,0.0511,0.114,-0.051,75.02,14402000000,13412000000,5937000000,376000000,111.47,116.3,3.2967,339639000000,62594000000,70084000000,166562000000,277045000000,96478000000,370680000000,167001000000,17.31,-202563000000,120.47,95.18
2025-12-28,XOM,6.88,326244991000.0,17.31,None,0.379,61.79,,None,9582000000,9582000000,,,,,,,,,9653000000,4522727273,None,213002000000,213002000000,33789000000,None,None,34987000000,None,None,10253000000,,3.96,0.0332,,,,-0.083,0.06,60727000000,70980000000,1.82,2012-12-31,16.42,0,101859000000.0,157678000000,59432000000,23302000000,7668000000,7668000000,None,27895000000,None,14542000000,None,None,7928000000,None,34718000000,36130000000,None,None,None,0.111,,96951000000,60727000000,5349000000,16939000000,None,52498000000,None,,,,,2.829,1.93,1.556,,,,,,,,0.0918,,226949000000,2025-10-31,quarterly,1.88,USD,pre-market,712000000,365727000000,0.0511,0.114,-0.051,75.02,14402000000,11581000000,3653000000,341000000,111.47,116.3,3.2967,333795000000,64460000000,64139000000,162135000000,269335000000,97996000000,370680000000,165863000000,17.31,-197333000000,120.47,95.18
2025-12-28,XOM,6.88,326244991000.0,17.31,None,0.379,61.79,,None,13055000000,13055000000,,,,,,,,,9645000000,4597000000,None,213002000000,213002000000,53516000000,None,None,36635000000,None,None,10253000000,,3.96,0.0332,,,,-0.083,0.06,60727000000,70980000000,1.82,2012-09-30,16.42,None,101859000000.0,157678000000,59432000000,23302000000,7618000000,7618000000,None,27895000000,None,16575000000,None,None,8928000000,None,35105000000,36130000000,None,None,None,0.111,,96951000000,60727000000,5873000000,13049000000,None,46205000000,None,,,,,2.829,1.93,1.556,,,,,,,,0.0918,,220330000000,2025-10-31,quarterly,1.88,USD,pre-market,712000000,358369000000,0.0511,0.114,-0.051,75.02,14402000000,12424000000,3496000000,35105000000,111.47,116.3,3.2967,335191000000,72138000000,70061000000,162836000000,263053000000,92775000000,370680000000,166713000000,17.31,-192188000000,120.47,95.18
2025-12-28,XOM,6.88,326244991000.0,17.31,None,0.379,61.79,,None,17802000000,17802000000,,,,,,,,,9221000000,4665689150,None,213002000000,213002000000,51322000000,None,None,33741000000,None,None,10253000000,,3.96,0.0332,,,,-0.083,0.06,60727000000,70980000000,1.82,2012-06-30,16.42,0,101859000000.0,157678000000,59432000000,23302000000,7987000000,7987000000,None,27895000000,None,15158000000,None,None,8877000000,None,33921000000,36130000000,None,None,None,0.111,,96951000000,60727000000,6096000000,51322000000,None,45796000000,None,,,,,2.829,1.93,1.556,,,,,,,,0.0918,,214940000000,2025-10-31,quarterly,1.88,USD,pre-market,712000000,351421000000,0.0511,0.114,-0.051,75.02,14402000000,15581000000,6704000000,215000000,111.47,116.3,3.2967,329645000000,72797000000,70136000000,161660000000,256848000000,91524000000,370680000000,162811000000,17.31,-187172000000,120.47,95.18
2025-12-28,XOM,6.88,326244991000.0,17.31,None,0.379,61.79,,None,18670000000,18670000000,,,,,,,,,9007000000,4725000000,None,213002000000,213002000000,59084000000,None,None,35844000000,None,None,10253000000,,3.96,0.0332,,,,-0.083,0.06,60727000000,70980000000,1.82,2012-03-31,16.42,0,101859000000.0,157678000000,59432000000,23302000000,8434000000,8434000000,None,27895000000,None,14749000000,None,None,9231000000,None,45956000000,36130000000,None,None,None,0.111,,96951000000,60727000000,6897000000,59084000000,None,55524000000,None,,,,,2.829,1.93,1.556,,,,,,,,0.0918,,214602000000,2025-10-31,quarterly,1.88,USD,pre-market,712000000,338168000000,0.0511,0.114,-0.051,75.02,14402000000,15650000000,6419000000,477000000,111.47,116.3,3.2967,345152000000,76160000000,79994000000,181035000000,268992000000,101041000000,370680000000,157012000000,17.31,-182165000000,120.47,95.18
2025-12-28,XOM,6.88,326244991000.0,17.31,None,0.379,61.79,,None,12664000000,12664000000,,,,,,,,,9512000000,4775000000,None,213002000000,213002000000,33969000000,None,None,38642000000,None,None,10253000000,,3.96,0.0332,,,,-0.083,0.06,60727000000,70980000000,1.82,2011-12-31,16.42,0,101859000000.0,157678000000,59432000000,23302000000,9092000000,9092000000,None,27895000000,None,15024000000,None,None,9322000000,None,34333000000,36130000000,None,None,None,0.111,,96951000000,60727000000,6633000000,15975000000,None,46863000000,None,,,,,2.829,1.93,1.556,,,,,,,,0.0918,,214664000000,2025-10-31,quarterly,1.88,USD,pre-market,712000000,330939000000,0.0511,0.114,-0.051,75.02,14402000000,17033000000,7711000000,404000000,111.47,116.3,3.2967,331052000000,72963000000,77505000000,170308000000,258089000000,92803000000,370680000000,154396000000,17.31,-176932000000,120.47,95.18
2025-12-28,XOM,6.88,326244991000.0,17.31,None,0.379,61.79,,None,11022000000,11022000000,,,,,,,,,9506000000,4849765258,None,213002000000,213002000000,54572000000,None,None,34368000000,None,None,10253000000,,3.96,0.0332,,,,-0.083,0.06,60727000000,70980000000,1.82,2011-09-30,16.42,0,101859000000.0,157678000000,59432000000,23302000000,9315000000,9315000000,None,27895000000,None,16730000000,None,None,9331000000,None,35342000000,36130000000,None,None,None,0.111,,96951000000,60727000000,7256000000,54572000000,None,39822000000,None,,,,,2.829,1.93,1.556,,,,,,,,0.0918,,209194000000,2025-10-31,quarterly,1.88,USD,pre-market,712000000,323786000000,0.0511,0.114,-0.051,75.02,14402000000,16762000000,7431000000,233000000,111.47,116.3,3.2967,323227000000,69376000000,74971000000,161015000000,253851000000,86044000000,370680000000,155939000000,17.31,-172025000000,120.47,95.18
2025-12-28,XOM,6.88,326244991000.0,17.31,None,0.379,61.79,,None,8287000000,8287000000,,,,,,,,,9352000000,4912000000,None,213002000000,213002000000,57853000000,None,None,35331000000,None,None,10253000000,,3.96,0.0332,,,,-0.083,0.06,60727000000,70980000000,1.82,2011-06-30,16.42,0,101859000000.0,157678000000,59432000000,23302000000,8851000000,8851000000,None,27895000000,None,19048000000,None,None,12123000000,None,35241000000,36130000000,None,None,None,0.111,,96951000000,60727000000,7885000000,57853000000,None,40520000000,None,,,,,2.829,1.93,1.556,,,,,,,,0.0918,,209807000000,2025-10-31,quarterly,1.88,USD,pre-market,712000000,315733000000,0.0511,0.114,-0.051,75.02,14402000000,16488000000,4365000000,1754000000,111.47,116.3,3.2967,326204000000,72305000000,74533000000,164369000000,253899000000,89836000000,370680000000,155551000000,17.31,-166735000000,120.47,95.18
2025-12-28,XOM,6.88,326244991000.0,17.31,None,0.379,61.79,,None,12833000000,12833000000,,,,,,,,,9156000000,4971000000,None,213002000000,213002000000,57700000000,None,None,35146000000,None,None,10253000000,,3.96,0.0332,,,,-0.083,0.06,60727000000,70980000000,1.82,2011-03-31,16.42,0,101859000000.0,157678000000,59432000000,23302000000,8578000000,8578000000,None,27895000000,None,16262000000,None,None,12316000000,None,35207000000,36130000000,None,None,None,0.111,,96951000000,60727000000,7781000000,57700000000,None,39989000000,None,,,,,2.829,1.93,1.556,,,,,,,,0.0918,,203726000000,2025-10-31,quarterly,1.88,USD,pre-market,712000000,307361000000,0.0511,0.114,-0.051,75.02,14402000000,15876000000,3560000000,401000000,111.47,116.3,3.2967,319533000000,72022000000,73576000000,162002000000,247511000000,88426000000,370680000000,151480000000,17.31,-161381000000,120.47,95.18
2025-12-28,XOM,6.88,326244991000.0,17.31,None,0.379,61.79,,None,7825000000,7825000000,,,,,,,,,9371000000,4971000000,None,213002000000,213002000000,30780000000,None,None,32284000000,None,None,10253000000,,3.96,0.0332,,,,-0.083,0.06,60727000000,70980000000,1.82,2010-12-31,16.42,0,101859000000.0,157678000000,59432000000,23302000000,8640000000,8640000000,None,27895000000,None,12976000000,None,None,12227000000,None,35338000000,36130000000,None,None,None,0.111,,96951000000,60727000000,5899000000,12476000000,None,39821000000,None,,,,,2.829,1.93,1.556,,,,,,,,0.0918,,199548000000,2025-10-31,quarterly,1.88,USD,pre-market,712000000,298899000000,0.0511,0.114,-0.051,75.02,14402000000,15014000000,2255000000,2000000,111.47,116.3,3.2967,302510000000,58984000000,62633000000,149831000000,243526000000,87198000000,370680000000,146839000000,17.31,-156608000000,120.47,95.18
2025-12-28,XOM,6.88,326244991000.0,17.31,None,0.379,61.79,,None,12244000000,12244000000,,,,,,,,,9341000000,5089000000,None,213002000000,213002000000,48251000000,None,None,30244000000,None,None,10253000000,,3.96,0.0332,,,,-0.083,0.06,60727000000,70980000000,1.82,2010-09-30,16.42,0,101859000000.0,157678000000,59432000000,23302000000,8748000000,8748000000,None,27895000000,None,14302000000,None,None,15248000000,None,33173000000,36130000000,None,None,None,0.111,,96951000000,60727000000,5828000000,48251000000,None,37102000000,None,,,,,2.829,1.93,1.556,,,,,,,,0.0918,,195440000000,2025-10-31,quarterly,1.88,USD,pre-market,712000000,291861000000,0.0511,0.114,-0.051,75.02,14402000000,18294000000,3046000000,15000000,111.47,116.3,3.2967,299994000000,62633000000,61740000000,149394000000,237361000000,87654000000,370680000000,145031000000,17.31,-151832000000,120.47,95.18
2025-12-28,XOM,6.88,326244991000.0,17.31,None,0.379,61.79,,None,13252000000,13252000000,,,,,,,,,9002000000,4729000000,None,213002000000,213002000000,45454000000,None,None,29206000000,None,None,10253000000,,3.96,0.0332,,,,-0.083,0.06,60727000000,70980000000,1.82,2010-06-30,16.42,0,101859000000.0,157678000000,59432000000,23302000000,29206000000,29206000000,None,27895000000,None,13439000000,None,None,17486000000,None,32642000000,36130000000,None,None,None,0.111,,96951000000,60727000000,6304000000,45454000000,None,36111000000,None,,,,,2.829,1.93,1.556,,,,,,,,0.0918,,188069000000,2025-10-31,quarterly,1.88,USD,pre-market,712000000,286745000000,0.0511,0.114,-0.051,75.02,14402000000,20432000000,2946000000,15000000,111.47,116.3,3.2967,291068000000,62216000000,57821000000,145701000000,228852000000,87880000000,370680000000,140172000000,17.31,-148820000000,120.47,95.18
2025-12-28,XOM,6.88,326244991000.0,17.31,None,0.379,61.79,,None,13742000000,13742000000,,,,,,,,,5300000000,4736000000,None,213002000000,213002000000,46136000000,None,None,29052000000,None,None,10253000000,,3.96,0.0332,,,,-0.083,0.06,60727000000,70980000000,1.82,2010-03-31,16.42,0,101859000000.0,157678000000,59432000000,23302000000,29052000000,29052000000,None,27895000000,None,13488000000,None,None,7054000000,None,32541000000,36130000000,None,None,None,0.111,,96951000000,60727000000,5329000000,46136000000,None,36622000000,None,,,,,2.829,1.93,1.556,,,,,,,,0.0918,,140819000000,2025-10-31,quarterly,1.88,USD,pre-market,712000000,281251000000,0.0511,0.114,-0.051,75.02,14402000000,9450000000,2396000000,85000000,111.47,116.3,3.2967,242748000000,61696000000,57744000000,125082000000,181052000000,67338000000,370680000000,112541000000,17.31,-168473000000,120.47,95.18
2025-12-28,XOM,6.88,326244991000.0,17.31,None,0.379,61.79,,None,10693000000,10693000000,,,,,,,,,5503000000,4736000000,None,213002000000,213002000000,24236000000,None,None,27645000000,None,None,10253000000,,3.96,0.0332,,,,-0.083,0.06,60727000000,70980000000,1.82,2009-12-31,16.42,0,101859000000.0,157678000000,59432000000,23302000000,27645000000,27645000000,None,27895000000,None,11553000000,None,None,7129000000,None,None,36130000000,None,None,None,0.111,,96951000000,60727000000,5175000000,11118000000,None,None,None,,,,,2.829,1.93,1.556,,,,,,,,0.0918,,139116000000,2025-10-31,quarterly,1.88,USD,pre-market,712000000,276937000000,0.0511,0.114,-0.051,75.02,14402000000,9605000000,2476000000,169000000,111.47,116.3,3.2967,233323000000,55235000000,52061000000,117931000000,178088000000,65870000000,370680000000,110569000000,17.31,-166410000000,120.47,95.18
2025-12-28,XOM,6.88,326244991000.0,17.31,None,0.379,61.79,,None,12472000000,12472000000,,,,,,,,,5445000000,4784000000,None,213002000000,213002000000,42645000000,None,None,26937000000,None,None,10253000000,,3.96,0.0332,,,,-0.083,0.06,60727000000,70980000000,1.82,2009-09-30,16.42,0,101859000000.0,157678000000,59432000000,23302000000,7045000000,7045000000,None,27895000000,None,12585000000,None,None,7185000000,None,32064000000,36130000000,None,None,None,0.111,,96951000000,60727000000,5179000000,42645000000,None,33846000000,None,,,,,2.829,1.93,1.556,,,,,,,,0.0918,,132874000000,2025-10-31,quarterly,1.88,USD,pre-market,712000000,272879000000,0.0511,0.114,-0.051,75.02,14402000000,9603000000,2418000000,151000000,111.47,116.3,3.2967,229307000000,57324000000,52933000000,117202000000,171983000000,64269000000,370680000000,107265000000,17.31,-164679000000,120.47,95.18
2025-12-28,XOM,6.88,326244991000.0,17.31,None,0.379,61.79,,None,15576000000,15576000000,,,,,,,,,5260000000,4871000000,None,213002000000,213002000000,41895000000,None,None,26862000000,None,None,10253000000,,3.96,0.0332,,,,-0.083,0.06,60727000000,70980000000,1.82,2009-06-30,16.42,0,101859000000.0,157678000000,59432000000,23302000000,26862000000,26862000000,None,27895000000,None,12441000000,None,None,7117000000,None,30358000000,36130000000,None,None,None,0.111,,96951000000,60727000000,4464000000,41895000000,None,32897000000,None,,,,,2.829,1.93,1.556,,,,,,,,0.0918,,127861000000,2025-10-31,quarterly,1.88,USD,pre-market,712000000,270160000000,0.0511,0.114,-0.051,75.02,14402000000,9274000000,2157000000,153000000,111.47,116.3,3.2967,224661000000,59496000000,51614000000,113508000000,165165000000,61894000000,370680000000,106592000000,17.31,-160579000000,120.47,95.18
2025-12-28,XOM,6.88,326244991000.0,17.31,None,0.379,61.79,,None,24972000000,24972000000,,,,,,,,,5066000000,4959000000,None,213002000000,213002000000,38468000000,None,None,22942000000,None,None,10253000000,,3.96,0.0332,,,,-0.083,0.06,60727000000,70980000000,1.82,2009-03-31,16.42,None,101859000000.0,157678000000,59432000000,23302000000,22942000000,22942000000,None,27895000000,None,12717000000,None,None,7041000000,None,None,36130000000,None,None,None,0.111,,96951000000,60727000000,4019000000,38468000000,None,None,None,,,,,2.829,1.93,1.556,,,,,,,,0.0918,,122224000000,2025-10-31,quarterly,1.88,USD,pre-market,712000000,268249000000,0.0511,0.114,-0.051,75.02,14402000000,9204000000,2163000000,168000000,111.47,116.3,3.2967,222491000000,64818000000,49505000000,111113000000,157673000000,61608000000,370680000000,107003000000,17.31,-155412000000,120.47,95.18
2025-12-28,XOM,6.88,326244991000.0,17.31,None,0.379,61.79,,None,31437000000,31437000000,,,,,,,,,5314000000,4959000000,None,213002000000,213002000000,21190000000,None,None,24702000000,None,None,10253000000,,3.96,0.0332,,,,-0.083,0.06,60727000000,70980000000,1.82,2008-12-31,16.42,None,101859000000.0,157678000000,59432000000,23302000000,24702000000,24702000000,None,27895000000,None,11646000000,None,None,7025000000,None,None,36130000000,None,None,None,0.111,,96951000000,60727000000,3911000000,9587000000,None,None,None,,,,,2.829,1.93,1.556,,,,,,,,0.0918,,121346000000,2025-10-31,quarterly,1.88,USD,pre-market,712000000,265680000000,0.0511,0.114,-0.051,75.02,14402000000,9425000000,2400000000,570000000,111.47,116.3,3.2967,228052000000,72266000000,49100000000,110529000000,155786000000,61429000000,370680000000,112965000000,17.31,-148098000000,120.47,95.18
2025-12-28,XOM,6.88,326244991000.0,17.31,None,0.379,61.79,,None,36674000000,36674000000,,,,,,,,,5105000000,5185314685,None,213002000000,213002000000,49087000000,None,None,35251000000,None,None,10253000000,,3.96,0.0332,,,,-0.083,0.06,60727000000,70980000000,1.82,2008-09-30,16.42,None,101859000000.0,157678000000,59432000000,23302000000,None,None,None,27895000000,None,15940000000,None,None,7383000000,None,None,36130000000,None,None,None,0.111,,96951000000,60727000000,6396000000,15663000000,None,None,None,,,,,2.829,1.93,1.556,,,,,,,,0.0918,,123258000000,2025-10-31,quarterly,1.88,USD,pre-market,712000000,259878000000,0.0511,0.114,-0.051,75.02,14402000000,10264000000,2881000000,1760000000,111.47,116.3,3.2967,256218000000,96021000000,67631000000,130932000000,160197000000,63301000000,370680000000,125286000000,17.31,-139636000000,120.47,95.18
2025-12-28,XOM,6.88,326244991000.0,17.31,None,0.379,61.79,,None,38968000000,38968000000,,,,,,,,,4904000000,5261000000,None,213002000000,213002000000,60262000000,None,None,41820000000,None,None,10253000000,,3.96,0.0332,,,,-0.083,0.06,60727000000,70980000000,1.82,2008-06-30,16.42,None,101859000000.0,157678000000,59432000000,23302000000,None,None,None,27895000000,None,15861000000,None,None,7327000000,None,None,36130000000,None,None,None,0.111,,96951000000,60727000000,6601000000,14661000000,None,None,None,,,,,2.829,1.93,1.556,,,,,,,,0.0918,,124925000000,2025-10-31,quarterly,1.88,USD,pre-market,712000000,247111000000,0.0511,0.114,-0.051,75.02,14402000000,9637000000,2310000000,732000000,111.47,116.3,3.2967,266758000000,103982000000,77233000000,141932000000,162776000000,64699000000,370680000000,124826000000,17.31,-131036000000,120.47,95.18
2025-12-28,XOM,6.88,326244991000.0,17.31,None,0.379,61.79,,None,40913000000,40913000000,,,,,,,,,4745000000,5364532020,None,213002000000,213002000000,53613000000,None,None,36428000000,None,None,10253000000,,3.96,0.0332,,,,-0.083,0.06,60727000000,70980000000,1.82,2008-03-31,16.42,None,101859000000.0,157678000000,59432000000,23302000000,None,None,None,27895000000,None,15378000000,None,None,7235000000,None,None,36130000000,None,None,None,0.111,,96951000000,60727000000,4559000000,14599000000,None,None,None,,,,,2.829,1.93,1.556,,,,,,,,0.0918,,122935000000,2025-10-31,quarterly,1.88,USD,pre-market,712000000,237529000000,0.0511,0.114,-0.051,75.02,14402000000,10006000000,2771000000,480000000,111.47,116.3,3.2967,258202000000,97758000000,70983000000,135063000000,160444000000,64080000000,370680000000,123139000000,17.31,-122639000000,120.47,95.18
2025-12-28,XOM,6.88,326244991000.0,17.31,None,0.379,61.79,,None,33981000000,33981000000,,,,,,,,,4933000000,5364532020,None,213002000000,213002000000,29239000000,None,None,36450000000,None,None,10253000000,,3.96,0.0332,,,,-0.083,0.06,60727000000,70980000000,1.82,2007-12-31,16.42,None,101859000000.0,157678000000,59432000000,23302000000,7056000000,7056000000,None,27895000000,None,11089000000,None,None,7183000000,None,None,36130000000,None,None,None,0.111,,96951000000,60727000000,3924000000,9551000000,None,None,None,,,,,2.829,1.93,1.556,,,,,,,,0.0918,,120869000000,2025-10-31,quarterly,1.88,USD,pre-market,712000000,228518000000,0.0511,0.114,-0.051,75.02,14402000000,9566000000,2383000000,519000000,111.47,116.3,3.2967,242082000000,85963000000,58312000000,116038000000,156119000000,57726000000,370680000000,121762000000,17.31,-113678000000,120.47,95.18
2025-12-28,XOM,6.88,326244991000.0,17.31,None,0.379,61.79,,None,31423000000,31423000000,,,,,,,,,4988000000,5535294118,None,213002000000,213002000000,43525000000,None,None,31832000000,None,None,10253000000,,3.96,0.0332,,,,-0.083,0.06,60727000000,70980000000,1.82,2007-09-30,16.42,None,101859000000.0,157678000000,59432000000,23302000000,None,None,None,27895000000,None,13019000000,None,None,6896000000,None,None,36130000000,None,None,None,0.111,,96951000000,60727000000,8783000000,10300000000,None,None,None,,,,,2.829,1.93,1.556,,,,,,,,0.0918,,119102000000,2025-10-31,quarterly,1.88,USD,pre-market,712000000,218761000000,0.0511,0.114,-0.051,75.02,14402000000,8991000000,2095000000,190000000,111.47,116.3,3.2967,236661000000,85247000000,55920000000,118058000000,151414000000,62138000000,370680000000,118603000000,17.31,-105995000000,120.47,95.18
2025-12-28,XOM,6.88,326244991000.0,17.31,None,0.379,61.79,,None,28959000000,28959000000,,,,,,,,,4795000000,5606557377,None,213002000000,213002000000,41247000000,None,None,30315000000,None,None,10253000000,,3.96,0.0332,,,,-0.083,0.06,60727000000,70980000000,1.82,2007-06-30,16.42,None,101859000000.0,157678000000,59432000000,23302000000,None,None,None,27895000000,None,12895000000,None,None,6757000000,None,None,36130000000,None,None,None,0.111,,96951000000,60727000000,8551000000,8636000000,None,None,None,,,,,2.829,1.93,1.556,,,,,,,,0.0918,,116058000000,2025-10-31,quarterly,1.88,USD,pre-market,712000000,211283000000,0.0511,0.114,-0.051,75.02,14402000000,8790000000,2033000000,4604000000,111.47,116.3,3.2967,228315000000,80720000000,51916000000,111965000000,147595000000,60049000000,370680000000,116350000000,17.31,-98454000000,120.47,95.18
2025-12-28,XOM,6.88,326244991000.0,17.31,None,0.379,61.79,,None,29994000000,29994000000,,,,,,,,,4530000000,5728395062,None,213002000000,213002000000,38923000000,None,None,27582000000,None,None,10253000000,,3.96,0.0332,,,,-0.083,0.06,60727000000,70980000000,1.82,2007-03-31,16.42,None,101859000000.0,157678000000,59432000000,23302000000,None,None,None,27895000000,None,12605000000,None,None,6758000000,None,None,36130000000,None,None,None,0.111,,96951000000,60727000000,7884000000,9661000000,None,None,None,,,,,2.829,1.93,1.556,,,,,,,,0.0918,,114201000000,2025-10-31,quarterly,1.88,USD,pre-market,712000000,202984000000,0.0511,0.114,-0.051,75.02,14402000000,8764000000,2006000000,4604000000,111.47,116.3,3.2967,223299000000,78065000000,50590000000,109189000000,145234000000,58599000000,370680000000,114110000000,17.31,-90858000000,120.47,95.18
2025-12-28,XOM,6.88,326244991000.0,17.31,None,0.379,61.79,,None,28244000000,28244000000,,,,,,,,,4786000000,5728395062,None,213002000000,213002000000,25084000000,None,None,28942000000,None,None,10253000000,,3.96,0.0332,,,,-0.083,0.06,60727000000,70980000000,1.82,2006-12-31,16.42,None,101859000000.0,157678000000,59432000000,23302000000,6314000000,6314000000,None,27895000000,None,10714000000,None,None,6645000000,None,None,36130000000,None,None,None,0.111,,96951000000,60727000000,7877000000,13998000000,None,None,None,,,,,2.829,1.93,1.556,,,,,,,,0.0918,,113687000000,2025-10-31,quarterly,1.88,USD,pre-market,712000000,195207000000,0.0511,0.114,-0.051,75.02,14402000000,8347000000,1702000000,4604000000,111.47,116.3,3.2967,219015000000,75777000000,48817000000,105171000000,143238000000,56354000000,370680000000,113844000000,17.31,-83387000000,120.47,95.18
2025-12-28,XOM,6.88,326244991000.0,17.31,None,0.379,61.79,,None,32734000000,32734000000,,,,,,,,,4665000000,5926553672,None,213002000000,213002000000,40225000000,None,None,28390000000,None,None,10253000000,,3.96,0.0332,,,,-0.083,0.06,60727000000,70980000000,1.82,2006-09-30,16.42,None,101859000000.0,157678000000,59432000000,23302000000,None,None,None,27895000000,None,12528000000,None,None,6464000000,None,None,36130000000,None,None,None,0.111,,96951000000,60727000000,8101000000,12454000000,None,None,None,,,,,2.829,1.93,1.556,,,,,,,,0.0918,,111722000000,2025-10-31,quarterly,1.88,USD,pre-market,712000000,186810000000,0.0511,0.114,-0.051,75.02,14402000000,8589000000,2125000000,None,111.47,116.3,3.2967,223947000000,81753000000,54804000000,107354000000,142194000000,52550000000,370680000000,116593000000,17.31,-75430000000,120.47,95.18
2025-12-28,XOM,6.88,326244991000.0,17.31,None,0.379,61.79,,None,32113000000,32113000000,,,,,,,,,4499000000,6023255814,None,213002000000,213002000000,39302000000,None,None,28607000000,None,None,10253000000,,3.96,0.0332,,,,-0.083,0.06,60727000000,70980000000,1.82,2006-06-30,16.42,None,101859000000.0,157678000000,59432000000,23302000000,None,None,None,27895000000,None,11829000000,None,None,6393000000,None,None,36130000000,None,None,None,0.111,,96951000000,60727000000,8109000000,10288000000,None,None,None,,,,,2.829,1.93,1.556,,,,,,,,0.0918,,111110000000,2025-10-31,quarterly,1.88,USD,pre-market,712000000,178212000000,0.0511,0.114,-0.051,75.02,14402000000,8357000000,1964000000,None,111.47,116.3,3.2967,221010000000,80658000000,51554000000,105246000000,140352000000,53692000000,370680000000,115764000000,17.31,-67460000000,120.47,95.18
2025-12-28,XOM,6.88,326244991000.0,17.31,None,0.379,61.79,,None,31945000000,31945000000,,,,,,,,,4397000000,6131386861,None,213002000000,213002000000,39019000000,None,None,26962000000,None,None,10253000000,,3.96,0.0332,,,,-0.083,0.06,60727000000,70980000000,1.82,2006-03-31,16.42,None,101859000000.0,157678000000,59432000000,23302000000,None,None,None,27895000000,None,11584000000,None,None,6255000000,None,None,36130000000,None,None,None,0.111,,96951000000,60727000000,7983000000,10676000000,None,None,None,,,,,2.829,1.93,1.556,,,,,,,,0.0918,,108397000000,2025-10-31,quarterly,1.88,USD,pre-market,712000000,169778000000,0.0511,0.114,-0.051,75.02,14402000000,7994000000,1739000000,None,111.47,116.3,3.2967,216002000000,78474000000,51434000000,103539000000,137528000000,52105000000,370680000000,112463000000,17.31,-60830000000,120.47,95.18
2025-12-28,XOM,6.88,326244991000.0,17.31,None,0.379,61.79,,None,28671000000,28671000000,,,,,,,,,5743000000,6131386861,None,213002000000,213002000000,36120000000,None,None,27484000000,None,None,10253000000,,3.96,0.0332,,,,-0.083,0.06,60727000000,70980000000,1.82,2005-12-31,16.42,None,101859000000.0,157678000000,59432000000,23302000000,7391000000,7391000000,None,27895000000,None,9321000000,None,None,6220000000,None,None,36130000000,None,None,None,0.111,,96951000000,60727000000,7866000000,8416000000,None,None,None,,,,,2.829,1.93,1.556,,,,,,,,0.0918,,107010000000,2025-10-31,quarterly,1.88,USD,pre-market,712000000,163335000000,0.0511,0.114,-0.051,75.02,14402000000,7991000000,1771000000,4604000000,111.47,116.3,3.2967,208335000000,73342000000,46307000000,97149000000,134993000000,50842000000,370680000000,111186000000,17.31,-55347000000,120.47,95.18
2025-12-28,XOM,6.88,326244991000.0,17.31,None,0.379,61.79,,None,29240000000,29240000000,,,,,,,,,5176000000,6278481013,None,213002000000,213002000000,39055000000,None,None,26193000000,None,None,10253000000,,3.96,0.0332,,,,-0.083,0.06,60727000000,70980000000,1.82,2005-09-30,16.42,None,101859000000.0,157678000000,59432000000,23302000000,None,None,None,27895000000,None,10976000000,None,None,6126000000,None,None,36130000000,None,None,None,0.111,,96951000000,60727000000,8321000000,997000000,None,None,None,,,,,2.829,1.93,1.556,,,,,,,,0.0918,,107094000000,2025-10-31,quarterly,1.88,USD,pre-market,712000000,154420000000,0.0511,0.114,-0.051,75.02,14402000000,8457000000,2331000000,1952000000,111.47,116.3,3.2967,209721000000,74730000000,50875000000,101831000000,134991000000,50956000000,370680000000,107890000000,17.31,-50078000000,120.47,95.18
2025-12-28,XOM,6.88,326244991000.0,17.31,None,0.379,61.79,,3951000000,23029000000,23029000000,,,,,,,,,46238000000,4298000000,None,213002000000,213002000000,36145000000,None,4955000000,43681000000,None,None,10253000000,,3.96,0.0332,,,,-0.083,0.06,60727000000,70980000000,1.82,2024-12-31,16.42,None,101859000000.0,157678000000,59432000000,23302000000,19967000000,19967000000,None,27895000000,None,23524000000,None,None,32804000000,None,34353000000,36130000000,None,None,None,0.111,,96951000000,60727000000,1756000000,29207000000,None,25719000000,None,,,,,2.829,1.93,1.556,,,,,,,,0.0918,,301441000000,2025-10-31,annual,1.88,USD,pre-market,712000000,470903000000,0.0511,0.114,-0.051,75.02,14402000000,41710000000,4955000000,None,111.47,116.3,3.2967,453475000000,91990000000,70307000000,182869000000,361485000000,112562000000,370680000000,263705000000,17.31,None,120.47,95.18
2025-12-28,XOM,6.88,326244991000.0,17.31,None,0.379,61.79,,3838000000,31539000000,31539000000,,,,,,,,,17781000000,4052000000,None,213002000000,213002000000,31249000000,None,4090000000,38015000000,None,None,10253000000,,3.96,0.0332,,,,-0.083,0.06,60727000000,70980000000,1.82,2023-12-31,16.42,None,101859000000.0,157678000000,59432000000,23302000000,None,None,None,27895000000,None,25120000000,None,None,33645000000,None,34257000000,36130000000,None,None,None,0.111,,96951000000,60727000000,1935000000,26788000000,None,24228000000,None,,,,,2.829,1.93,1.556,,,,,,,,0.0918,,221789000000,2025-10-31,annual,1.88,USD,pre-market,712000000,453927000000,0.0511,0.114,-0.051,75.02,14402000000,41573000000,4090000000,-29000000,111.47,116.3,3.2967,376317000000,96609000000,65316000000,163779000000,279708000000,98463000000,370680000000,204802000000,17.31,None,120.47,95.18
2025-12-28,XOM,6.88,326244991000.0,17.31,None,0.379,61.79,,3299000000,29640000000,29640000000,,,,,,,,,15752000000,4205000000,None,213002000000,213002000000,33169000000,None,634000000,41749000000,None,None,10253000000,,3.96,0.0332,,,,-0.083,0.06,60727000000,70980000000,1.82,2022-12-31,16.42,None,101859000000.0,157678000000,59432000000,23302000000,16951000000,16951000000,None,27895000000,None,24435000000,None,None,40559000000,None,49793000000,36130000000,None,None,None,0.111,,96951000000,60727000000,1807000000,30028000000,None,34116000000,None,,,,,2.829,1.93,1.556,,,,,,,,0.0918,,204692000000,2025-10-31,annual,1.88,USD,pre-market,712000000,432860000000,0.0511,0.114,-0.051,75.02,14402000000,41193000000,634000000,-14993000000,111.47,116.3,3.2967,369067000000,97631000000,69045000000,166594000000,271436000000,97549000000,370680000000,195049000000,17.31,None,120.47,95.18
2025-12-28,XOM,6.88,326244991000.0,17.31,None,0.379,61.79,,1761000000,6802000000,6802000000,,,,,,,,,15746000000,4275000000,None,213002000000,213002000000,26623000000,None,4276000000,32383000000,None,None,10253000000,,3.96,0.0332,,,,-0.083,0.06,60727000000,70980000000,1.82,2021-12-31,16.42,None,101859000000.0,157678000000,59432000000,23302000000,18022000000,18022000000,None,27895000000,None,18780000000,None,None,41667000000,None,45195000000,36130000000,None,None,None,0.111,,96951000000,60727000000,1189000000,20247000000,None,43004000000,None,,,,,2.829,1.93,1.556,,,,,,,,0.0918,,216552000000,2025-10-31,annual,1.88,USD,pre-market,712000000,392059000000,0.0511,0.114,-0.051,75.02,14402000000,47704000000,4276000000,None,111.47,116.3,3.2967,338923000000,59154000000,56643000000,163240000000,279769000000,106597000000,370680000000,168577000000,17.31,-225464000000,120.47,95.18
2025-12-28,XOM,6.88,326244991000.0,17.31,None,0.379,61.79,,1680000000,4364000000,4364000000,,,,,,,,,15688000000,4271000000,None,213002000000,213002000000,17499000000,None,20458000000,20581000000,None,None,10253000000,,3.96,0.0332,,,,-0.083,0.06,60727000000,70980000000,1.82,2020-12-31,16.42,None,101859000000.0,157678000000,59432000000,23302000000,16789000000,16789000000,None,27895000000,None,18850000000,None,None,45502000000,None,43515000000,36130000000,None,None,None,0.111,,96951000000,60727000000,1098000000,14314000000,None,46910000000,None,,,,,2.829,1.93,1.556,,,,,,,,0.0918,,227553000000,2025-10-31,annual,1.88,USD,pre-market,712000000,383943000000,0.0511,0.114,-0.051,75.02,14402000000,67640000000,20458000000,43515000000,111.47,116.3,3.2967,332750000000,44893000000,56363000000,168620000000,287857000000,112257000000,370680000000,157150000000,17.31,-225776000000,120.47,95.18
2025-12-28,XOM,6.88,326244991000.0,17.31,None,0.379,61.79,,1670000000,3089000000,3089000000,,,,,,,,,15637000000,4270000000,None,213002000000,213002000000,24694000000,None,20578000000,26966000000,None,None,10253000000,,3.96,0.0332,,,,-0.083,0.06,60727000000,70980000000,1.82,2019-12-31,16.42,None,101859000000.0,157678000000,59432000000,23302000000,16363000000,16363000000,None,27895000000,None,18528000000,None,None,24672000000,None,43164000000,36130000000,None,None,None,0.111,,96951000000,60727000000,1469000000,13836000000,None,47708000000,None,,,,,2.829,1.93,1.556,,,,,,,,0.0918,,253018000000,2025-10-31,annual,1.88,USD,pre-market,712000000,421341000000,0.0511,0.114,-0.051,75.02,14402000000,46920000000,20578000000,None,111.47,116.3,3.2967,362597000000,50052000000,63989000000,163659000000,312545000000,99670000000,370680000000,191650000000,17.31,-225835000000,120.47,95.18
2025-12-28,XOM,6.88,326244991000.0,17.31,None,0.379,61.79,,1303000000,3042000000,3042000000,,,,,,,,,15258000000,4237000000,None,213002000000,213002000000,21063000000,None,17258000000,24701000000,None,None,10253000000,,3.96,0.0332,,,,-0.083,0.06,60727000000,70980000000,1.82,2018-12-31,16.42,None,101859000000.0,157678000000,59432000000,23302000000,10332000000,10332000000,None,27895000000,None,18958000000,None,None,19235000000,None,40790000000,36130000000,None,None,None,0.111,,96951000000,60727000000,1272000000,12925000000,None,18094000000,None,,,,,2.829,1.93,1.556,,,,,,,,0.0918,,247101000000,2025-10-31,annual,1.88,USD,pre-market,712000000,421653000000,0.0511,0.114,-0.051,75.02,14402000000,37796000000,17258000000,None,111.47,116.3,3.2967,346196000000,47973000000,57138000000,147668000000,298223000000,90530000000,370680000000,191794000000,17.31,-225553000000,120.47,95.18
2025-12-28,XOM,6.88,326244991000.0,17.31,None,0.379,61.79,,1327000000,3177000000,3177000000,,,,,,,,,14656000000,4256000000,None,213002000000,213002000000,21701000000,None,17930000000,25597000000,None,None,10253000000,,3.96,0.0332,,,,-0.083,0.06,60727000000,70980000000,1.82,2017-12-31,16.42,0,101859000000.0,157678000000,59432000000,23302000000,9767000000,9767000000,None,27895000000,None,16992000000,None,None,23079000000,None,39160000000,36130000000,None,None,None,0.111,,96951000000,60727000000,1368000000,11784000000,None,19215000000,None,,,,,2.829,1.93,1.556,,,,,,,,0.0918,,252630000000,2025-10-31,annual,1.88,USD,pre-market,712000000,414540000000,0.0511,0.114,-0.051,75.02,14402000000,42336000000,17930000000,0,111.47,116.3,3.2967,348691000000,47134000000,57771000000,154191000000,301557000000,96420000000,370680000000,187688000000,17.31,-225246000000,120.47,95.18
2025-12-28,XOM,6.88,326244991000.0,17.31,None,0.379,61.79,,1225000000,3657000000,3657000000,,,,,,,,,12157000000,4170212766,None,213002000000,213002000000,17801000000,None,13830000000,21394000000,None,None,10253000000,,3.96,0.0332,,,,-0.083,0.06,60727000000,70980000000,1.82,2016-12-31,16.42,0,101859000000.0,157678000000,59432000000,23302000000,9572000000,9572000000,None,27895000000,None,15080000000,None,None,27707000000,None,35102000000,36130000000,None,None,None,0.111,,96951000000,60727000000,1285000000,10739000000,None,20069000000,None,,,,,2.829,1.93,1.556,,,,,,,,0.0918,,244224000000,2025-10-31,annual,1.88,USD,pre-market,712000000,407831000000,0.0511,0.114,-0.051,75.02,14402000000,42762000000,13830000000,0,111.47,116.3,3.2967,330314000000,41416000000,47638000000,156484000000,288898000000,108846000000,370680000000,167325000000,17.31,-230424000000,120.47,95.18
2025-12-28,XOM,6.88,326244991000.0,17.31,None,0.379,61.79,,None,3705000000,3705000000,,,,,,,,,11612000000,4194805195,None,213002000000,213002000000,18074000000,None,558000000,19875000000,None,None,10253000000,,3.96,0.0332,,,,-0.083,0.06,60727000000,70980000000,1.82,2015-12-31,16.42,0,101859000000.0,157678000000,59432000000,23302000000,8285000000,8285000000,None,27895000000,None,16245000000,None,None,18687000000,None,34245000000,36130000000,None,None,None,0.111,,96951000000,60727000000,2798000000,11401000000,None,49229000000,None,,,,,2.829,1.93,1.556,,,,,,,,0.0918,,251605000000,2025-10-31,annual,1.88,USD,pre-market,712000000,412444000000,0.0511,0.114,-0.051,75.02,14402000000,38687000000,18762000000,0,111.47,116.3,3.2967,336758000000,42623000000,53976000000,159948000000,294135000000,105972000000,370680000000,170811000000,17.31,-229734000000,120.47,95.18
2025-12-28,XOM,6.88,326244991000.0,17.31,None,0.379,61.79,,None,4616000000,4616000000,,,,,,,,,10792000000,4278947368,None,213002000000,213002000000,25286000000,None,770000000,28009000000,None,None,10253000000,,3.96,0.0332,,,,-0.083,0.06,60727000000,70980000000,1.82,2014-12-31,16.42,0,101859000000.0,157678000000,59432000000,23302000000,8676000000,8676000000,None,27895000000,None,16678000000,None,None,11653000000,None,35239000000,36130000000,None,None,None,0.111,,96951000000,60727000000,3607000000,13651000000,None,52913000000,None,,,,,2.829,1.93,1.556,,,,,,,,0.0918,,252668000000,2025-10-31,annual,1.88,USD,pre-market,712000000,408384000000,0.0511,0.114,-0.051,75.02,14402000000,29121000000,17468000000,42000000,111.47,116.3,3.2967,349493000000,52910000000,64633000000,168429000000,296583000000,103796000000,370680000000,174399000000,17.31,-225820000000,120.47,95.18
2025-12-28,XOM,6.88,326244991000.0,17.31,None,0.379,61.79,,None,4644000000,4644000000,,,,,,,,,10077000000,4420624152,None,213002000000,213002000000,30920000000,None,None,33152000000,None,None,10253000000,,3.96,0.0332,,,,-0.083,0.06,60727000000,70980000000,1.82,2013-12-31,16.42,0,101859000000.0,157678000000,59432000000,23302000000,7522000000,7522000000,None,27895000000,None,16135000000,None,None,6891000000,None,36328000000,36130000000,None,None,None,0.111,,96951000000,60727000000,5377000000,13282000000,None,47168000000,None,,,,,2.829,1.93,1.556,,,,,,,,0.0918,,243650000000,2025-10-31,annual,1.88,USD,pre-market,712000000,387432000000,0.0511,0.114,-0.051,75.02,14402000000,22699000000,15808000000,269000000,111.47,116.3,3.2967,346808000000,59308000000,71724000000,166313000000,287500000000,94589000000,370680000000,174003000000,17.31,-212781000000,120.47,95.18
2025-12-28,XOM,6.88,326244991000.0,17.31,None,0.379,61.79,,None,9582000000,9582000000,,,,,,,,,9653000000,4628000000,None,213002000000,213002000000,33789000000,None,None,34987000000,None,None,10253000000,,3.96,0.0332,,,,-0.083,0.06,60727000000,70980000000,1.82,2012-12-31,16.42,0,101859000000.0,157678000000,59432000000,23302000000,7668000000,7668000000,None,27895000000,None,14542000000,None,None,7928000000,None,34718000000,36130000000,None,None,None,0.111,,96951000000,60727000000,5349000000,16939000000,None,52498000000,None,,,,,2.829,1.93,1.556,,,,,,,,0.0918,,226949000000,2025-10-31,annual,1.88,USD,pre-market,712000000,365727000000,0.0511,0.114,-0.051,75.02,14402000000,11581000000,3653000000,341000000,111.47,116.3,3.2967,333795000000,64460000000,64139000000,162135000000,269335000000,97996000000,370680000000,165863000000,17.31,-197333000000,120.47,95.18
2025-12-28,XOM,6.88,326244991000.0,17.31,None,0.379,61.79,,None,12664000000,12664000000,,,,,,,,,9512000000,4875000000,None,213002000000,213002000000,33969000000,None,None,38642000000,None,None,10253000000,,3.96,0.0332,,,,-0.083,0.06,60727000000,70980000000,1.82,2011-12-31,16.42,0,101859000000.0,157678000000,59432000000,23302000000,9092000000,9092000000,None,27895000000,None,15024000000,None,None,9322000000,None,34333000000,36130000000,None,None,None,0.111,,96951000000,60727000000,6633000000,15975000000,None,46863000000,None,,,,,2.829,1.93,1.556,,,,,,,,0.0918,,214664000000,2025-10-31,annual,1.88,USD,pre-market,712000000,330939000000,0.0511,0.114,-0.051,75.02,14402000000,17033000000,7711000000,404000000,111.47,116.3,3.2967,331052000000,72963000000,77505000000,170308000000,258089000000,92803000000,370680000000,154396000000,17.31,-176932000000,120.47,95.18
2025-12-28,XOM,6.88,326244991000.0,17.31,None,0.379,61.79,,None,7825000000,7825000000,,,,,,,,,9371000000,4897000000,None,213002000000,213002000000,30780000000,None,None,32284000000,None,None,10253000000,,3.96,0.0332,,,,-0.083,0.06,60727000000,70980000000,1.82,2010-12-31,16.42,0,101859000000.0,157678000000,59432000000,23302000000,8640000000,8640000000,None,27895000000,None,12976000000,None,None,12227000000,None,35338000000,36130000000,None,None,None,0.111,,96951000000,60727000000,5899000000,12476000000,None,39821000000,None,,,,,2.829,1.93,1.556,,,,,,,,0.0918,,199548000000,2025-10-31,annual,1.88,USD,pre-market,712000000,298899000000,0.0511,0.114,-0.051,75.02,14402000000,15014000000,2255000000,2000000,111.47,116.3,3.2967,302510000000,58984000000,62633000000,149831000000,243526000000,87198000000,370680000000,146839000000,17.31,-156608000000,120.47,95.18
2025-12-28,XOM,6.88,326244991000.0,17.31,None,0.379,61.79,,None,10693000000,10693000000,,,,,,,,,5503000000,4844221106,None,213002000000,213002000000,24236000000,None,None,27645000000,None,None,10253000000,,3.96,0.0332,,,,-0.083,0.06,60727000000,70980000000,1.82,2009-12-31,16.42,0,101859000000.0,157678000000,59432000000,23302000000,27645000000,27645000000,None,27895000000,None,11553000000,None,None,7129000000,None,None,36130000000,None,None,None,0.111,,96951000000,60727000000,5175000000,11118000000,None,None,None,,,,,2.829,1.93,1.556,,,,,,,,0.0918,,139116000000,2025-10-31,annual,1.88,USD,pre-market,712000000,276937000000,0.0511,0.114,-0.051,75.02,14402000000,9605000000,2476000000,169000000,111.47,116.3,3.2967,233323000000,55235000000,52061000000,117931000000,178088000000,65870000000,370680000000,110569000000,17.31,-166410000000,120.47,95.18
2025-12-28,XOM,6.88,326244991000.0,17.31,None,0.379,61.79,,None,31437000000,31437000000,,,,,,,,,5314000000,5203682394,None,213002000000,213002000000,21190000000,None,None,24702000000,None,None,10253000000,,3.96,0.0332,,,,-0.083,0.06,60727000000,70980000000,1.82,2008-12-31,16.42,None,101859000000.0,157678000000,59432000000,23302000000,24702000000,24702000000,None,27895000000,None,11646000000,None,None,7025000000,None,None,36130000000,None,None,None,0.111,,96951000000,60727000000,3911000000,9587000000,None,None,None,,,,,2.829,1.93,1.556,,,,,,,,0.0918,,121346000000,2025-10-31,annual,1.88,USD,pre-market,712000000,265680000000,0.0511,0.114,-0.051,75.02,14402000000,9425000000,2400000000,570000000,111.47,116.3,3.2967,228052000000,72266000000,49100000000,110529000000,155786000000,61429000000,370680000000,112965000000,17.31,-148098000000,120.47,95.18
2025-12-28,XOM,6.88,326244991000.0,17.31,None,0.379,61.79,,None,33981000000,33981000000,,,,,,,,,4933000000,5578296703,None,213002000000,213002000000,29239000000,None,None,36450000000,None,None,10253000000,,3.96,0.0332,,,,-0.083,0.06,60727000000,70980000000,1.82,2007-12-31,16.42,None,101859000000.0,157678000000,59432000000,23302000000,7056000000,7056000000,None,27895000000,None,11089000000,None,None,7183000000,None,None,36130000000,None,None,None,0.111,,96951000000,60727000000,3924000000,9551000000,None,None,None,,,,,2.829,1.93,1.556,,,,,,,,0.0918,,120869000000,2025-10-31,annual,1.88,USD,pre-market,712000000,228518000000,0.0511,0.114,-0.051,75.02,14402000000,9566000000,2383000000,519000000,111.47,116.3,3.2967,242082000000,85963000000,58312000000,116038000000,156119000000,57726000000,370680000000,121762000000,17.31,-113678000000,120.47,95.18
2025-12-28,XOM,6.88,326244991000.0,17.31,None,0.379,61.79,,None,28244000000,28244000000,,,,,,,,,4786000000,5966767372,None,213002000000,213002000000,25084000000,None,None,28942000000,None,None,10253000000,,3.96,0.0332,,,,-0.083,0.06,60727000000,70980000000,1.82,2006-12-31,16.42,None,101859000000.0,157678000000,59432000000,23302000000,6314000000,6314000000,None,27895000000,None,10714000000,None,None,6645000000,None,None,36130000000,None,None,None,0.111,,96951000000,60727000000,7877000000,13998000000,None,None,None,,,,,2.829,1.93,1.556,,,,,,,,0.0918,,113687000000,2025-10-31,annual,1.88,USD,pre-market,712000000,195207000000,0.0511,0.114,-0.051,75.02,14402000000,8347000000,1702000000,4604000000,111.47,116.3,3.2967,219015000000,75777000000,48817000000,105171000000,143238000000,56354000000,370680000000,113844000000,17.31,-83387000000,120.47,95.18
2025-12-28,XOM,6.88,326244991000.0,17.31,None,0.379,61.79,,None,28671000000,28671000000,,,,,,,,,5743000000,6327495622,None,213002000000,213002000000,31349000000,None,None,27484000000,None,None,10253000000,,3.96,0.0332,,,,-0.083,0.06,60727000000,70980000000,1.82,2005-12-31,16.42,None,101859000000.0,157678000000,59432000000,23302000000,7391000000,7391000000,None,27895000000,None,9321000000,None,None,6220000000,None,None,36130000000,None,None,None,0.111,,96951000000,60727000000,7866000000,4771000000,None,None,None,,,,,2.829,1.93,1.556,,,,,,,,0.0918,,107010000000,2025-10-31,annual,1.88,USD,pre-market,712000000,163335000000,0.0511,0.114,-0.051,75.02,14402000000,7991000000,1771000000,4604000000,111.47,116.3,3.2967,208335000000,73342000000,46307000000,97149000000,134993000000,50842000000,370680000000,111186000000,17.31,-55347000000,120.47,95.18
2025-12-28,XOM,6.88,326244991000.0,17.31,None,0.379,61.79,8727000000,None,28671000000,28671000000,-7753000000,-8809000000,None,None,None,None,None,None,5743000000,6327495622,None,213002000000,213002000000,31349000000,None,None,27484000000,None,None,10253000000,-10599000000,3.96,0.0332,4242000000,4242000000,None,-0.083,0.06,60727000000,70980000000,1.82,2025-09-30,16.42,None,101859000000.0,157678000000,59432000000,23302000000,7391000000,7391000000,None,27895000000,None,9321000000,None,None,6220000000,None,None,5349000000,None,None,None,0.111,14788000000,96951000000,60727000000,7866000000,4771000000,None,None,None,None,None,None,None,2.829,1.93,1.556,None,None,None,None,None,-5126000000,None,0.0918,None,107010000000,2025-10-31,quarterly,1.88,USD,pre-market,712000000,163335000000,0.0511,0.114,-0.051,75.02,14402000000,7991000000,1771000000,4604000000,111.47,116.3,3.2967,208335000000,73342000000,46307000000,97149000000,134993000000,50842000000,370680000000,111186000000,17.31,-55347000000,120.47,95.18
2025-12-28,XOM,6.88,326244991000.0,17.31,None,0.379,61.79,6283000000,None,28671000000,28671000000,-8685000000,-6180000000,None,None,None,None,None,None,5743000000,6327495622,None,213002000000,213002000000,31349000000,None,None,27484000000,None,None,10253000000,6101000000,3.96,0.0332,4288000000,4288000000,None,-0.083,0.06,60727000000,70980000000,1.82,2025-06-30,16.42,None,101859000000.0,157678000000,59432000000,23302000000,7391000000,7391000000,None,27895000000,None,9321000000,None,None,6220000000,None,None,7354000000,None,None,None,0.111,11550000000,96951000000,60727000000,7866000000,4771000000,None,None,None,None,None,None,None,2.829,1.93,1.556,None,None,None,None,None,-4964000000,None,0.0918,None,107010000000,2025-10-31,quarterly,1.88,USD,pre-market,712000000,163335000000,0.0511,0.114,-0.051,75.02,14402000000,7991000000,1771000000,4604000000,111.47,116.3,3.2967,208335000000,73342000000,46307000000,97149000000,134993000000,50842000000,370680000000,111186000000,17.31,-55347000000,120.47,95.18
2025-12-28,XOM,6.88,326244991000.0,17.31,None,0.379,61.79,5898000000,None,28671000000,28671000000,-13579000000,-4135000000,None,None,None,None,None,None,5743000000,6327495622,None,213002000000,213002000000,31349000000,None,None,27484000000,None,None,10253000000,5702000000,3.96,0.0332,4335000000,4335000000,None,-0.083,0.06,60727000000,70980000000,1.82,2025-03-31,16.42,None,101859000000.0,157678000000,59432000000,23302000000,7391000000,7391000000,None,27895000000,None,9321000000,None,None,6220000000,None,None,8033000000,None,None,None,0.111,12953000000,96951000000,60727000000,7866000000,4771000000,None,None,None,None,None,None,None,2.829,1.93,1.556,None,None,None,None,None,-4804000000,None,0.0918,None,107010000000,2025-10-31,quarterly,1.88,USD,pre-market,712000000,163335000000,0.0511,0.114,-0.051,75.02,14402000000,7991000000,1771000000,4604000000,111.47,116.3,3.2967,208335000000,73342000000,46307000000,97149000000,134993000000,50842000000,370680000000,111186000000,17.31,-55347000000,120.47,95.18
2025-12-28,XOM,6.88,326244991000.0,17.31,None,0.379,61.79,6837000000,None,28671000000,28671000000,-11143000000,-4252000000,None,None,None,None,None,None,5743000000,6327495622,None,213002000000,213002000000,31349000000,None,None,27484000000,None,None,10253000000,6585000000,3.96,0.0332,4371000000,4371000000,None,-0.083,0.06,60727000000,70980000000,1.82,2024-12-31,16.42,None,101859000000.0,157678000000,59432000000,23302000000,7391000000,7391000000,None,27895000000,None,9321000000,None,None,6220000000,None,None,7610000000,None,None,None,0.111,12229000000,96951000000,60727000000,7866000000,4771000000,None,None,None,None,None,None,None,2.829,1.93,1.556,None,None,None,None,None,-5780000000,None,0.0918,None,107010000000,2025-10-31,quarterly,1.88,USD,pre-market,712000000,163335000000,0.0511,0.114,-0.051,75.02,14402000000,7991000000,1771000000,4604000000,111.47,116.3,3.2967,208335000000,73342000000,46307000000,97149000000,134993000000,50842000000,370680000000,111186000000,17.31,-55347000000,120.47,95.18
2025-12-28,XOM,6.88,326244991000.0,17.31,None,0.379,61.79,6160000000,None,28671000000,28671000000,-11106000000,-6240000000,None,None,None,None,None,None,5743000000,6327495622,None,213002000000,213002000000,31349000000,None,None,27484000000,None,None,10253000000,6258000000,3.96,0.0332,4240000000,4240000000,None,-0.083,0.06,60727000000,70980000000,1.82,2024-09-30,16.42,None,101859000000.0,157678000000,59432000000,23302000000,7391000000,7391000000,None,27895000000,None,9321000000,None,None,6220000000,None,None,8610000000,None,None,None,0.111,17569000000,96951000000,60727000000,7866000000,4771000000,None,None,None,None,None,None,None,2.829,1.93,1.556,None,None,None,None,None,-5512000000,None,0.0918,None,107010000000,2025-10-31,quarterly,1.88,USD,pre-market,712000000,163335000000,0.0511,0.114,-0.051,75.02,14402000000,7991000000,1771000000,4604000000,111.47,116.3,3.2967,208335000000,73342000000,46307000000,97149000000,134993000000,50842000000,370680000000,111186000000,17.31,-55347000000,120.47,95.18
2025-12-28,XOM,6.88,326244991000.0,17.31,None,0.379,61.79,6235000000,None,28671000000,28671000000,-12568000000,-4859000000,None,None,None,None,None,None,5743000000,6327495622,None,213002000000,213002000000,31349000000,None,None,27484000000,None,None,10253000000,5787000000,3.96,0.0332,4285000000,4285000000,None,-0.083,0.06,60727000000,70980000000,1.82,2024-06-30,16.42,None,101859000000.0,157678000000,59432000000,23302000000,7391000000,7391000000,None,27895000000,None,9321000000,None,None,6220000000,None,None,9240000000,None,None,None,0.111,10560000000,96951000000,60727000000,7866000000,4771000000,None,None,None,None,None,None,None,2.829,1.93,1.556,None,None,None,None,None,-5326000000,None,0.0918,None,107010000000,2025-10-31,quarterly,1.88,USD,pre-market,712000000,163335000000,0.0511,0.114,-0.051,75.02,14402000000,7991000000,1771000000,4604000000,111.47,116.3,3.2967,208335000000,73342000000,46307000000,97149000000,134993000000,50842000000,370680000000,111186000000,17.31,-55347000000,120.47,95.18
2025-12-28,XOM,6.88,326244991000.0,17.31,None,0.379,61.79,5074000000,None,28671000000,28671000000,-7988000000,-4571000000,None,None,None,None,None,None,5743000000,6327495622,None,213002000000,213002000000,31349000000,None,None,27484000000,None,None,10253000000,4812000000,3.96,0.0332,3808000000,3808000000,None,-0.083,0.06,60727000000,70980000000,1.82,2024-03-31,16.42,None,101859000000.0,157678000000,59432000000,23302000000,7391000000,7391000000,None,27895000000,None,9321000000,None,None,6220000000,None,None,8566000000,None,None,None,0.111,14664000000,96951000000,60727000000,7866000000,4771000000,None,None,None,None,None,None,None,2.829,1.93,1.556,None,None,None,None,None,-3011000000,None,0.0918,None,107010000000,2025-10-31,quarterly,1.88,USD,pre-market,712000000,163335000000,0.0511,0.114,-0.051,75.02,14402000000,7991000000,1771000000,4604000000,111.47,116.3,3.2967,208335000000,73342000000,46307000000,97149000000,134993000000,50842000000,370680000000,111186000000,17.31,-55347000000,120.47,95.18
2025-12-28,XOM,6.88,326244991000.0,17.31,None,0.379,61.79,6228000000,None,28671000000,28671000000,-9043000000,-6226000000,None,None,-3472000000,None,None,None,5743000000,6327495622,None,213002000000,213002000000,31349000000,None,None,27484000000,None,None,10253000000,7740000000,3.96,0.0332,3839000000,3839000000,None,-0.083,0.06,60727000000,70980000000,1.82,2023-12-31,16.42,None,101859000000.0,157678000000,59432000000,23302000000,7391000000,7391000000,None,27895000000,None,9321000000,None,None,6220000000,None,None,7630000000,None,None,None,0.111,13682000000,96951000000,60727000000,7866000000,4771000000,None,None,None,None,None,None,None,2.829,1.93,1.556,None,None,None,None,None,-4656000000,None,0.0918,None,107010000000,2025-10-31,quarterly,1.88,USD,pre-market,712000000,163335000000,0.0511,0.114,-0.051,75.02,14402000000,7991000000,1771000000,4604000000,111.47,116.3,3.2967,208335000000,73342000000,46307000000,97149000000,134993000000,50842000000,370680000000,111186000000,17.31,-55347000000,120.47,95.18
2025-12-28,XOM,6.88,326244991000.0,17.31,None,0.379,61.79,4920000000,None,28671000000,28671000000,-8059000000,-13560000000,None,None,None,None,None,None,5743000000,6327495622,None,213002000000,213002000000,31349000000,None,None,27484000000,None,None,10253000000,12901000000,3.96,0.0332,3663000000,3663000000,None,-0.083,0.06,60727000000,70980000000,1.82,2023-09-30,16.42,None,101859000000.0,157678000000,59432000000,23302000000,7391000000,7391000000,None,27895000000,None,9321000000,None,None,6220000000,None,None,9346000000,None,None,None,0.111,15963000000,96951000000,60727000000,7866000000,4771000000,None,None,None,None,None,None,None,2.829,1.93,1.556,None,None,None,None,None,-4412000000,None,0.0918,None,107010000000,2025-10-31,quarterly,1.88,USD,pre-market,712000000,163335000000,0.0511,0.114,-0.051,75.02,14402000000,7991000000,1771000000,4604000000,111.47,116.3,3.2967,208335000000,73342000000,46307000000,97149000000,134993000000,50842000000,370680000000,111186000000,17.31,-55347000000,120.47,95.18
2025-12-28,XOM,6.88,326244991000.0,17.31,None,0.379,61.79,5359000000,None,28671000000,28671000000,-8176000000,-9281000000,-3149000000,None,None,None,None,None,5743000000,6327495622,None,213002000000,213002000000,31349000000,None,None,27484000000,None,None,10253000000,8486000000,3.96,0.0332,3701000000,3701000000,None,-0.083,0.06,60727000000,70980000000,1.82,2023-06-30,16.42,None,101859000000.0,157678000000,59432000000,23302000000,7391000000,7391000000,None,27895000000,None,9321000000,None,None,6220000000,None,None,8153000000,None,None,None,0.111,9383000000,96951000000,60727000000,7866000000,4771000000,None,None,None,None,None,None,None,2.829,1.93,1.556,None,None,None,None,None,-4340000000,None,0.0918,None,107010000000,2025-10-31,quarterly,1.88,USD,pre-market,712000000,163335000000,0.0511,0.114,-0.051,75.02,14402000000,7991000000,1771000000,4604000000,111.47,116.3,3.2967,208335000000,73342000000,46307000000,97149000000,134993000000,50842000000,370680000000,111186000000,17.31,-55347000000,120.47,95.18
2025-12-28,XOM,6.88,326244991000.0,17.31,None,0.379,61.79,5412000000,None,28671000000,28671000000,-8507000000,-4925000000,2909000000,None,None,None,None,None,5743000000,6327495622,None,213002000000,213002000000,31349000000,None,None,27484000000,None,None,10253000000,4244000000,3.96,0.0332,3738000000,3738000000,None,-0.083,0.06,60727000000,70980000000,1.82,2023-03-31,16.42,None,101859000000.0,157678000000,59432000000,23302000000,7391000000,7391000000,None,27895000000,None,9321000000,None,None,6220000000,None,None,11843000000,None,None,None,0.111,16341000000,96951000000,60727000000,7866000000,4771000000,None,None,None,None,None,None,None,2.829,1.93,1.556,None,None,None,None,None,-4340000000,None,0.0918,None,107010000000,2025-10-31,quarterly,1.88,USD,pre-market,712000000,163335000000,0.0511,0.114,-0.051,75.02,14402000000,7991000000,1771000000,4604000000,111.47,116.3,3.2967,208335000000,73342000000,46307000000,97149000000,134993000000,50842000000,370680000000,111186000000,17.31,-55347000000,120.47,95.18
2025-12-28,XOM,6.88,326244991000.0,17.31,None,0.379,61.79,5783000000,None,28671000000,28671000000,-13937000000,-5355000000,-1671000000,None,-6947000000,None,None,-11019000000,5743000000,6327495622,None,213002000000,213002000000,31349000000,None,None,27484000000,None,None,10253000000,4236000000,3.96,0.0332,3767000000,3767000000,None,-0.083,0.06,60727000000,70980000000,1.82,2022-12-31,16.42,None,101859000000.0,157678000000,59432000000,23302000000,7391000000,7391000000,None,27895000000,None,9321000000,None,None,6220000000,None,None,13055000000,None,None,None,0.111,17621000000,96951000000,60727000000,7866000000,4771000000,None,None,None,None,None,None,None,2.829,1.93,1.556,None,None,None,None,None,-4675000000,None,0.0918,None,107010000000,2025-10-31,quarterly,1.88,USD,pre-market,712000000,163335000000,0.0511,0.114,-0.051,75.02,14402000000,7991000000,1771000000,4604000000,111.47,116.3,3.2967,208335000000,73342000000,46307000000,97149000000,134993000000,50842000000,370680000000,111186000000,17.31,-55347000000,120.47,95.18
2025-12-28,XOM,6.88,326244991000.0,17.31,None,0.379,61.79,4876000000,None,28671000000,28671000000,-9793000000,-2378000000,12254000000,None,-6947000000,None,None,None,5743000000,6327495622,None,213002000000,213002000000,31349000000,None,None,27484000000,None,None,10253000000,5642000000,3.96,0.0332,3685000000,3685000000,None,-0.083,0.06,60727000000,70980000000,1.82,2022-09-30,16.42,None,101859000000.0,157678000000,59432000000,23302000000,7391000000,7391000000,None,27895000000,None,9321000000,None,None,6220000000,None,None,20198000000,None,None,None,0.111,24425000000,96951000000,60727000000,7866000000,4771000000,None,None,None,None,None,None,None,2.829,1.93,1.556,None,None,None,None,None,-4494000000,None,0.0918,None,107010000000,2025-10-31,quarterly,1.88,USD,pre-market,712000000,163335000000,0.0511,0.114,-0.051,75.02,14402000000,7991000000,1771000000,4604000000,111.47,116.3,3.2967,208335000000,73342000000,46307000000,97149000000,134993000000,50842000000,370680000000,111186000000,17.31,-55347000000,120.47,95.18
2025-12-28,XOM,6.88,326244991000.0,17.31,None,0.379,61.79,3837000000,None,28671000000,28671000000,-8671000000,-3064000000,8228000000,None,None,None,None,None,5743000000,6327495622,None,213002000000,213002000000,31349000000,None,None,27484000000,None,None,10253000000,4451000000,3.96,0.0332,3727000000,3727000000,None,-0.083,0.06,60727000000,70980000000,1.82,2022-06-30,16.42,None,101859000000.0,157678000000,59432000000,23302000000,7391000000,7391000000,None,27895000000,None,9321000000,None,None,6220000000,None,None,18574000000,None,None,None,0.111,19963000000,96951000000,60727000000,7866000000,4771000000,None,None,None,None,None,None,None,2.829,1.93,1.556,None,None,None,None,None,-3919000000,None,0.0918,None,107010000000,2025-10-31,quarterly,1.88,USD,pre-market,712000000,163335000000,0.0511,0.114,-0.051,75.02,14402000000,7991000000,1771000000,4604000000,111.47,116.3,3.2967,208335000000,73342000000,46307000000,97149000000,134993000000,50842000000,370680000000,111186000000,17.31,-55347000000,120.47,95.18
2025-12-28,XOM,6.88,326244991000.0,17.31,None,0.379,61.79,3911000000,None,28671000000,28671000000,-6713000000,-3945000000,4130000000,None,None,None,None,None,5743000000,6327495622,None,213002000000,213002000000,31349000000,None,None,27484000000,None,None,10253000000,5908000000,3.96,0.0332,3760000000,3760000000,None,-0.083,0.06,60727000000,70980000000,1.82,2022-03-31,16.42,None,101859000000.0,157678000000,59432000000,23302000000,7391000000,7391000000,None,27895000000,None,9321000000,None,None,6220000000,None,None,5480000000,None,None,None,0.111,14788000000,96951000000,60727000000,7866000000,4771000000,None,None,None,None,None,None,None,2.829,1.93,1.556,None,None,None,None,None,-2067000000,None,0.0918,None,107010000000,2025-10-31,quarterly,1.88,USD,pre-market,712000000,163335000000,0.0511,0.114,-0.051,75.02,14402000000,7991000000,1771000000,4604000000,111.47,116.3,3.2967,208335000000,73342000000,46307000000,97149000000,134993000000,50842000000,370680000000,111186000000,17.31,-55347000000,120.47,95.18
2025-12-28,XOM,6.88,326244991000.0,17.31,None,0.379,61.79,4089000000,None,28671000000,28671000000,-12959000000,-2110000000,2055000000,None,-489000000,None,None,-12098000000,5743000000,6327495622,None,213002000000,213002000000,31349000000,None,None,27484000000,None,None,10253000000,4461000000,3.96,0.0332,3763000000,3763000000,None,-0.083,0.06,60727000000,70980000000,1.82,2021-12-31,16.42,None,101859000000.0,157678000000,59432000000,23302000000,7391000000,7391000000,None,27895000000,None,9321000000,None,None,6220000000,None,None,8870000000,None,None,None,0.111,17124000000,96951000000,60727000000,7866000000,4771000000,None,None,None,None,None,None,None,2.829,1.93,1.556,None,None,None,None,None,-154000000,None,0.0918,None,107010000000,2025-10-31,quarterly,1.88,USD,pre-market,712000000,163335000000,0.0511,0.114,-0.051,75.02,14402000000,7991000000,1771000000,4604000000,111.47,116.3,3.2967,208335000000,73342000000,46307000000,97149000000,134993000000,50842000000,370680000000,111186000000,17.31,-55347000000,120.47,95.18
2025-12-28,XOM,6.88,326244991000.0,17.31,None,0.379,61.79,2840000000,None,28671000000,28671000000,-7657000000,-3054000000,1380000000,None,-489000000,None,None,None,5743000000,6327495622,None,213002000000,213002000000,31349000000,None,None,27484000000,None,None,10253000000,4990000000,3.96,0.0332,3720000000,3720000000,None,-0.083,0.06,60727000000,70980000000,1.82,2021-09-30,16.42,None,101859000000.0,157678000000,59432000000,23302000000,7391000000,7391000000,None,27895000000,None,9321000000,None,None,6220000000,None,None,6750000000,None,None,None,0.111,12091000000,96951000000,60727000000,7866000000,4771000000,None,None,None,None,None,None,None,2.829,1.93,1.556,None,None,None,None,None,-71000000,None,0.0918,None,107010000000,2025-10-31,quarterly,1.88,USD,pre-market,712000000,163335000000,0.0511,0.114,-0.051,75.02,14402000000,7991000000,1771000000,4604000000,111.47,116.3,3.2967,208335000000,73342000000,46307000000,97149000000,134993000000,50842000000,370680000000,111186000000,17.31,-55347000000,120.47,95.18
2025-12-28,XOM,6.88,326244991000.0,17.31,None,0.379,61.79,2747000000,None,28671000000,28671000000,-7022000000,-2716000000,-88000000,None,-489000000,None,None,None,5743000000,6327495622,None,213002000000,213002000000,31349000000,None,None,27484000000,None,None,10253000000,4952000000,3.96,0.0332,3721000000,3721000000,None,-0.083,0.06,60727000000,70980000000,1.82,2021-06-30,16.42,None,101859000000.0,157678000000,59432000000,23302000000,7391000000,7391000000,None,27895000000,None,9321000000,None,None,6220000000,None,None,4690000000,None,None,None,0.111,9650000000,96951000000,60727000000,7866000000,4771000000,None,None,None,None,None,None,None,2.829,1.93,1.556,None,None,None,None,None,-1000000,None,0.0918,None,107010000000,2025-10-31,quarterly,1.88,USD,pre-market,712000000,163335000000,0.0511,0.114,-0.051,75.02,14402000000,7991000000,1771000000,4604000000,111.47,116.3,3.2967,208335000000,73342000000,46307000000,97149000000,134993000000,50842000000,370680000000,111186000000,17.31,-55347000000,120.47,95.18
2025-12-28,XOM,6.88,326244991000.0,17.31,None,0.379,61.79,2400000000,None,28671000000,28671000000,-7785000000,-2355000000,-876000000,None,-489000000,None,None,None,5743000000,6327495622,None,213002000000,213002000000,31349000000,None,None,27484000000,None,None,10253000000,5004000000,3.96,0.0332,3720000000,3720000000,None,-0.083,0.06,60727000000,70980000000,1.82,2021-03-31,16.42,None,101859000000.0,157678000000,59432000000,23302000000,7391000000,7391000000,None,27895000000,None,9321000000,None,None,6220000000,None,None,2730000000,None,None,None,0.111,9264000000,96951000000,60727000000,7866000000,4771000000,None,None,None,None,None,None,None,2.829,1.93,1.556,None,None,None,None,None,-1000000,None,0.0918,None,107010000000,2025-10-31,quarterly,1.88,USD,pre-market,712000000,163335000000,0.0511,0.114,-0.051,75.02,14402000000,7991000000,1771000000,4604000000,111.47,116.3,3.2967,208335000000,73342000000,46307000000,97149000000,134993000000,50842000000,370680000000,111186000000,17.31,-55347000000,120.47,95.18
2025-12-28,XOM,6.88,326244991000.0,17.31,None,0.379,61.79,3629000000,None,28671000000,28671000000,-5283000000,-3302000000,-4580000000,None,-315000000,None,None,5384000000,5743000000,6327495622,None,213002000000,213002000000,31349000000,None,None,27484000000,None,None,10253000000,6316000000,3.96,0.0332,3715000000,3715000000,None,-0.083,0.06,60727000000,70980000000,1.82,2020-12-31,16.42,None,101859000000.0,157678000000,59432000000,23302000000,7391000000,7391000000,None,27895000000,None,9321000000,None,None,6220000000,None,None,-20070000000,None,None,None,0.111,4005000000,96951000000,60727000000,7866000000,4771000000,None,None,None,None,None,None,None,2.829,1.93,1.556,None,None,None,None,None,-100000000,None,0.0918,None,107010000000,2025-10-31,quarterly,1.88,USD,pre-market,712000000,163335000000,0.0511,0.114,-0.051,75.02,14402000000,7991000000,1771000000,4604000000,111.47,116.3,3.2967,208335000000,73342000000,46307000000,97149000000,134993000000,50842000000,370680000000,111186000000,17.31,-55347000000,120.47,95.18
2025-12-28,XOM,6.88,326244991000.0,17.31,None,0.379,61.79,3291000000,None,28671000000,28671000000,-4494000000,-3709000000,-3814000000,None,61000,None,None,None,5743000000,6327495622,None,213002000000,213002000000,31349000000,None,None,27484000000,None,None,10253000000,3947000000,3.96,0.0332,3716000000,3716000000,None,-0.083,0.06,60727000000,70980000000,1.82,2020-09-30,16.42,None,101859000000.0,157678000000,59432000000,23302000000,7391000000,7391000000,None,27895000000,None,9321000000,None,None,6220000000,None,None,-680000000,None,None,None,0.111,4389000000,96951000000,60727000000,7866000000,4771000000,None,None,None,None,None,None,None,2.829,1.93,1.556,None,None,None,None,None,194000000,None,0.0918,None,107010000000,2025-10-31,quarterly,1.88,USD,pre-market,712000000,163335000000,0.0511,0.114,-0.051,75.02,14402000000,7991000000,1771000000,4604000000,111.47,116.3,3.2967,208335000000,73342000000,46307000000,97149000000,134993000000,50842000000,370680000000,111186000000,17.31,-55347000000,120.47,95.18
2025-12-28,XOM,6.88,326244991000.0,17.31,None,0.379,61.79,4417000000,None,28671000000,28671000000,6277000000,-5081000000,1196000000,None,-2069000000,None,None,None,5743000000,6327495622,None,213002000000,213002000000,31349000000,None,None,27484000000,None,None,10253000000,4916000000,3.96,0.0332,3715000000,3715000000,None,-0.083,0.06,60727000000,70980000000,1.82,2020-06-30,16.42,None,101859000000.0,157678000000,59432000000,23302000000,7391000000,7391000000,None,27895000000,None,9321000000,None,None,6220000000,None,None,-1080000000,None,None,None,0.111,89000000,96951000000,60727000000,7866000000,4771000000,None,None,None,None,None,None,None,2.829,1.93,1.556,None,None,None,None,None,223000000,None,0.0918,None,107010000000,2025-10-31,quarterly,1.88,USD,pre-market,712000000,163335000000,0.0511,0.114,-0.051,75.02,14402000000,7991000000,1771000000,4604000000,111.47,116.3,3.2967,208335000000,73342000000,46307000000,97149000000,134993000000,50842000000,370680000000,111186000000,17.31,-55347000000,120.47,95.18
2025-12-28,XOM,6.88,326244991000.0,17.31,None,0.379,61.79,5945000000,None,28671000000,28671000000,8785000000,-6367000000,8692000000,None,2245000000,None,None,None,5743000000,6327495622,None,213002000000,213002000000,31349000000,None,None,27484000000,None,None,10253000000,5208000000,3.96,0.0332,3719000000,3719000000,None,-0.083,0.06,60727000000,70980000000,1.82,2020-03-31,16.42,None,101859000000.0,157678000000,59432000000,23302000000,7391000000,7391000000,None,27895000000,None,9321000000,None,None,6220000000,None,None,-610000000,None,None,None,0.111,6274000000,96951000000,60727000000,7866000000,4771000000,None,None,None,None,None,None,None,2.829,1.93,1.556,None,None,None,None,None,-305000000,None,0.0918,None,107010000000,2025-10-31,quarterly,1.88,USD,pre-market,712000000,163335000000,0.0511,0.114,-0.051,75.02,14402000000,7991000000,1771000000,4604000000,111.47,116.3,3.2967,208335000000,73342000000,46307000000,97149000000,134993000000,50842000000,370680000000,111186000000,17.31,-55347000000,120.47,95.18
2025-12-28,XOM,6.88,326244991000.0,17.31,None,0.379,61.79,6704000000,None,28671000000,28671000000,-4456000000,-4264000000,-2368000000,None,72000000,None,None,-2640000000,5743000000,6327495622,None,213002000000,213002000000,31349000000,None,None,27484000000,None,None,10253000000,4777000000,3.96,0.0332,3716000000,3716000000,None,-0.083,0.06,60727000000,70980000000,1.82,2019-12-31,16.42,None,101859000000.0,157678000000,59432000000,23302000000,7391000000,7391000000,None,27895000000,None,9321000000,None,None,6220000000,None,None,5690000000,None,None,None,0.111,6352000000,96951000000,60727000000,7866000000,4771000000,None,None,None,None,None,None,None,2.829,1.93,1.556,None,None,None,None,None,-173000000,None,0.0918,None,107010000000,2025-10-31,quarterly,1.88,USD,pre-market,712000000,163335000000,0.0511,0.114,-0.051,75.02,14402000000,7991000000,1771000000,4604000000,111.47,116.3,3.2967,208335000000,73342000000,46307000000,97149000000,134993000000,50842000000,370680000000,111186000000,17.31,-55347000000,120.47,95.18
2025-12-28,XOM,6.88,326244991000.0,17.31,None,0.379,61.79,6285000000,None,28671000000,28671000000,-1666000000,-6150000000,1211000000,None,72000000,None,None,None,5743000000,6327495622,None,213002000000,213002000000,31349000000,None,None,27484000000,None,None,10253000000,4873000000,3.96,0.0332,3716000000,3716000000,None,-0.083,0.06,60727000000,70980000000,1.82,2019-09-30,16.42,None,101859000000.0,157678000000,59432000000,23302000000,7391000000,7391000000,None,27895000000,None,9321000000,None,None,6220000000,None,None,3170000000,None,None,None,0.111,9079000000,96951000000,60727000000,7866000000,4771000000,None,None,None,None,None,None,None,2.829,1.93,1.556,None,None,None,None,None,149000000,None,0.0918,None,107010000000,2025-10-31,quarterly,1.88,USD,pre-market,712000000,163335000000,0.0511,0.114,-0.051,75.02,14402000000,7991000000,1771000000,4604000000,111.47,116.3,3.2967,208335000000,73342000000,46307000000,97149000000,134993000000,50842000000,370680000000,111186000000,17.31,-55347000000,120.47,95.18
2025-12-28,XOM,6.88,326244991000.0,17.31,None,0.379,61.79,6173000000,None,28671000000,28671000000,548000000,-6877000000,-373000000,9000000,72000000,None,None,None,5743000000,6327495622,None,213002000000,213002000000,31349000000,None,None,27484000000,None,None,10253000000,4631000000,3.96,0.0332,3715000000,3715000000,None,-0.083,0.06,60727000000,70980000000,1.82,2019-06-30,16.42,None,101859000000.0,157678000000,59432000000,23302000000,7391000000,7391000000,None,27895000000,None,9321000000,None,None,6220000000,None,None,3130000000,None,None,None,0.111,5947000000,96951000000,60727000000,7866000000,4771000000,None,None,None,None,None,None,None,2.829,1.93,1.556,None,None,None,None,None,-45000000,None,0.0918,None,107010000000,2025-10-31,quarterly,1.88,USD,pre-market,712000000,163335000000,0.0511,0.114,-0.051,75.02,14402000000,7991000000,1771000000,4604000000,111.47,116.3,3.2967,208335000000,73342000000,46307000000,97149000000,134993000000,50842000000,370680000000,111186000000,17.31,-55347000000,120.47,95.18
2025-12-28,XOM,6.88,326244991000.0,17.31,None,0.379,61.79,5199000000,None,28671000000,28671000000,-1044000000,-5793000000,1544000000,43000000,72000000,None,None,None,5743000000,6327495622,None,213002000000,213002000000,31349000000,None,None,27484000000,None,None,10253000000,4571000000,3.96,0.0332,3505000000,3505000000,None,-0.083,0.06,60727000000,70980000000,1.82,2019-03-31,16.42,None,101859000000.0,157678000000,59432000000,23302000000,7391000000,7391000000,None,27895000000,None,9321000000,None,None,6220000000,None,None,2350000000,None,None,None,0.111,8338000000,96951000000,60727000000,7866000000,4771000000,None,None,None,None,None,None,None,2.829,1.93,1.556,None,None,None,None,None,-421000000,None,0.0918,None,107010000000,2025-10-31,quarterly,1.88,USD,pre-market,712000000,163335000000,0.0511,0.114,-0.051,75.02,14402000000,7991000000,1771000000,4604000000,111.47,116.3,3.2967,208335000000,73342000000,46307000000,97149000000,134993000000,50842000000,370680000000,111186000000,17.31,-55347000000,120.47,95.18
2025-12-28,XOM,6.88,326244991000.0,17.31,None,0.379,61.79,6094000000,None,28671000000,28671000000,-5501000000,-5584000000,-2627000000,-149000000,-3107000000,None,None,-545000000,5743000000,6327495622,None,213002000000,213002000000,31349000000,None,None,27484000000,None,None,10253000000,4328000000,3.96,0.0332,3502000000,3502000000,None,-0.083,0.06,60727000000,70980000000,1.82,2018-12-31,16.42,None,101859000000.0,157678000000,59432000000,23302000000,7391000000,7391000000,None,27895000000,None,9321000000,None,None,6220000000,None,None,6000000000,None,None,None,0.111,8607000000,96951000000,60727000000,7866000000,4771000000,None,None,None,None,None,None,None,2.829,1.93,1.556,None,None,None,None,None,-196000000,None,0.0918,None,107010000000,2025-10-31,quarterly,1.88,USD,pre-market,712000000,163335000000,0.0511,0.114,-0.051,75.02,14402000000,7991000000,1771000000,4604000000,111.47,116.3,3.2967,208335000000,73342000000,46307000000,97149000000,134993000000,50842000000,370680000000,111186000000,17.31,-55347000000,120.47,95.18
2025-12-28,XOM,6.88,326244991000.0,17.31,None,0.379,61.79,5204000000,None,28671000000,28671000000,-4959000000,-3907000000,2239000000,-3000000,-3107000000,None,None,None,5743000000,6327495622,None,213002000000,213002000000,31349000000,None,None,27484000000,None,None,10253000000,4658000000,3.96,0.0332,3503000000,3503000000,None,-0.083,0.06,60727000000,70980000000,1.82,2018-09-30,16.42,None,101859000000.0,157678000000,59432000000,23302000000,7391000000,7391000000,None,27895000000,None,9321000000,None,None,6220000000,None,None,6240000000,None,None,None,0.111,11108000000,96951000000,60727000000,7866000000,4771000000,None,None,None,None,None,None,None,2.829,1.93,1.556,None,None,None,None,None,-1000000,None,0.0918,None,107010000000,2025-10-31,quarterly,1.88,USD,pre-market,712000000,163335000000,0.0511,0.114,-0.051,75.02,14402000000,7991000000,1771000000,4604000000,111.47,116.3,3.2967,208335000000,73342000000,46307000000,97149000000,134993000000,50842000000,370680000000,111186000000,17.31,-55347000000,120.47,95.18
2025-12-28,XOM,6.88,326244991000.0,17.31,None,0.379,61.79,4927000000,None,28671000000,28671000000,-3244000000,-5096000000,-695000000,-135000000,-3107000000,None,None,None,5743000000,6327495622,None,213002000000,213002000000,31349000000,None,None,27484000000,None,None,10253000000,4589000000,3.96,0.0332,3502000000,3502000000,None,-0.083,0.06,60727000000,70980000000,1.82,2018-06-30,16.42,None,101859000000.0,157678000000,59432000000,23302000000,7391000000,7391000000,None,27895000000,None,9321000000,None,None,6220000000,None,None,3950000000,None,None,None,0.111,7780000000,96951000000,60727000000,7866000000,4771000000,None,None,None,None,None,None,None,2.829,1.93,1.556,None,None,None,None,None,-2000000,None,0.0918,None,107010000000,2025-10-31,quarterly,1.88,USD,pre-market,712000000,163335000000,0.0511,0.114,-0.051,75.02,14402000000,7991000000,1771000000,4604000000,111.47,116.3,3.2967,208335000000,73342000000,46307000000,97149000000,134993000000,50842000000,370680000000,111186000000,17.31,-55347000000,120.47,95.18
2025-12-28,XOM,6.88,326244991000.0,17.31,None,0.379,61.79,3349000000,None,28671000000,28671000000,-5742000000,-1859000000,948000000,30000000,-3107000000,None,None,None,5743000000,6327495622,None,213002000000,213002000000,31349000000,None,None,27484000000,None,None,10253000000,4470000000,3.96,0.0332,3291000000,3291000000,None,-0.083,0.06,60727000000,70980000000,1.82,2018-03-31,16.42,None,101859000000.0,157678000000,59432000000,23302000000,7391000000,7391000000,None,27895000000,None,9321000000,None,None,6220000000,None,None,4650000000,None,None,None,0.111,8519000000,96951000000,60727000000,7866000000,4771000000,None,None,None,None,None,None,None,2.829,1.93,1.556,None,None,None,None,None,-427000000,None,0.0918,None,107010000000,2025-10-31,quarterly,1.88,USD,pre-market,712000000,163335000000,0.0511,0.114,-0.051,75.02,14402000000,7991000000,1771000000,4604000000,111.47,116.3,3.2967,208335000000,73342000000,46307000000,97149000000,134993000000,50842000000,370680000000,111186000000,17.31,-55347000000,120.47,95.18
2025-12-28,XOM,6.88,326244991000.0,17.31,None,0.379,61.79,4501000000,None,28671000000,28671000000,-1837000000,-6536000000,-1089000000,-127000000,-1682000000,None,None,-3954000000,5743000000,6327495622,None,213002000000,213002000000,31349000000,None,None,27484000000,None,None,10253000000,3842000000,3.96,0.0332,3289000000,3289000000,None,-0.083,0.06,60727000000,70980000000,1.82,2017-12-31,16.42,None,101859000000.0,157678000000,59432000000,23302000000,7391000000,7391000000,None,27895000000,None,9321000000,None,None,6220000000,None,None,8380000000,None,None,None,0.111,7411000000,96951000000,60727000000,7866000000,4771000000,None,None,None,None,None,None,None,2.829,1.93,1.556,None,None,None,None,None,-232000000,None,0.0918,None,107010000000,2025-10-31,quarterly,1.88,USD,pre-market,712000000,163335000000,0.0511,0.114,-0.051,75.02,14402000000,7991000000,1771000000,4604000000,111.47,116.3,3.2967,208335000000,73342000000,46307000000,97149000000,134993000000,50842000000,370680000000,111186000000,17.31,-55347000000,120.47,95.18
2025-12-28,XOM,6.88,326244991000.0,17.31,None,0.379,61.79,4913000000,None,28671000000,28671000000,-4988000000,-2555000000,224000000,232000000,0,None,None,None,5743000000,6327495622,None,213002000000,213002000000,31349000000,None,None,27484000000,None,None,10253000000,4880000000,3.96,0.0332,3289000000,3289000000,None,-0.083,0.06,60727000000,70980000000,1.82,2017-09-30,16.42,None,101859000000.0,157678000000,59432000000,23302000000,7391000000,7391000000,None,27895000000,None,9321000000,None,None,6220000000,None,None,3970000000,None,None,None,0.111,7535000000,96951000000,60727000000,7866000000,4771000000,None,None,None,None,None,None,None,2.829,1.93,1.556,None,None,None,None,None,-1000000,None,0.0918,None,107010000000,2025-10-31,quarterly,1.88,USD,pre-market,712000000,163335000000,0.0511,0.114,-0.051,75.02,14402000000,7991000000,1771000000,4604000000,111.47,116.3,3.2967,208335000000,73342000000,46307000000,97149000000,134993000000,50842000000,370680000000,111186000000,17.31,-55347000000,120.47,95.18
2025-12-28,XOM,6.88,326244991000.0,17.31,None,0.379,61.79,3098000000,None,28671000000,28671000000,-5059000000,-2878000000,-855000000,135000000,0,None,None,None,5743000000,6327495622,None,213002000000,213002000000,31349000000,None,None,27484000000,None,None,10253000000,4652000000,3.96,0.0332,3289000000,3289000000,None,-0.083,0.06,60727000000,70980000000,1.82,2017-06-30,16.42,None,101859000000.0,157678000000,59432000000,23302000000,7391000000,7391000000,None,27895000000,None,9321000000,None,None,6220000000,None,None,3350000000,None,None,None,0.111,6947000000,96951000000,60727000000,7866000000,4771000000,None,None,None,None,None,None,None,2.829,1.93,1.556,None,None,None,None,None,-13000000,None,0.0918,None,107010000000,2025-10-31,quarterly,1.88,USD,pre-market,712000000,163335000000,0.0511,0.114,-0.051,75.02,14402000000,7991000000,1771000000,4604000000,111.47,116.3,3.2967,208335000000,73342000000,46307000000,97149000000,134993000000,50842000000,370680000000,111186000000,17.31,-55347000000,120.47,95.18
2025-12-28,XOM,6.88,326244991000.0,17.31,None,0.379,61.79,2890000000,None,28671000000,28671000000,-3246000000,-3761000000,1240000000,74000000,0,None,None,None,5743000000,6327495622,None,213002000000,213002000000,31349000000,None,None,27484000000,None,None,10253000000,4519000000,3.96,0.0332,3134000000,3134000000,None,-0.083,0.06,60727000000,70980000000,1.82,2017-03-31,16.42,None,101859000000.0,157678000000,59432000000,23302000000,7391000000,7391000000,None,27895000000,None,9321000000,None,None,6220000000,None,None,4010000000,None,None,None,0.111,8173000000,96951000000,60727000000,7866000000,4771000000,None,None,None,None,None,None,None,2.829,1.93,1.556,None,None,None,None,None,-501000000,None,0.0918,None,107010000000,2025-10-31,quarterly,1.88,USD,pre-market,712000000,163335000000,0.0511,0.114,-0.051,75.02,14402000000,7991000000,1771000000,4604000000,111.47,116.3,3.2967,208335000000,73342000000,46307000000,97149000000,134993000000,50842000000,370680000000,111186000000,17.31,-55347000000,120.47,95.18
2025-12-28,XOM,6.88,326244991000.0,17.31,None,0.379,61.79,3887000000,None,28671000000,28671000000,-6746000000,-1672000000,-1436000000,-414000000,-388000000,None,None,-2090000000,5743000000,6327495622,None,213002000000,213002000000,31349000000,None,None,27484000000,None,None,10253000000,8117000000,3.96,0.0332,3133000000,3133000000,None,-0.083,0.06,60727000000,70980000000,1.82,2016-12-31,16.42,None,101859000000.0,157678000000,59432000000,23302000000,7391000000,7391000000,None,27895000000,None,9321000000,None,None,6220000000,None,None,1680000000,None,None,None,0.111,7396000000,96951000000,60727000000,7866000000,4771000000,None,None,None,None,None,None,None,2.829,1.93,1.556,None,None,None,None,None,-250000000,None,0.0918,None,107010000000,2025-10-31,quarterly,1.88,USD,pre-market,712000000,163335000000,0.0511,0.114,-0.051,75.02,14402000000,7991000000,1771000000,4604000000,111.47,116.3,3.2967,208335000000,73342000000,46307000000,97149000000,134993000000,50842000000,370680000000,111186000000,17.31,-55347000000,120.47,95.18
2025-12-28,XOM,6.88,326244991000.0,17.31,None,0.379,61.79,3404000000,None,28671000000,28671000000,-1296000000,-3235000000,735000000,-89000000,0,None,None,None,5743000000,6327495622,None,213002000000,213002000000,31349000000,None,None,27484000000,None,None,10253000000,4605000000,3.96,0.0332,3133000000,3133000000,None,-0.083,0.06,60727000000,70980000000,1.82,2016-09-30,16.42,None,101859000000.0,157678000000,59432000000,23302000000,7391000000,7391000000,None,27895000000,None,9321000000,None,None,6220000000,None,None,2650000000,None,None,None,0.111,5355000000,96951000000,60727000000,7866000000,4771000000,None,None,None,None,None,None,None,2.829,1.93,1.556,None,None,None,None,None,3750000000,None,0.0918,None,107010000000,2025-10-31,quarterly,1.88,USD,pre-market,712000000,163335000000,0.0511,0.114,-0.051,75.02,14402000000,7991000000,1771000000,4604000000,111.47,116.3,3.2967,208335000000,73342000000,46307000000,97149000000,134993000000,50842000000,370680000000,111186000000,17.31,-55347000000,120.47,95.18
2025-12-28,XOM,6.88,326244991000.0,17.31,None,0.379,61.79,4271000000,None,28671000000,28671000000,-1775000000,-3147000000,-488000000,-85000000,0,None,None,None,5743000000,6327495622,None,213002000000,213002000000,31349000000,None,None,27484000000,None,None,10253000000,4821000000,3.96,0.0332,3133000000,3133000000,None,-0.083,0.06,60727000000,70980000000,1.82,2016-06-30,16.42,None,101859000000.0,157678000000,59432000000,23302000000,7391000000,7391000000,None,27895000000,None,9321000000,None,None,6220000000,None,None,1700000000,None,None,None,0.111,4519000000,96951000000,60727000000,7866000000,4771000000,None,None,None,None,None,None,None,2.829,1.93,1.556,None,None,None,None,None,-1000000,None,0.0918,None,107010000000,2025-10-31,quarterly,1.88,USD,pre-market,712000000,163335000000,0.0511,0.114,-0.051,75.02,14402000000,7991000000,1771000000,4604000000,111.47,116.3,3.2967,208335000000,73342000000,46307000000,97149000000,134993000000,50842000000,370680000000,111186000000,17.31,-55347000000,120.47,95.18
2025-12-28,XOM,6.88,326244991000.0,17.31,None,0.379,61.79,4601000000,None,28671000000,28671000000,524000000,-4349000000,1141000000,154000000,0,None,None,None,5743000000,6327495622,None,213002000000,213002000000,31349000000,None,None,27484000000,None,None,10253000000,4765000000,3.96,0.0332,3054000000,3054000000,None,-0.083,0.06,60727000000,70980000000,1.82,2016-03-31,16.42,None,101859000000.0,157678000000,59432000000,23302000000,7391000000,7391000000,None,27895000000,None,9321000000,None,None,6220000000,None,None,1810000000,None,None,None,0.111,4812000000,96951000000,60727000000,7866000000,4771000000,None,None,None,None,None,None,None,2.829,1.93,1.556,None,None,None,None,None,-726000000,None,0.0918,None,107010000000,2025-10-31,quarterly,1.88,USD,pre-market,712000000,163335000000,0.0511,0.114,-0.051,75.02,14402000000,7991000000,1771000000,4604000000,111.47,116.3,3.2967,208335000000,73342000000,46307000000,97149000000,134993000000,50842000000,370680000000,111186000000,17.31,-55347000000,120.47,95.18
2025-12-28,XOM,6.88,326244991000.0,17.31,None,0.379,61.79,6136000000,None,28671000000,28671000000,413000000,-5324000000,-591000000,-60000000,-379000000,None,None,4692000000,5743000000,6327495622,None,213002000000,213002000000,31349000000,None,None,27484000000,None,None,10253000000,4755000000,3.96,0.0332,3054000000,3054000000,None,-0.083,0.06,60727000000,70980000000,1.82,2015-12-31,16.42,None,101859000000.0,157678000000,59432000000,23302000000,7391000000,7391000000,None,27895000000,None,9321000000,None,None,6220000000,None,None,2780000000,None,None,None,0.111,4380000000,96951000000,60727000000,7866000000,4771000000,None,None,None,None,None,None,None,2.829,1.93,1.556,None,None,None,None,None,-754000000,None,0.0918,None,107010000000,2025-10-31,quarterly,1.88,USD,pre-market,712000000,163335000000,0.0511,0.114,-0.051,75.02,14402000000,7991000000,1771000000,4604000000,111.47,116.3,3.2967,208335000000,73342000000,46307000000,97149000000,134993000000,50842000000,370680000000,111186000000,17.31,-55347000000,120.47,95.18
2025-12-28,XOM,6.88,326244991000.0,17.31,None,0.379,61.79,6401000000,None,28671000000,28671000000,-3402000000,-5657000000,-47000000,-162000000,0,None,None,None,5743000000,6327495622,None,213002000000,213002000000,31349000000,None,None,27484000000,None,None,10253000000,4542000000,3.96,0.0332,3060000000,3060000000,None,-0.083,0.06,60727000000,70980000000,1.82,2015-09-30,16.42,None,101859000000.0,157678000000,59432000000,23302000000,7391000000,7391000000,None,27895000000,None,9321000000,None,None,6220000000,None,None,4240000000,None,None,None,0.111,9174000000,96951000000,60727000000,7866000000,4771000000,None,None,None,None,None,None,None,2.829,1.93,1.556,None,None,None,None,None,-501000000,None,0.0918,None,107010000000,2025-10-31,quarterly,1.88,USD,pre-market,712000000,163335000000,0.0511,0.114,-0.051,75.02,14402000000,7991000000,1771000000,4604000000,111.47,116.3,3.2967,208335000000,73342000000,46307000000,97149000000,134993000000,50842000000,370680000000,111186000000,17.31,-55347000000,120.47,95.18
2025-12-28,XOM,6.88,326244991000.0,17.31,None,0.379,61.79,7109000000,None,28671000000,28671000000,-3194000000,-6491000000,-841000000,52000000,0,None,None,None,5743000000,6327495622,None,213002000000,213002000000,31349000000,None,None,27484000000,None,None,10253000000,4451000000,3.96,0.0332,3066000000,3066000000,None,-0.083,0.06,60727000000,70980000000,1.82,2015-06-30,16.42,None,101859000000.0,157678000000,59432000000,23302000000,7391000000,7391000000,None,27895000000,None,9321000000,None,None,6220000000,None,None,4190000000,None,None,None,0.111,8792000000,96951000000,60727000000,7866000000,4771000000,None,None,None,None,None,None,None,2.829,1.93,1.556,None,None,None,None,None,-1003000000,None,0.0918,None,107010000000,2025-10-31,quarterly,1.88,USD,pre-market,712000000,163335000000,0.0511,0.114,-0.051,75.02,14402000000,7991000000,1771000000,4604000000,111.47,116.3,3.2967,208335000000,73342000000,46307000000,97149000000,134993000000,50842000000,370680000000,111186000000,17.31,-55347000000,120.47,95.18
2025-12-28,XOM,6.88,326244991000.0,17.31,None,0.379,61.79,6844000000,None,28671000000,28671000000,-854000000,-6352000000,568000000,-224000000,0,None,None,None,5743000000,6327495622,None,213002000000,213002000000,31349000000,None,None,27484000000,None,None,10253000000,4300000000,3.96,0.0332,2910000000,2910000000,None,-0.083,0.06,60727000000,70980000000,1.82,2015-03-31,16.42,None,101859000000.0,157678000000,59432000000,23302000000,7391000000,7391000000,None,27895000000,None,9321000000,None,None,6220000000,None,None,4940000000,None,None,None,0.111,7998000000,96951000000,60727000000,7866000000,4771000000,None,None,None,None,None,None,None,2.829,1.93,1.556,None,None,None,None,None,-1781000000,None,0.0918,None,107010000000,2025-10-31,quarterly,1.88,USD,pre-market,712000000,163335000000,0.0511,0.114,-0.051,75.02,14402000000,7991000000,1771000000,4604000000,111.47,116.3,3.2967,208335000000,73342000000,46307000000,97149000000,134993000000,50842000000,370680000000,111186000000,17.31,-55347000000,120.47,95.18
2025-12-28,XOM,6.88,326244991000.0,17.31,None,0.379,61.79,8884000000,None,28671000000,28671000000,1197000000,-8847000000,-346000000,-111000000,-1343000000,None,None,3118000000,5743000000,6327495622,None,213002000000,213002000000,31349000000,None,None,27484000000,None,None,10253000000,4458000000,3.96,0.0332,2924000000,2924000000,None,-0.083,0.06,60727000000,70980000000,1.82,2014-12-31,16.42,None,101859000000.0,157678000000,59432000000,23302000000,7391000000,7391000000,None,27895000000,None,9321000000,None,None,6220000000,None,None,6570000000,None,None,None,0.111,7415000000,96951000000,60727000000,7866000000,4771000000,None,None,None,None,None,None,None,2.829,1.93,1.556,None,None,None,None,None,-3318000000,None,0.0918,None,107010000000,2025-10-31,quarterly,1.88,USD,pre-market,712000000,163335000000,0.0511,0.114,-0.051,75.02,14402000000,7991000000,1771000000,4604000000,111.47,116.3,3.2967,208335000000,73342000000,46307000000,97149000000,134993000000,50842000000,370680000000,111186000000,17.31,-55347000000,120.47,95.18
2025-12-28,XOM,6.88,326244991000.0,17.31,None,0.379,61.79,8198000000,None,28671000000,28671000000,-5673000000,-7645000000,-1121000000,-199000000,0,None,None,None,5743000000,6327495622,None,213002000000,213002000000,31349000000,None,None,27484000000,None,None,10253000000,4362000000,3.96,0.0332,2946000000,2946000000,None,-0.083,0.06,60727000000,70980000000,1.82,2014-09-30,16.42,None,101859000000.0,157678000000,59432000000,23302000000,7391000000,7391000000,None,27895000000,None,9321000000,None,None,6220000000,None,None,8070000000,None,None,None,0.111,12396000000,96951000000,60727000000,7866000000,4771000000,None,None,None,None,None,None,None,2.829,1.93,1.556,None,None,None,None,None,-3002000000,None,0.0918,None,107010000000,2025-10-31,quarterly,1.88,USD,pre-market,712000000,163335000000,0.0511,0.114,-0.051,75.02,14402000000,7991000000,1771000000,4604000000,111.47,116.3,3.2967,208335000000,73342000000,46307000000,97149000000,134993000000,50842000000,370680000000,111186000000,17.31,-55347000000,120.47,95.18
2025-12-28,XOM,6.88,326244991000.0,17.31,None,0.379,61.79,8542000000,None,28671000000,28671000000,-5596000000,-4177000000,482000000,53000000,0,None,None,None,5743000000,6327495622,None,213002000000,213002000000,31349000000,None,None,27484000000,None,None,10253000000,4285000000,3.96,0.0332,2966000000,2966000000,None,-0.083,0.06,60727000000,70980000000,1.82,2014-06-30,16.42,None,101859000000.0,157678000000,59432000000,23302000000,7391000000,7391000000,None,27895000000,None,9321000000,None,None,6220000000,None,None,8780000000,None,None,None,0.111,10202000000,96951000000,60727000000,7866000000,4771000000,None,None,None,None,None,None,None,2.829,1.93,1.556,None,None,None,None,None,-3003000000,None,0.0918,None,107010000000,2025-10-31,quarterly,1.88,USD,pre-market,712000000,163335000000,0.0511,0.114,-0.051,75.02,14402000000,7991000000,1771000000,4604000000,111.47,116.3,3.2967,208335000000,73342000000,46307000000,97149000000,134993000000,50842000000,370680000000,111186000000,17.31,-55347000000,120.47,95.18
2025-12-28,XOM,6.88,326244991000.0,17.31,None,0.379,61.79,7328000000,None,28671000000,28671000000,-7816000000,-6306000000,957000000,-24000000,0,None,None,None,5743000000,6327495622,None,213002000000,213002000000,31349000000,None,None,27484000000,None,None,10253000000,4192000000,3.96,0.0332,2732000000,2732000000,None,-0.083,0.06,60727000000,70980000000,1.82,2014-03-31,16.42,None,101859000000.0,157678000000,59432000000,23302000000,7391000000,7391000000,None,27895000000,None,9321000000,None,None,6220000000,None,None,9100000000,None,None,None,0.111,15103000000,96951000000,60727000000,7866000000,4771000000,None,None,None,None,None,None,None,2.829,1.93,1.556,None,None,None,None,None,-3860000000,None,0.0918,None,107010000000,2025-10-31,quarterly,1.88,USD,pre-market,712000000,163335000000,0.0511,0.114,-0.051,75.02,14402000000,7991000000,1771000000,4604000000,111.47,116.3,3.2967,208335000000,73342000000,46307000000,97149000000,134993000000,50842000000,370680000000,111186000000,17.31,-55347000000,120.47,95.18
2025-12-28,XOM,6.88,326244991000.0,17.31,None,0.379,61.79,8426000000,None,28671000000,28671000000,-4178000000,-6712000000,-666000000,16000000,-1812000000,None,None,-305000000,5743000000,6327495622,None,213002000000,213002000000,31349000000,None,None,27484000000,None,None,10253000000,4380000000,3.96,0.0332,2750000000,2750000000,None,-0.083,0.06,60727000000,70980000000,1.82,2013-12-31,16.42,None,101859000000.0,157678000000,59432000000,23302000000,7391000000,7391000000,None,27895000000,None,9321000000,None,None,6220000000,None,None,8350000000,None,None,None,0.111,10208000000,96951000000,60727000000,7866000000,4771000000,None,None,None,None,None,None,None,2.829,1.93,1.556,None,None,None,None,None,-3302000000,None,0.0918,None,107010000000,2025-10-31,quarterly,1.88,USD,pre-market,712000000,163335000000,0.0511,0.114,-0.051,75.02,14402000000,7991000000,1771000000,4604000000,111.47,116.3,3.2967,208335000000,73342000000,46307000000,97149000000,134993000000,50842000000,370680000000,111186000000,17.31,-55347000000,120.47,95.18
2025-12-28,XOM,6.88,326244991000.0,17.31,None,0.379,61.79,9098000000,None,28671000000,28671000000,-3889000000,-8942000000,701000000,101000000,0,None,None,None,5743000000,6327495622,None,213002000000,213002000000,31349000000,None,None,27484000000,None,None,10253000000,4287000000,3.96,0.0332,2770000000,2770000000,None,-0.083,0.06,60727000000,70980000000,1.82,2013-09-30,16.42,None,101859000000.0,157678000000,59432000000,23302000000,7391000000,7391000000,None,27895000000,None,9321000000,None,None,6220000000,None,None,7870000000,None,None,None,0.111,13431000000,96951000000,60727000000,7866000000,4771000000,None,None,None,None,None,None,None,2.829,1.93,1.556,None,None,None,None,None,-3044000000,None,0.0918,None,107010000000,2025-10-31,quarterly,1.88,USD,pre-market,712000000,163335000000,0.0511,0.114,-0.051,75.02,14402000000,7991000000,1771000000,4604000000,111.47,116.3,3.2967,208335000000,73342000000,46307000000,97149000000,134993000000,50842000000,370680000000,111186000000,17.31,-55347000000,120.47,95.18
2025-12-28,XOM,6.88,326244991000.0,17.31,None,0.379,61.79,8651000000,None,28671000000,28671000000,-715000000,-8493000000,-1605000000,-80000000,0,None,None,None,5743000000,6327495622,None,213002000000,213002000000,31349000000,None,None,27484000000,None,None,10253000000,4405000000,3.96,0.0332,2794000000,2794000000,None,-0.083,0.06,60727000000,70980000000,1.82,2013-06-30,16.42,None,101859000000.0,157678000000,59432000000,23302000000,7391000000,7391000000,None,27895000000,None,9321000000,None,None,6220000000,None,None,6860000000,None,None,None,0.111,7683000000,96951000000,60727000000,7866000000,4771000000,None,None,None,None,None,None,None,2.829,1.93,1.556,None,None,None,None,None,-4031000000,None,0.0918,None,107010000000,2025-10-31,quarterly,1.88,USD,pre-market,712000000,163335000000,0.0511,0.114,-0.051,75.02,14402000000,7991000000,1771000000,4604000000,111.47,116.3,3.2967,208335000000,73342000000,46307000000,97149000000,134993000000,50842000000,370680000000,111186000000,17.31,-55347000000,120.47,95.18
2025-12-28,XOM,6.88,326244991000.0,17.31,None,0.379,61.79,7494000000,None,28671000000,28671000000,-6694000000,-10054000000,-3368000000,-212000000,0,None,None,None,5743000000,6327495622,None,213002000000,213002000000,31349000000,None,None,27484000000,None,None,10253000000,4110000000,3.96,0.0332,2561000000,2561000000,None,-0.083,0.06,60727000000,70980000000,1.82,2013-03-31,16.42,None,101859000000.0,157678000000,59432000000,23302000000,7391000000,7391000000,None,27895000000,None,9321000000,None,None,6220000000,None,None,9500000000,None,None,None,0.111,13592000000,96951000000,60727000000,7866000000,4771000000,None,None,None,None,None,None,None,2.829,1.93,1.556,None,None,None,None,None,-5621000000,None,0.0918,None,107010000000,2025-10-31,quarterly,1.88,USD,pre-market,712000000,163335000000,0.0511,0.114,-0.051,75.02,14402000000,7991000000,1771000000,4604000000,111.47,116.3,3.2967,208335000000,73342000000,46307000000,97149000000,134993000000,50842000000,370680000000,111186000000,17.31,-55347000000,120.47,95.18
2025-12-28,XOM,6.88,326244991000.0,17.31,None,0.379,61.79,10057000000,None,28671000000,28671000000,-7725000000,-9002000000,-3473000000,30000000,-1873000000,None,None,-1082000000,5743000000,6327495622,None,213002000000,213002000000,31349000000,None,None,27484000000,None,None,10253000000,4110000000,3.96,0.0332,2592000000,2592000000,None,-0.083,0.06,60727000000,70980000000,1.82,2012-12-31,16.42,None,101859000000.0,157678000000,59432000000,23302000000,7391000000,7391000000,None,27895000000,None,9321000000,None,None,6220000000,None,None,9950000000,None,None,None,0.111,13224000000,96951000000,60727000000,7866000000,4771000000,None,None,None,None,None,None,None,2.829,1.93,1.556,None,None,None,None,None,-5254000000,None,0.0918,None,107010000000,2025-10-31,quarterly,1.88,USD,pre-market,712000000,163335000000,0.0511,0.114,-0.051,75.02,14402000000,7991000000,1771000000,4604000000,111.47,116.3,3.2967,208335000000,73342000000,46307000000,97149000000,134993000000,50842000000,370680000000,111186000000,17.31,-55347000000,120.47,95.18
2025-12-28,XOM,6.88,326244991000.0,17.31,None,0.379,61.79,8026000000,None,28671000000,28671000000,-10860000000,-7492000000,-4747000000,163000000,None,None,None,None,5743000000,6327495622,None,213002000000,213002000000,31349000000,None,None,27484000000,None,None,10253000000,4037000000,3.96,0.0332,2622000000,2622000000,None,-0.083,0.06,60727000000,70980000000,1.82,2012-09-30,16.42,None,101859000000.0,157678000000,59432000000,23302000000,7391000000,7391000000,None,27895000000,None,9321000000,None,None,6220000000,None,None,9570000000,None,None,None,0.111,13442000000,96951000000,60727000000,7866000000,4771000000,None,None,None,None,None,None,None,2.829,1.93,1.556,None,None,None,None,None,-5098000000,None,0.0918,None,107010000000,2025-10-31,quarterly,1.88,USD,pre-market,712000000,163335000000,0.0511,0.114,-0.051,75.02,14402000000,7991000000,1771000000,4604000000,111.47,116.3,3.2967,208335000000,73342000000,46307000000,97149000000,134993000000,50842000000,370680000000,111186000000,17.31,-55347000000,120.47,95.18
2025-12-28,XOM,6.88,326244991000.0,17.31,None,0.379,61.79,8345000000,None,28671000000,28671000000,-7153000000,-3756000000,-868000000,-176000000,0,None,None,None,5743000000,6327495622,None,213002000000,213002000000,31349000000,None,None,27484000000,None,None,10253000000,3899000000,3.96,0.0332,2657000000,2657000000,None,-0.083,0.06,60727000000,70980000000,1.82,2012-06-30,16.42,None,101859000000.0,157678000000,59432000000,23302000000,7391000000,7391000000,None,27895000000,None,9321000000,None,None,6220000000,None,None,15910000000,None,None,None,0.111,10217000000,96951000000,60727000000,7866000000,4771000000,None,None,None,None,None,None,None,2.829,1.93,1.556,None,None,None,None,None,-5012000000,None,0.0918,None,107010000000,2025-10-31,quarterly,1.88,USD,pre-market,712000000,163335000000,0.0511,0.114,-0.051,75.02,14402000000,7991000000,1771000000,4604000000,111.47,116.3,3.2967,208335000000,73342000000,46307000000,97149000000,134993000000,50842000000,370680000000,111186000000,17.31,-55347000000,120.47,95.18
2025-12-28,XOM,6.88,326244991000.0,17.31,None,0.379,61.79,7843000000,None,28671000000,28671000000,-8130000000,-5351000000,6006000000,200000000,0,None,None,None,5743000000,6327495622,None,213002000000,213002000000,31349000000,None,None,27484000000,None,None,10253000000,3842000000,3.96,0.0332,2221000000,2221000000,None,-0.083,0.06,60727000000,70980000000,1.82,2012-03-31,16.42,None,101859000000.0,157678000000,59432000000,23302000000,7391000000,7391000000,None,27895000000,None,9321000000,None,None,6220000000,None,None,9799000000,None,None,None,0.111,19287000000,96951000000,60727000000,7866000000,4771000000,None,None,None,None,None,None,None,2.829,1.93,1.556,None,None,None,None,None,-5704000000,None,0.0918,None,107010000000,2025-10-31,quarterly,1.88,USD,pre-market,712000000,163335000000,0.0511,0.114,-0.051,75.02,14402000000,7991000000,1771000000,4604000000,111.47,116.3,3.2967,208335000000,73342000000,46307000000,97149000000,134993000000,50842000000,370680000000,111186000000,17.31,-55347000000,120.47,95.18
2025-12-28,XOM,6.88,326244991000.0,17.31,None,0.379,61.79,8634000000,None,28671000000,28671000000,-7045000000,-2012000000,1642000000,-52000000,1634000000,None,None,-7906000000,5743000000,6327495622,None,213002000000,213002000000,31349000000,None,None,27484000000,None,None,10253000000,4075000000,3.96,0.0332,2247000000,2247000000,None,-0.083,0.06,60727000000,70980000000,1.82,2011-12-31,16.42,None,101859000000.0,157678000000,59432000000,23302000000,7391000000,7391000000,None,27895000000,None,9321000000,None,None,6220000000,None,None,9724000000,None,None,None,0.111,10751000000,96951000000,60727000000,7866000000,4771000000,None,None,None,None,None,None,None,2.829,1.93,1.556,None,None,None,None,None,-5422000000,None,0.0918,None,107010000000,2025-10-31,quarterly,1.88,USD,pre-market,712000000,163335000000,0.0511,0.114,-0.051,75.02,14402000000,7991000000,1771000000,4604000000,111.47,116.3,3.2967,208335000000,73342000000,46307000000,97149000000,134993000000,50842000000,370680000000,111186000000,17.31,-55347000000,120.47,95.18
2025-12-28,XOM,6.88,326244991000.0,17.31,None,0.379,61.79,7478000000,None,28671000000,28671000000,-7397000000,-4296000000,2735000000,-421000000,0,None,None,None,5743000000,6327495622,None,213002000000,213002000000,31349000000,None,None,27484000000,None,None,10253000000,3866000000,3.96,0.0332,2277000000,2277000000,None,-0.083,0.06,60727000000,70980000000,1.82,2011-09-30,16.42,None,101859000000.0,157678000000,59432000000,23302000000,7391000000,7391000000,None,27895000000,None,9321000000,None,None,6220000000,None,None,10671000000,None,None,None,0.111,14849000000,96951000000,60727000000,7866000000,4771000000,None,None,None,None,None,None,None,2.829,1.93,1.556,None,None,None,None,None,-5468000000,None,0.0918,None,107010000000,2025-10-31,quarterly,1.88,USD,pre-market,712000000,163335000000,0.0511,0.114,-0.051,75.02,14402000000,7991000000,1771000000,4604000000,111.47,116.3,3.2967,208335000000,73342000000,46307000000,97149000000,134993000000,50842000000,370680000000,111186000000,17.31,-55347000000,120.47,95.18
2025-12-28,XOM,6.88,326244991000.0,17.31,None,0.379,61.79,7812000000,None,28671000000,28671000000,-7065000000,-10504000000,-4546000000,134000000,0,None,None,None,5743000000,6327495622,None,213002000000,213002000000,31349000000,None,None,27484000000,None,None,10253000000,3881000000,3.96,0.0332,2308000000,2308000000,None,-0.083,0.06,60727000000,70980000000,1.82,2011-06-30,16.42,None,101859000000.0,157678000000,59432000000,23302000000,7391000000,7391000000,None,27895000000,None,9321000000,None,None,6220000000,None,None,10898000000,None,None,None,0.111,12889000000,96951000000,60727000000,7866000000,4771000000,None,None,None,None,None,None,None,2.829,1.93,1.556,None,None,None,None,None,-5512000000,None,0.0918,None,107010000000,2025-10-31,quarterly,1.88,USD,pre-market,712000000,163335000000,0.0511,0.114,-0.051,75.02,14402000000,7991000000,1771000000,4604000000,111.47,116.3,3.2967,208335000000,73342000000,46307000000,97149000000,134993000000,50842000000,370680000000,111186000000,17.31,-55347000000,120.47,95.18
2025-12-28,XOM,6.88,326244991000.0,17.31,None,0.379,61.79,7051000000,None,28671000000,28671000000,-6749000000,-5353000000,5008000000,254000000,0,None,None,None,5743000000,6327495622,None,213002000000,213002000000,31349000000,None,None,27484000000,None,None,10253000000,3761000000,3.96,0.0332,2188000000,2188000000,None,-0.083,0.06,60727000000,70980000000,1.82,2011-03-31,16.42,None,101859000000.0,157678000000,59432000000,23302000000,7391000000,7391000000,None,27895000000,None,9321000000,None,None,6220000000,None,None,10913000000,None,None,None,0.111,16856000000,96951000000,60727000000,7866000000,4771000000,None,None,None,None,None,None,None,2.829,1.93,1.556,None,None,None,None,None,-5653000000,None,0.0918,None,107010000000,2025-10-31,quarterly,1.88,USD,pre-market,712000000,163335000000,0.0511,0.114,-0.051,75.02,14402000000,7991000000,1771000000,4604000000,111.47,116.3,3.2967,208335000000,73342000000,46307000000,97149000000,134993000000,50842000000,370680000000,111186000000,17.31,-55347000000,120.47,95.18
2025-12-28,XOM,6.88,326244991000.0,17.31,None,0.379,61.79,7670000000,None,28671000000,28671000000,-10430000000,-7080000000,-4419000000,36000000,1457000000,None,None,5863000000,5743000000,6327495622,None,213002000000,213002000000,31349000000,None,None,27484000000,None,None,10253000000,4270000000,3.96,0.0332,2212000000,2212000000,None,-0.083,0.06,60727000000,70980000000,1.82,2010-12-31,16.42,None,101859000000.0,157678000000,59432000000,23302000000,7391000000,7391000000,None,27895000000,None,9321000000,None,None,6220000000,None,None,9516000000,None,None,None,0.111,13055000000,96951000000,60727000000,7866000000,4771000000,None,None,None,None,None,None,None,2.829,1.93,1.556,None,None,None,None,None,-5758000000,None,0.0918,None,107010000000,2025-10-31,quarterly,1.88,USD,pre-market,712000000,163335000000,0.0511,0.114,-0.051,75.02,14402000000,7991000000,1771000000,4604000000,111.47,116.3,3.2967,208335000000,73342000000,46307000000,97149000000,134993000000,50842000000,370680000000,111186000000,17.31,-55347000000,120.47,95.18
2025-12-28,XOM,6.88,326244991000.0,17.31,None,0.379,61.79,7801000000,None,28671000000,28671000000,-7697000000,-6879000000,-1008000000,491000000,0,None,None,None,5743000000,6327495622,None,213002000000,213002000000,31349000000,None,None,27484000000,None,None,10253000000,3844000000,3.96,0.0332,2095000000,2095000000,None,-0.083,0.06,60727000000,70980000000,1.82,2010-09-30,16.42,None,101859000000.0,157678000000,59432000000,23302000000,7391000000,7391000000,None,27895000000,None,9321000000,None,None,6220000000,None,None,7561000000,None,None,None,0.111,13077000000,96951000000,60727000000,7866000000,4771000000,None,None,None,None,None,None,None,2.829,1.93,1.556,None,None,None,None,None,-3272000000,None,0.0918,None,107010000000,2025-10-31,quarterly,1.88,USD,pre-market,712000000,163335000000,0.0511,0.114,-0.051,75.02,14402000000,7991000000,1771000000,4604000000,111.47,116.3,3.2967,208335000000,73342000000,46307000000,97149000000,134993000000,50842000000,370680000000,111186000000,17.31,-55347000000,120.47,95.18
2025-12-28,XOM,6.88,326244991000.0,17.31,None,0.379,61.79,5644000000,None,28671000000,28671000000,-4177000000,-5078000000,-490000000,-470000000,0,None,None,None,5743000000,6327495622,None,213002000000,213002000000,31349000000,None,None,27484000000,None,None,10253000000,3366000000,3.96,0.0332,2205000000,2205000000,None,-0.083,0.06,60727000000,70980000000,1.82,2010-06-30,16.42,None,101859000000.0,157678000000,59432000000,23302000000,7391000000,7391000000,None,27895000000,None,9321000000,None,None,6220000000,None,None,7746000000,None,None,None,0.111,9235000000,96951000000,60727000000,7866000000,4771000000,None,None,None,None,None,None,None,2.829,1.93,1.556,None,None,None,None,None,-1568000000,None,0.0918,None,107010000000,2025-10-31,quarterly,1.88,USD,pre-market,712000000,163335000000,0.0511,0.114,-0.051,75.02,14402000000,7991000000,1771000000,4604000000,111.47,116.3,3.2967,208335000000,73342000000,46307000000,97149000000,134993000000,50842000000,370680000000,111186000000,17.31,-55347000000,120.47,95.18
2025-12-28,XOM,6.88,326244991000.0,17.31,None,0.379,61.79,5756000000,None,28671000000,28671000000,-4620000000,-5167000000,3049000000,-210000000,0,None,None,None,5743000000,6327495622,None,213002000000,213002000000,31349000000,None,None,27484000000,None,None,10253000000,3280000000,3.96,0.0332,1986000000,1986000000,None,-0.083,0.06,60727000000,70980000000,1.82,2010-03-31,16.42,None,101859000000.0,157678000000,59432000000,23302000000,7391000000,7391000000,None,27895000000,None,9321000000,None,None,6220000000,None,None,6575000000,None,None,None,0.111,13046000000,96951000000,60727000000,7866000000,4771000000,None,None,None,None,None,None,None,2.829,1.93,1.556,None,None,None,None,None,-2495000000,None,0.0918,None,107010000000,2025-10-31,quarterly,1.88,USD,pre-market,712000000,163335000000,0.0511,0.114,-0.051,75.02,14402000000,7991000000,1771000000,4604000000,111.47,116.3,3.2967,208335000000,73342000000,46307000000,97149000000,134993000000,50842000000,370680000000,111186000000,17.31,-55347000000,120.47,95.18
2025-12-28,XOM,6.88,326244991000.0,17.31,None,0.379,61.79,6763000000,None,28671000000,28671000000,-3895000000,-6422000000,None,None,459000000,None,None,None,5743000000,6327495622,None,213002000000,213002000000,31349000000,None,None,27484000000,None,None,10253000000,0,3.96,0.0332,1992000000,1992000000,None,-0.083,0.06,60727000000,70980000000,1.82,2009-12-31,16.42,None,101859000000.0,157678000000,59432000000,23302000000,7391000000,7391000000,None,27895000000,None,9321000000,None,None,6220000000,None,None,6139000000,None,None,None,0.111,8504000000,96951000000,60727000000,7866000000,4771000000,None,None,None,None,None,None,None,2.829,1.93,1.556,None,None,None,None,None,-2372000000,None,0.0918,None,107010000000,2025-10-31,quarterly,1.88,USD,pre-market,712000000,163335000000,0.0511,0.114,-0.051,75.02,14402000000,7991000000,1771000000,4604000000,111.47,116.3,3.2967,208335000000,73342000000,46307000000,97149000000,134993000000,50842000000,370680000000,111186000000,17.31,-55347000000,120.47,95.18
2025-12-28,XOM,6.88,326244991000.0,17.31,None,0.379,61.79,5490000000,None,28671000000,28671000000,-6028000000,-6284000000,None,None,0,None,None,None,5743000000,6327495622,None,213002000000,213002000000,31349000000,None,None,27484000000,None,None,10253000000,0,3.96,0.0332,1878000000,1878000000,None,-0.083,0.06,60727000000,70980000000,1.82,2009-09-30,16.42,None,101859000000.0,157678000000,59432000000,23302000000,7391000000,7391000000,None,27895000000,None,9321000000,None,None,6220000000,None,None,4871000000,None,None,None,0.111,8827000000,96951000000,60727000000,7866000000,4771000000,None,None,None,None,None,None,None,2.829,1.93,1.556,None,None,None,None,None,-4233000000,None,0.0918,None,107010000000,2025-10-31,quarterly,1.88,USD,pre-market,712000000,163335000000,0.0511,0.114,-0.051,75.02,14402000000,7991000000,1771000000,4604000000,111.47,116.3,3.2967,208335000000,73342000000,46307000000,97149000000,134993000000,50842000000,370680000000,111186000000,17.31,-55347000000,120.47,95.18
2025-12-28,XOM,6.88,326244991000.0,17.31,None,0.379,61.79,5565000000,None,28671000000,28671000000,-7255000000,-4973000000,None,None,0,None,None,None,5743000000,6327495622,None,213002000000,213002000000,31349000000,None,None,27484000000,None,None,10253000000,0,3.96,0.0332,2082000000,2082000000,None,-0.083,0.06,60727000000,70980000000,1.82,2009-06-30,16.42,None,101859000000.0,157678000000,59432000000,23302000000,7391000000,7391000000,None,27895000000,None,9321000000,None,None,6220000000,None,None,3946000000,None,None,None,0.111,2197000000,96951000000,60727000000,7866000000,4771000000,None,None,None,None,None,None,None,2.829,1.93,1.556,None,None,None,None,None,-5246000000,None,0.0918,None,107010000000,2025-10-31,quarterly,1.88,USD,pre-market,712000000,163335000000,0.0511,0.114,-0.051,75.02,14402000000,7991000000,1771000000,4604000000,111.47,116.3,3.2967,208335000000,73342000000,46307000000,97149000000,134993000000,50842000000,370680000000,111186000000,17.31,-55347000000,120.47,95.18
2025-12-28,XOM,6.88,326244991000.0,17.31,None,0.379,61.79,4673000000,None,28671000000,28671000000,-10105000000,-4740000000,None,None,None,None,None,None,5743000000,6327495622,None,213002000000,213002000000,31349000000,None,None,27484000000,None,None,10253000000,None,3.96,0.0332,2071000000,2071000000,None,-0.083,0.06,60727000000,70980000000,1.82,2009-03-31,16.42,None,101859000000.0,157678000000,59432000000,23302000000,7391000000,7391000000,None,27895000000,None,9321000000,None,None,6220000000,None,None,4702000000,None,None,None,0.111,8910000000,96951000000,60727000000,7866000000,4771000000,None,None,None,None,None,None,None,2.829,1.93,1.556,None,None,None,None,None,-7852000000,None,0.0918,None,107010000000,2025-10-31,quarterly,1.88,USD,pre-market,712000000,163335000000,0.0511,0.114,-0.051,75.02,14402000000,7991000000,1771000000,4604000000,111.47,116.3,3.2967,208335000000,73342000000,46307000000,97149000000,134993000000,50842000000,370680000000,111186000000,17.31,-55347000000,120.47,95.18
2025-12-28,XOM,6.88,326244991000.0,17.31,None,0.379,61.79,5325000000,None,28671000000,28671000000,-11403000000,-2627000000,None,None,11646000000,None,None,None,5743000000,6327495622,None,213002000000,213002000000,31349000000,None,None,27484000000,None,None,10253000000,3177000000,3.96,0.0332,2018000000,2018000000,None,-0.083,0.06,60727000000,70980000000,1.82,2008-12-31,16.42,None,101859000000.0,157678000000,59432000000,23302000000,7391000000,7391000000,None,27895000000,None,9321000000,None,None,6220000000,None,None,7820000000,None,None,None,0.111,10484000000,96951000000,60727000000,7866000000,4771000000,None,None,None,None,None,None,None,2.829,1.93,1.556,None,None,None,None,None,-8845000000,None,0.0918,None,107010000000,2025-10-31,quarterly,1.88,USD,pre-market,712000000,163335000000,0.0511,0.114,-0.051,75.02,14402000000,7991000000,1771000000,4604000000,111.47,116.3,3.2967,208335000000,73342000000,46307000000,97149000000,134993000000,50842000000,370680000000,111186000000,17.31,-55347000000,120.47,95.18
2025-12-28,XOM,6.88,326244991000.0,17.31,None,0.379,61.79,5142000000,None,28671000000,28671000000,-10420000000,-4104000000,None,None,None,None,None,None,5743000000,6327495622,None,213002000000,213002000000,31349000000,None,None,27484000000,None,None,10253000000,3008000000,3.96,0.0332,2063000000,2063000000,None,-0.083,0.06,60727000000,70980000000,1.82,2008-09-30,16.42,None,101859000000.0,157678000000,59432000000,23302000000,7391000000,7391000000,None,27895000000,None,9321000000,None,None,6220000000,None,None,14830000000,None,None,None,0.111,14403000000,96951000000,60727000000,7866000000,4771000000,None,None,None,None,None,None,None,2.829,1.93,1.556,None,None,None,None,None,-8663000000,None,0.0918,None,107010000000,2025-10-31,quarterly,1.88,USD,pre-market,712000000,163335000000,0.0511,0.114,-0.051,75.02,14402000000,7991000000,1771000000,4604000000,111.47,116.3,3.2967,208335000000,73342000000,46307000000,97149000000,134993000000,50842000000,370680000000,111186000000,17.31,-55347000000,120.47,95.18
2025-12-28,XOM,6.88,326244991000.0,17.31,None,0.379,61.79,4872000000,None,28671000000,28671000000,-10851000000,-4468000000,None,None,None,None,None,None,5743000000,6327495622,None,213002000000,213002000000,31349000000,None,None,27484000000,None,None,10253000000,3090000000,3.96,0.0332,2098000000,2098000000,None,-0.083,0.06,60727000000,70980000000,1.82,2008-06-30,16.42,None,101859000000.0,157678000000,59432000000,23302000000,7391000000,7391000000,None,27895000000,None,9321000000,None,None,6220000000,None,None,11680000000,None,None,None,0.111,13418000000,96951000000,60727000000,7866000000,4771000000,None,None,None,None,None,None,None,2.829,1.93,1.556,None,None,None,None,None,-8761000000,None,0.0918,None,107010000000,2025-10-31,quarterly,1.88,USD,pre-market,712000000,163335000000,0.0511,0.114,-0.051,75.02,14402000000,7991000000,1771000000,4604000000,111.47,116.3,3.2967,208335000000,73342000000,46307000000,97149000000,134993000000,50842000000,370680000000,111186000000,17.31,-55347000000,120.47,95.18
2025-12-28,XOM,6.88,326244991000.0,17.31,None,0.379,61.79,3979000000,None,28671000000,28671000000,-11353000000,-4300000000,None,None,None,None,None,None,5743000000,6327495622,None,213002000000,213002000000,31349000000,None,None,27484000000,None,None,10253000000,3104000000,3.96,0.0332,1879000000,1879000000,None,-0.083,0.06,60727000000,70980000000,1.82,2008-03-31,16.42,None,101859000000.0,157678000000,59432000000,23302000000,7391000000,7391000000,None,27895000000,None,9321000000,None,None,6220000000,None,None,10890000000,None,None,None,0.111,21420000000,96951000000,60727000000,7866000000,4771000000,None,None,None,None,None,None,None,2.829,1.93,1.556,None,None,None,None,None,-9465000000,None,0.0918,None,107010000000,2025-10-31,quarterly,1.88,USD,pre-market,712000000,163335000000,0.0511,0.114,-0.051,75.02,14402000000,7991000000,1771000000,4604000000,111.47,116.3,3.2967,208335000000,73342000000,46307000000,97149000000,134993000000,50842000000,370680000000,111186000000,17.31,-55347000000,120.47,95.18
2025-12-28,XOM,6.88,326244991000.0,17.31,None,0.379,61.79,4560000000,None,28671000000,28671000000,-9407000000,337000000,None,None,11089000000,None,None,None,5743000000,6327495622,None,213002000000,213002000000,31349000000,None,None,27484000000,None,None,10253000000,3155000000,3.96,0.0332,1903000000,1903000000,None,-0.083,0.06,60727000000,70980000000,1.82,2007-12-31,16.42,None,101859000000.0,157678000000,59432000000,23302000000,7391000000,7391000000,None,27895000000,None,9321000000,None,None,6220000000,None,None,11660000000,None,None,None,0.111,11335000000,96951000000,60727000000,7866000000,4771000000,None,None,None,None,None,None,None,2.829,1.93,1.556,None,None,None,None,None,-8829000000,None,0.0918,None,107010000000,2025-10-31,quarterly,1.88,USD,pre-market,712000000,163335000000,0.0511,0.114,-0.051,75.02,14402000000,7991000000,1771000000,4604000000,111.47,116.3,3.2967,208335000000,73342000000,46307000000,97149000000,134993000000,50842000000,370680000000,111186000000,17.31,-55347000000,120.47,95.18
2025-12-28,XOM,6.88,326244991000.0,17.31,None,0.379,61.79,3935000000,None,28671000000,28671000000,-9777000000,-3742000000,None,None,None,None,None,None,5743000000,6327495622,None,213002000000,213002000000,31349000000,None,None,27484000000,None,None,10253000000,3159000000,3.96,0.0332,1932000000,1932000000,None,-0.083,0.06,60727000000,70980000000,1.82,2007-09-30,16.42,None,101859000000.0,157678000000,59432000000,23302000000,7391000000,7391000000,None,27895000000,None,9321000000,None,None,6220000000,None,None,9410000000,None,None,None,0.111,15063000000,96951000000,60727000000,7866000000,4771000000,None,None,None,None,None,None,None,2.829,1.93,1.556,None,None,None,None,None,-7572000000,None,0.0918,None,107010000000,2025-10-31,quarterly,1.88,USD,pre-market,712000000,163335000000,0.0511,0.114,-0.051,75.02,14402000000,7991000000,1771000000,4604000000,111.47,116.3,3.2967,208335000000,73342000000,46307000000,97149000000,134993000000,50842000000,370680000000,111186000000,17.31,-55347000000,120.47,95.18
2025-12-28,XOM,6.88,326244991000.0,17.31,None,0.379,61.79,3786000000,None,28671000000,28671000000,-9656000000,-3085000000,None,None,None,None,None,None,5743000000,6327495622,None,213002000000,213002000000,31349000000,None,None,27484000000,None,None,10253000000,2994000000,3.96,0.0332,1961000000,1961000000,None,-0.083,0.06,60727000000,70980000000,1.82,2007-06-30,16.42,None,101859000000.0,157678000000,59432000000,23302000000,7391000000,7391000000,None,27895000000,None,9321000000,None,None,6220000000,None,None,10260000000,None,None,None,0.111,11318000000,96951000000,60727000000,7866000000,4771000000,None,None,None,None,None,None,None,2.829,1.93,1.556,None,None,None,None,None,-7633000000,None,0.0918,None,107010000000,2025-10-31,quarterly,1.88,USD,pre-market,712000000,163335000000,0.0511,0.114,-0.051,75.02,14402000000,7991000000,1771000000,4604000000,111.47,116.3,3.2967,208335000000,73342000000,46307000000,97149000000,134993000000,50842000000,370680000000,111186000000,17.31,-55347000000,120.47,95.18
2025-12-28,XOM,6.88,326244991000.0,17.31,None,0.379,61.79,3106000000,None,28671000000,28671000000,-9505000000,-3238000000,None,None,None,None,None,None,5743000000,6327495622,None,213002000000,213002000000,31349000000,None,None,27484000000,None,None,10253000000,2942000000,3.96,0.0332,1825000000,1825000000,None,-0.083,0.06,60727000000,70980000000,1.82,2007-03-31,16.42,None,101859000000.0,157678000000,59432000000,23302000000,7391000000,7391000000,None,27895000000,None,9321000000,None,None,6220000000,None,None,9280000000,None,None,None,0.111,14286000000,96951000000,60727000000,7866000000,4771000000,None,None,None,None,None,None,None,2.829,1.93,1.556,None,None,None,None,None,-7788000000,None,0.0918,None,107010000000,2025-10-31,quarterly,1.88,USD,pre-market,712000000,163335000000,0.0511,0.114,-0.051,75.02,14402000000,7991000000,1771000000,4604000000,111.47,116.3,3.2967,208335000000,73342000000,46307000000,97149000000,134993000000,50842000000,370680000000,111186000000,17.31,-55347000000,120.47,95.18
2025-12-28,XOM,6.88,326244991000.0,17.31,None,0.379,61.79,4161000000,None,28671000000,28671000000,-10076000000,-3466000000,None,None,10714000000,None,None,None,5743000000,6327495622,None,213002000000,213002000000,31349000000,None,None,27484000000,None,None,10253000000,3282000000,3.96,0.0332,1853000000,1853000000,None,-0.083,0.06,60727000000,70980000000,1.82,2006-12-31,16.42,None,101859000000.0,157678000000,59432000000,23302000000,7391000000,7391000000,None,27895000000,None,9321000000,None,None,6220000000,None,None,10250000000,None,None,None,0.111,8862000000,96951000000,60727000000,7866000000,4771000000,None,None,None,None,None,None,None,2.829,1.93,1.556,None,None,None,None,None,-9179000000,None,0.0918,None,107010000000,2025-10-31,quarterly,1.88,USD,pre-market,712000000,163335000000,0.0511,0.114,-0.051,75.02,14402000000,7991000000,1771000000,4604000000,111.47,116.3,3.2967,208335000000,73342000000,46307000000,97149000000,134993000000,50842000000,370680000000,111186000000,17.31,-55347000000,120.47,95.18
2025-12-28,XOM,6.88,326244991000.0,17.31,None,0.379,61.79,3715000000,None,28671000000,28671000000,-9759000000,-3988000000,None,None,None,None,None,None,5743000000,6327495622,None,213002000000,213002000000,31349000000,None,None,27484000000,None,None,10253000000,2730000000,3.96,0.0332,1892000000,1892000000,None,-0.083,0.06,60727000000,70980000000,1.82,2006-09-30,16.42,None,101859000000.0,157678000000,59432000000,23302000000,7391000000,7391000000,None,27895000000,None,9321000000,None,None,6220000000,None,None,10490000000,None,None,None,0.111,14497000000,96951000000,60727000000,7866000000,4771000000,None,None,None,None,None,None,None,2.829,1.93,1.556,None,None,None,None,None,-7985000000,None,0.0918,None,107010000000,2025-10-31,quarterly,1.88,USD,pre-market,712000000,163335000000,0.0511,0.114,-0.051,75.02,14402000000,7991000000,1771000000,4604000000,111.47,116.3,3.2967,208335000000,73342000000,46307000000,97149000000,134993000000,50842000000,370680000000,111186000000,17.31,-55347000000,120.47,95.18
2025-12-28,XOM,6.88,326244991000.0,17.31,None,0.379,61.79,3856000000,None,28671000000,28671000000,-8373000000,-3273000000,None,None,None,None,None,None,5743000000,6327495622,None,213002000000,213002000000,31349000000,None,None,27484000000,None,None,10253000000,2760000000,3.96,0.0332,1926000000,1926000000,None,-0.083,0.06,60727000000,70980000000,1.82,2006-06-30,16.42,None,101859000000.0,157678000000,59432000000,23302000000,7391000000,7391000000,None,27895000000,None,9321000000,None,None,6220000000,None,None,10360000000,None,None,None,0.111,11296000000,96951000000,60727000000,7866000000,4771000000,None,None,None,None,None,None,None,2.829,1.93,1.556,None,None,None,None,None,-6630000000,None,0.0918,None,107010000000,2025-10-31,quarterly,1.88,USD,pre-market,712000000,163335000000,0.0511,0.114,-0.051,75.02,14402000000,7991000000,1771000000,4604000000,111.47,116.3,3.2967,208335000000,73342000000,46307000000,97149000000,134993000000,50842000000,370680000000,111186000000,17.31,-55347000000,120.47,95.18
2025-12-28,XOM,6.88,326244991000.0,17.31,None,0.379,61.79,3730000000,None,28671000000,28671000000,-8002000000,-3503000000,None,None,None,None,None,None,5743000000,6327495622,None,213002000000,213002000000,31349000000,None,None,27484000000,None,None,10253000000,2644000000,3.96,0.0332,1957000000,1957000000,None,-0.083,0.06,60727000000,70980000000,1.82,2006-03-31,16.42,None,101859000000.0,157678000000,59432000000,23302000000,7391000000,7391000000,None,27895000000,None,9321000000,None,None,6220000000,None,None,8400000000,None,None,None,0.111,14631000000,96951000000,60727000000,7866000000,4771000000,None,None,None,None,None,None,None,2.829,1.93,1.556,None,None,None,None,None,-5764000000,None,0.0918,None,107010000000,2025-10-31,quarterly,1.88,USD,pre-market,712000000,163335000000,0.0511,0.114,-0.051,75.02,14402000000,7991000000,1771000000,4604000000,111.47,116.3,3.2967,208335000000,73342000000,46307000000,97149000000,134993000000,50842000000,370680000000,111186000000,17.31,-55347000000,120.47,95.18
2025-12-28,XOM,6.88,326244991000.0,17.31,None,0.379,61.79,3899000000,None,28671000000,28671000000,-7971000000,-2891000000,None,None,9321000000,None,None,None,5743000000,6327495622,None,213002000000,213002000000,31349000000,None,None,27484000000,None,None,10253000000,2671000000,3.96,0.0332,1859000000,1859000000,None,-0.083,0.06,60727000000,70980000000,1.82,2005-12-31,16.42,None,101859000000.0,157678000000,59432000000,23302000000,7391000000,7391000000,None,27895000000,None,9321000000,None,None,6220000000,None,None,10710000000,None,None,None,0.111,10390000000,96951000000,60727000000,7866000000,4771000000,None,None,None,None,None,None,None,2.829,1.93,1.556,None,None,None,None,None,-6236000000,None,0.0918,None,107010000000,2025-10-31,quarterly,1.88,USD,pre-market,712000000,163335000000,0.0511,0.114,-0.051,75.02,14402000000,7991000000,1771000000,4604000000,111.47,116.3,3.2967,208335000000,73342000000,46307000000,97149000000,134993000000,50842000000,370680000000,111186000000,17.31,-55347000000,120.47,95.18
2025-12-28,XOM,6.88,326244991000.0,17.31,None,0.379,61.79,3492000000,None,28671000000,28671000000,-8098000000,-4165000000,None,None,None,None,None,None,5743000000,6327495622,None,213002000000,213002000000,31349000000,None,None,27484000000,None,None,10253000000,2513000000,3.96,0.0332,1913000000,1913000000,None,-0.083,0.06,60727000000,70980000000,1.82,2005-09-30,16.42,None,101859000000.0,157678000000,59432000000,23302000000,7391000000,7391000000,None,27895000000,None,9321000000,None,None,6220000000,None,None,9920000000,None,None,None,0.111,15767000000,96951000000,60727000000,7866000000,4771000000,None,None,None,None,None,None,None,2.829,1.93,1.556,None,None,None,None,None,-5289000000,None,0.0918,None,107010000000,2025-10-31,quarterly,1.88,USD,pre-market,712000000,163335000000,0.0511,0.114,-0.051,75.02,14402000000,7991000000,1771000000,4604000000,111.47,116.3,3.2967,208335000000,73342000000,46307000000,97149000000,134993000000,50842000000,370680000000,111186000000,17.31,-55347000000,120.47,95.18
2025-12-28,XOM,6.88,326244991000.0,17.31,None,0.379,61.79,24306000000,None,28671000000,28671000000,-42789000000,-19938000000,None,None,-1812000000,None,None,None,5743000000,6327495622,None,213002000000,213002000000,31349000000,None,None,27484000000,None,None,10253000000,23442000000,3.96,0.0332,16704000000,16704000000,None,-0.083,0.06,60727000000,70980000000,1.82,2024-12-31,16.42,None,101859000000.0,157678000000,59432000000,23302000000,7391000000,7391000000,None,27895000000,None,9321000000,None,None,6220000000,None,None,33680000000,None,None,None,0.111,55022000000,96951000000,60727000000,7866000000,4771000000,None,None,None,None,None,None,None,2.829,1.93,1.556,None,None,None,None,None,-19629000000,None,0.0918,None,107010000000,2025-10-31,annual,1.88,USD,pre-market,712000000,163335000000,0.0511,0.114,-0.051,75.02,14402000000,7991000000,1771000000,4604000000,111.47,116.3,3.2967,208335000000,73342000000,46307000000,97149000000,134993000000,50842000000,370680000000,111186000000,17.31,-55347000000,120.47,95.18
2025-12-28,XOM,6.88,326244991000.0,17.31,None,0.379,61.79,21919000000,None,28671000000,28671000000,-33527000000,-20044000000,None,None,-3472000000,None,None,None,5743000000,6327495622,None,213002000000,213002000000,31349000000,None,None,27484000000,None,None,10253000000,20641000000,3.96,0.0332,14941000000,14941000000,None,-0.083,0.06,60727000000,70980000000,1.82,2023-12-31,16.42,None,101859000000.0,157678000000,59432000000,23302000000,7391000000,7391000000,None,27895000000,None,9321000000,None,None,6220000000,None,None,36010000000,None,None,None,0.111,55369000000,96951000000,60727000000,7866000000,4771000000,None,None,None,None,None,None,None,2.829,1.93,1.556,None,None,None,None,None,-17748000000,None,0.0918,None,107010000000,2025-10-31,annual,1.88,USD,pre-market,712000000,163335000000,0.0511,0.114,-0.051,75.02,14402000000,7991000000,1771000000,4604000000,111.47,116.3,3.2967,208335000000,73342000000,46307000000,97149000000,134993000000,50842000000,370680000000,111186000000,17.31,-55347000000,120.47,95.18
2025-12-28,XOM,6.88,326244991000.0,17.31,None,0.379,61.79,18407000000,None,28671000000,28671000000,-39114000000,-14742000000,22941000000,None,-6947000000,None,None,-11019000000,5743000000,6327495622,None,213002000000,213002000000,31349000000,None,None,27484000000,None,None,10253000000,24040000000,3.96,0.0332,14939000000,14939000000,None,-0.083,0.06,60727000000,70980000000,1.82,2022-12-31,16.42,None,101859000000.0,157678000000,59432000000,23302000000,7391000000,7391000000,None,27895000000,None,9321000000,None,None,6220000000,None,None,57577000000,None,None,None,0.111,76797000000,96951000000,60727000000,7866000000,4771000000,None,None,None,None,None,None,None,2.829,1.93,1.556,None,None,None,None,None,-15155000000,None,0.0918,None,107010000000,2025-10-31,annual,1.88,USD,pre-market,712000000,163335000000,0.0511,0.114,-0.051,75.02,14402000000,7991000000,1771000000,4604000000,111.47,116.3,3.2967,208335000000,73342000000,46307000000,97149000000,134993000000,50842000000,370680000000,111186000000,17.31,-55347000000,120.47,95.18
2025-12-28,XOM,6.88,326244991000.0,17.31,None,0.379,61.79,12076000000,None,28671000000,28671000000,-35423000000,-10235000000,2471000000,None,-489000000,None,None,-12098000000,5743000000,6327495622,None,213002000000,213002000000,31349000000,None,None,27484000000,None,None,10253000000,19407000000,3.96,0.0332,14924000000,14924000000,None,-0.083,0.06,60727000000,70980000000,1.82,2021-12-31,16.42,None,101859000000.0,157678000000,59432000000,23302000000,7391000000,7391000000,None,27895000000,None,9321000000,None,None,6220000000,None,None,23598000000,None,None,None,0.111,48129000000,96951000000,60727000000,7866000000,4771000000,None,None,None,None,None,None,None,2.829,1.93,1.556,None,None,None,None,None,-155000000,None,0.0918,None,107010000000,2025-10-31,annual,1.88,USD,pre-market,712000000,163335000000,0.0511,0.114,-0.051,75.02,14402000000,7991000000,1771000000,4604000000,111.47,116.3,3.2967,208335000000,73342000000,46307000000,97149000000,134993000000,50842000000,370680000000,111186000000,17.31,-55347000000,120.47,95.18
2025-12-28,XOM,6.88,326244991000.0,17.31,None,0.379,61.79,17282000000,None,28671000000,28671000000,5285000000,-18459000000,1494000000,None,-315000000,None,None,5384000000,5743000000,6327495622,None,213002000000,213002000000,31349000000,None,None,27484000000,None,None,10253000000,46009000000,3.96,0.0332,14865000000,14865000000,None,-0.083,0.06,60727000000,70980000000,1.82,2020-12-31,16.42,None,101859000000.0,157678000000,59432000000,23302000000,7391000000,7391000000,None,27895000000,None,9321000000,None,None,6220000000,None,None,-23251000000,None,None,None,0.111,14668000000,96951000000,60727000000,7866000000,4771000000,None,None,None,None,None,None,None,2.829,1.93,1.556,None,None,None,None,None,-405000000,None,0.0918,None,107010000000,2025-10-31,annual,1.88,USD,pre-market,712000000,163335000000,0.0511,0.114,-0.051,75.02,14402000000,7991000000,1771000000,4604000000,111.47,116.3,3.2967,208335000000,73342000000,46307000000,97149000000,134993000000,50842000000,370680000000,111186000000,17.31,-55347000000,120.47,95.18
2025-12-28,XOM,6.88,326244991000.0,17.31,None,0.379,61.79,24361000000,None,28671000000,28671000000,-6618000000,-23084000000,14000000,None,72000000,None,None,-2640000000,5743000000,6327495622,None,213002000000,213002000000,31349000000,None,None,27484000000,None,None,10253000000,18998000000,3.96,0.0332,14652000000,14652000000,None,-0.083,0.06,60727000000,70980000000,1.82,2019-12-31,16.42,None,101859000000.0,157678000000,59432000000,23302000000,7391000000,7391000000,None,27895000000,None,9321000000,None,None,6220000000,None,None,14774000000,None,None,None,0.111,29716000000,96951000000,60727000000,7866000000,4771000000,None,None,None,None,None,None,None,2.829,1.93,1.556,None,None,None,None,None,-594000000,None,0.0918,None,107010000000,2025-10-31,annual,1.88,USD,pre-market,712000000,163335000000,0.0511,0.114,-0.051,75.02,14402000000,7991000000,1771000000,4604000000,111.47,116.3,3.2967,208335000000,73342000000,46307000000,97149000000,134993000000,50842000000,370680000000,111186000000,17.31,-55347000000,120.47,95.18
2025-12-28,XOM,6.88,326244991000.0,17.31,None,0.379,61.79,19574000000,None,28671000000,28671000000,-19446000000,-16446000000,-135000000,-257000000,-3107000000,None,None,-545000000,5743000000,6327495622,None,213002000000,213002000000,31349000000,None,None,27484000000,None,None,10253000000,18045000000,3.96,0.0332,13798000000,13798000000,None,-0.083,0.06,60727000000,70980000000,1.82,2018-12-31,16.42,None,101859000000.0,157678000000,59432000000,23302000000,7391000000,7391000000,None,27895000000,None,9321000000,None,None,6220000000,None,None,20840000000,None,None,None,0.111,36014000000,96951000000,60727000000,7866000000,4771000000,None,None,None,None,None,None,None,2.829,1.93,1.556,None,None,None,None,None,-626000000,None,0.0918,None,107010000000,2025-10-31,annual,1.88,USD,pre-market,712000000,163335000000,0.0511,0.114,-0.051,75.02,14402000000,7991000000,1771000000,4604000000,111.47,116.3,3.2967,208335000000,73342000000,46307000000,97149000000,134993000000,50842000000,370680000000,111186000000,17.31,-55347000000,120.47,95.18
2025-12-28,XOM,6.88,326244991000.0,17.31,None,0.379,61.79,15402000000,None,28671000000,28671000000,-15130000000,-15730000000,-480000000,314000000,-1682000000,None,None,-3954000000,5743000000,6327495622,None,213002000000,213002000000,31349000000,None,None,27484000000,None,None,10253000000,17893000000,3.96,0.0332,13001000000,13001000000,None,-0.083,0.06,60727000000,70980000000,1.82,2017-12-31,16.42,None,101859000000.0,157678000000,59432000000,23302000000,7391000000,7391000000,None,27895000000,None,9321000000,None,None,6220000000,None,None,19710000000,None,None,None,0.111,30066000000,96951000000,60727000000,7866000000,4771000000,None,None,None,None,None,None,None,2.829,1.93,1.556,None,None,None,None,None,-747000000,None,0.0918,None,107010000000,2025-10-31,annual,1.88,USD,pre-market,712000000,163335000000,0.0511,0.114,-0.051,75.02,14402000000,7991000000,1771000000,4604000000,111.47,116.3,3.2967,208335000000,73342000000,46307000000,97149000000,134993000000,50842000000,370680000000,111186000000,17.31,-55347000000,120.47,95.18
2025-12-28,XOM,6.88,326244991000.0,17.31,None,0.379,61.79,16163000000,None,28671000000,28671000000,-9293000000,-12403000000,-48000000,-434000000,-388000000,None,None,-2090000000,5743000000,6327495622,None,213002000000,213002000000,31349000000,None,None,27484000000,None,None,10253000000,18708000000,3.96,0.0332,12453000000,12453000000,None,-0.083,0.06,60727000000,70980000000,1.82,2016-12-31,16.42,None,101859000000.0,157678000000,59432000000,23302000000,7391000000,7391000000,None,27895000000,None,9321000000,None,None,6220000000,None,None,7840000000,None,None,None,0.111,22082000000,96951000000,60727000000,7866000000,4771000000,None,None,None,None,None,None,None,2.829,1.93,1.556,None,None,None,None,None,-977000000,None,0.0918,None,107010000000,2025-10-31,annual,1.88,USD,pre-market,712000000,163335000000,0.0511,0.114,-0.051,75.02,14402000000,7991000000,1771000000,4604000000,111.47,116.3,3.2967,208335000000,73342000000,46307000000,97149000000,134993000000,50842000000,370680000000,111186000000,17.31,-55347000000,120.47,95.18
2025-12-28,XOM,6.88,326244991000.0,17.31,None,0.379,61.79,26490000000,None,28671000000,28671000000,-7037000000,-23824000000,-911000000,-394000000,-379000000,None,None,4692000000,5743000000,6327495622,None,213002000000,213002000000,31349000000,None,None,27484000000,None,None,10253000000,18048000000,3.96,0.0332,12090000000,12090000000,None,-0.083,0.06,60727000000,70980000000,1.82,2015-12-31,16.42,None,101859000000.0,157678000000,59432000000,23302000000,7391000000,7391000000,None,27895000000,None,9321000000,None,None,6220000000,None,None,16150000000,None,None,None,0.111,30344000000,96951000000,60727000000,7866000000,4771000000,None,None,None,None,None,None,None,2.829,1.93,1.556,None,None,None,None,None,-4039000000,None,0.0918,None,107010000000,2025-10-31,annual,1.88,USD,pre-market,712000000,163335000000,0.0511,0.114,-0.051,75.02,14402000000,7991000000,1771000000,4604000000,111.47,116.3,3.2967,208335000000,73342000000,46307000000,97149000000,134993000000,50842000000,370680000000,111186000000,17.31,-55347000000,120.47,95.18
2025-12-28,XOM,6.88,326244991000.0,17.31,None,0.379,61.79,32952000000,None,28671000000,28671000000,-17888000000,-26975000000,-28000000,-281000000,-1343000000,None,None,3118000000,5743000000,6327495622,None,213002000000,213002000000,31349000000,None,None,27484000000,None,None,10253000000,17297000000,3.96,0.0332,11568000000,11568000000,None,-0.083,0.06,60727000000,70980000000,1.82,2014-12-31,16.42,None,101859000000.0,157678000000,59432000000,23302000000,7391000000,7391000000,None,27895000000,None,9321000000,None,None,6220000000,None,None,32520000000,None,None,None,0.111,45116000000,96951000000,60727000000,7866000000,4771000000,None,None,None,None,None,None,None,2.829,1.93,1.556,None,None,None,None,None,-13183000000,None,0.0918,None,107010000000,2025-10-31,annual,1.88,USD,pre-market,712000000,163335000000,0.0511,0.114,-0.051,75.02,14402000000,7991000000,1771000000,4604000000,111.47,116.3,3.2967,208335000000,73342000000,46307000000,97149000000,134993000000,50842000000,370680000000,111186000000,17.31,-55347000000,120.47,95.18
2025-12-28,XOM,6.88,326244991000.0,17.31,None,0.379,61.79,33669000000,None,28671000000,28671000000,-15476000000,-34201000000,-4938000000,-175000000,-1812000000,None,None,-305000000,5743000000,6327495622,None,213002000000,213002000000,31349000000,None,None,27484000000,None,None,10253000000,17182000000,3.96,0.0332,10875000000,10875000000,None,-0.083,0.06,60727000000,70980000000,1.82,2013-12-31,16.42,None,101859000000.0,157678000000,59432000000,23302000000,7391000000,7391000000,None,27895000000,None,9321000000,None,None,6220000000,None,None,32580000000,None,None,None,0.111,44914000000,96951000000,60727000000,7866000000,4771000000,None,None,None,None,None,None,None,2.829,1.93,1.556,None,None,None,None,None,-15998000000,None,0.0918,None,107010000000,2025-10-31,annual,1.88,USD,pre-market,712000000,163335000000,0.0511,0.114,-0.051,75.02,14402000000,7991000000,1771000000,4604000000,111.47,116.3,3.2967,208335000000,73342000000,46307000000,97149000000,134993000000,50842000000,370680000000,111186000000,17.31,-55347000000,120.47,95.18
2025-12-28,XOM,6.88,326244991000.0,17.31,None,0.379,61.79,34271000000,None,28671000000,28671000000,-33868000000,-25601000000,-3082000000,217000000,-1873000000,None,None,-1082000000,5743000000,6327495622,None,213002000000,213002000000,31349000000,None,None,27484000000,None,None,10253000000,15888000000,3.96,0.0332,10092000000,10092000000,None,-0.083,0.06,60727000000,70980000000,1.82,2012-12-31,16.42,None,101859000000.0,157678000000,59432000000,23302000000,7391000000,7391000000,None,27895000000,None,9321000000,None,None,6220000000,None,None,44880000000,None,None,None,0.111,56170000000,96951000000,60727000000,7866000000,4771000000,None,None,None,None,None,None,None,2.829,1.93,1.556,None,None,None,None,None,-21068000000,None,0.0918,None,107010000000,2025-10-31,annual,1.88,USD,pre-market,712000000,163335000000,0.0511,0.114,-0.051,75.02,14402000000,7991000000,1771000000,4604000000,111.47,116.3,3.2967,208335000000,73342000000,46307000000,97149000000,134993000000,50842000000,370680000000,111186000000,17.31,-55347000000,120.47,95.18
2025-12-28,XOM,6.88,326244991000.0,17.31,None,0.379,61.79,30975000000,None,28671000000,28671000000,-28256000000,-22165000000,4839000000,-85000000,-2208000000,None,None,-7906000000,5743000000,6327495622,None,213002000000,213002000000,31349000000,None,None,27484000000,None,None,10253000000,15583000000,3.96,0.0332,9020000000,9020000000,None,-0.083,0.06,60727000000,70980000000,1.82,2011-12-31,16.42,None,101859000000.0,157678000000,59432000000,23302000000,7391000000,7391000000,None,27895000000,None,9321000000,None,None,6220000000,None,None,42206000000,None,None,None,0.111,55345000000,96951000000,60727000000,7866000000,4771000000,None,None,None,None,None,None,None,2.829,1.93,1.556,None,None,None,None,None,-22055000000,None,0.0918,None,107010000000,2025-10-31,annual,1.88,USD,pre-market,712000000,163335000000,0.0511,0.114,-0.051,75.02,14402000000,7991000000,1771000000,4604000000,111.47,116.3,3.2967,208335000000,73342000000,46307000000,97149000000,134993000000,50842000000,370680000000,111186000000,17.31,-55347000000,120.47,95.18
2025-12-28,XOM,6.88,326244991000.0,17.31,None,0.379,61.79,26871000000,None,28671000000,28671000000,-26924000000,-24204000000,-2868000000,-153000000,-1148000000,None,None,5863000000,5743000000,6327495622,None,213002000000,213002000000,31349000000,None,None,27484000000,None,None,10253000000,14760000000,3.96,0.0332,8498000000,8498000000,None,-0.083,0.06,60727000000,70980000000,1.82,2010-12-31,16.42,None,101859000000.0,157678000000,59432000000,23302000000,7391000000,7391000000,None,27895000000,None,9321000000,None,None,6220000000,None,None,31398000000,None,None,None,0.111,48413000000,96951000000,60727000000,7866000000,4771000000,None,None,None,None,None,None,None,2.829,1.93,1.556,None,None,None,None,None,-13093000000,None,0.0918,None,107010000000,2025-10-31,annual,1.88,USD,pre-market,712000000,163335000000,0.0511,0.114,-0.051,75.02,14402000000,7991000000,1771000000,4604000000,111.47,116.3,3.2967,208335000000,73342000000,46307000000,97149000000,134993000000,50842000000,370680000000,111186000000,17.31,-55347000000,120.47,95.18
2025-12-28,XOM,6.88,326244991000.0,17.31,None,0.379,61.79,22491000000,None,28671000000,28671000000,-27283000000,-22419000000,None,None,459000000,None,None,None,5743000000,6327495622,None,213002000000,213002000000,31349000000,None,None,27484000000,None,None,10253000000,0,3.96,0.0332,8023000000,8023000000,None,-0.083,0.06,60727000000,70980000000,1.82,2009-12-31,16.42,None,101859000000.0,157678000000,59432000000,23302000000,7391000000,7391000000,None,27895000000,None,9321000000,None,None,6220000000,None,None,19658000000,None,None,None,0.111,28438000000,96951000000,60727000000,7866000000,4771000000,None,None,None,None,None,None,None,2.829,1.93,1.556,None,None,None,None,None,-19703000000,None,0.0918,None,107010000000,2025-10-31,annual,1.88,USD,pre-market,712000000,163335000000,0.0511,0.114,-0.051,75.02,14402000000,7991000000,1771000000,4604000000,111.47,116.3,3.2967,208335000000,73342000000,46307000000,97149000000,134993000000,50842000000,370680000000,111186000000,17.31,-55347000000,120.47,95.18
2025-12-28,XOM,6.88,326244991000.0,17.31,None,0.379,61.79,19318000000,None,28671000000,28671000000,-44027000000,-15499000000,None,None,-1285000000,None,None,None,5743000000,6327495622,None,213002000000,213002000000,31349000000,None,None,27484000000,None,None,10253000000,12379000000,3.96,0.0332,8058000000,8058000000,None,-0.083,0.06,60727000000,70980000000,1.82,2008-12-31,16.42,None,101859000000.0,157678000000,59432000000,23302000000,7391000000,7391000000,None,27895000000,None,9321000000,None,None,6220000000,None,None,45220000000,None,None,None,0.111,59725000000,96951000000,60727000000,7866000000,4771000000,None,None,None,None,None,None,None,2.829,1.93,1.556,None,None,None,None,None,-35734000000,None,0.0918,None,107010000000,2025-10-31,annual,1.88,USD,pre-market,712000000,163335000000,0.0511,0.114,-0.051,75.02,14402000000,7991000000,1771000000,4604000000,111.47,116.3,3.2967,208335000000,73342000000,46307000000,97149000000,134993000000,50842000000,370680000000,111186000000,17.31,-55347000000,120.47,95.18
2025-12-28,XOM,6.88,326244991000.0,17.31,None,0.379,61.79,15387000000,None,28671000000,28671000000,-38345000000,-9728000000,None,None,72000000,None,None,None,5743000000,6327495622,None,213002000000,213002000000,31349000000,None,None,27484000000,None,None,10253000000,12250000000,3.96,0.0332,7621000000,7621000000,None,-0.083,0.06,60727000000,70980000000,1.82,2007-12-31,16.42,None,101859000000.0,157678000000,59432000000,23302000000,7391000000,7391000000,None,27895000000,None,9321000000,None,None,6220000000,None,None,40610000000,None,None,None,0.111,52002000000,96951000000,60727000000,7866000000,4771000000,None,None,None,None,None,None,None,2.829,1.93,1.556,None,None,None,None,None,-31822000000,None,0.0918,None,107010000000,2025-10-31,annual,1.88,USD,pre-market,712000000,163335000000,0.0511,0.114,-0.051,75.02,14402000000,7991000000,1771000000,4604000000,111.47,116.3,3.2967,208335000000,73342000000,46307000000,97149000000,134993000000,50842000000,370680000000,111186000000,17.31,-55347000000,120.47,95.18
2025-12-28,XOM,6.88,326244991000.0,17.31,None,0.379,61.79,15462000000,None,28671000000,28671000000,-36210000000,-14230000000,None,None,-1057000000,None,None,None,5743000000,6327495622,None,213002000000,213002000000,31349000000,None,None,27484000000,None,None,10253000000,11416000000,3.96,0.0332,7628000000,7628000000,None,-0.083,0.06,60727000000,70980000000,1.82,2006-12-31,16.42,None,101859000000.0,157678000000,59432000000,23302000000,7391000000,7391000000,None,27895000000,None,9321000000,None,None,6220000000,None,None,39500000000,None,None,None,0.111,49286000000,96951000000,60727000000,7866000000,4771000000,None,None,None,None,None,None,None,2.829,1.93,1.556,None,None,None,None,None,-29558000000,None,0.0918,None,107010000000,2025-10-31,annual,1.88,USD,pre-market,712000000,163335000000,0.0511,0.114,-0.051,75.02,14402000000,7991000000,1771000000,4604000000,111.47,116.3,3.2967,208335000000,73342000000,46307000000,97149000000,134993000000,50842000000,370680000000,111186000000,17.31,-55347000000,120.47,95.18
2025-12-28,XOM,6.88,326244991000.0,17.31,None,0.379,61.79,13839000000,None,28671000000,28671000000,-26941000000,-10270000000,None,None,-434000000,None,None,None,5743000000,6327495622,None,213002000000,213002000000,31349000000,None,None,27484000000,None,None,10253000000,10253000000,3.96,0.0332,7478000000,7478000000,None,-0.083,0.06,60727000000,70980000000,1.82,2005-12-31,16.42,None,101859000000.0,157678000000,59432000000,23302000000,7391000000,7391000000,None,27895000000,None,9321000000,None,None,6220000000,None,None,36130000000,None,None,None,0.111,48138000000,96951000000,60727000000,7866000000,4771000000,None,None,None,None,None,None,None,2.829,1.93,1.556,None,None,None,None,None,-18221000000,None,0.0918,None,107010000000,2025-10-31,annual,1.88,USD,pre-market,712000000,163335000000,0.0511,0.114,-0.051,75.02,14402000000,7991000000,1771000000,4604000000,111.47,116.3,3.2967,208335000000,73342000000,46307000000,97149000000,134993000000,50842000000,370680000000,111186000000,17.31,-55347000000,120.47,95.18
