date,symbol,eps,revenue_ttm,pe_ratio,accumulateddepreciationamortizationppe,beta,book_value,capitalexpenditures,capitalleaseobligations,cashandcashequivalentsatcarryingvalue,cashandshortterminvestments,cashflowfromfinancing,cashflowfrominvestment,changeincashandcashequivalents,changeinexchangerate,changeininventory,changeinoperatingassets,changeinoperatingliabilities,changeinreceivables,commonstock,commonstocksharesoutstanding,comprehensiveincomenetoftax,costofgoodsandservicessold,costofrevenue,currentaccountspayable,currentdebt,currentlongtermdebt,currentnetreceivables,deferredrevenue,depreciation,depreciationandamortization,depreciationdepletionandamortization,dividend_per_share,dividend_yield,dividendpayout,dividendpayoutcommonstock,dividendpayoutpreferredstock,earnings_growth_yoy,earnings_surprise,ebit,ebitda,estimated_eps,fiscaldateending,forward_pe,goodwill,gross_profit_ttm,grossprofit,incomebeforetax,incometaxexpense,intangibleassets,intangibleassetsexcludinggoodwill,interestanddebtexpense,interestexpense,interestincome,inventory,investmentincomenet,investments,longtermdebt,longtermdebtnoncurrent,longterminvestments,netincome,netincomefromcontinuingoperations,netinterestincome,noninterestincome,operating_margin_ttm,operatingcashflow,operatingexpenses,operatingincome,othercurrentassets,othercurrentliabilities,othernoncurrentassets,othernoncurrentliabilities,othernonoperatingincome,paymentsforoperatingactivities,paymentsforrepurchaseofcommonstock,paymentsforrepurchaseofequity,paymentsforrepurchaseofpreferredstock,peg_ratio,price_to_book,price_to_sales_ttm,proceedsfromissuanceofcommonstock,proceedsfromissuanceoflongtermdebtandcapitalsecuritiesnet,proceedsfromissuanceofpreferredstock,proceedsfromoperatingactivities,proceedsfromrepaymentsofshorttermdebt,proceedsfromrepurchaseofequity,proceedsfromsaleoftreasurystock,profit_margin,profitloss,propertyplantequipment,report_date,report_type,reported_eps,reportedcurrency,reporttime,researchanddevelopment,retainedearnings,return_on_assets_ttm,return_on_equity_ttm,revenue_growth_yoy,revenue_per_share_ttm,sellinggeneralandadministrative,shortlongtermdebttotal,shorttermdebt,shortterminvestments,sma_200,sma_50,surprise_pct,totalassets,totalcurrentassets,totalcurrentliabilities,totalliabilities,totalnoncurrentassets,totalnoncurrentliabilities,totalrevenue,totalshareholderequity,trailing_pe,treasurystock,week_52_high,week_52_low
2011-09-30,XYL,,,,,,,,,,,,,,,,,,,,,,,,,,,,,,,,,,,,,,0.13,,,0.42,,,,,,,,,,,,,,,,,,,,,,,,,,,,,,,,,,,,,,,,,,,,,,,,,2011-11-21,,0.55,,pre-market,,,,,,,,,,,,,30.9524,,,,,,,,,,,,
2011-12-31,XYL,,,,,,,,,,,,,,,,,,,,,,,,,,,,,,,,,,,,,,-0.06,,,0.46,,,,,,,,,,,,,,,,,,,,,,,,,,,,,,,,,,,,,,,,,,,,,,,,,2012-02-28,,0.4,,pre-market,,,,,,,,,,,,,-13.0435,,,,,,,,,,,,
2012-03-31,XYL,,,,,,,,,,,,,,,,,,,,,,,,,,,,,,,,,,,,,,0.0,,,0.36,,,,,,,,,,,,,,,,,,,,,,,,,,,,,,,,,,,,,,,,,,,,,,,,,2012-05-03,,0.36,,pre-market,,,,,,,,,,,,,0.0,,,,,,,,,,,,
2012-06-30,XYL,,,,,,,,,,,,,,,,,,,,,,,,,,,,,,,,,,,,,,0.01,,,0.48,,,,,,,,,,,,,,,,,,,,,,,,,,,,,,,,,,,,,,,,,,,,,,,,,2012-08-02,,0.49,,pre-market,,,,,,,,,,,,,2.0833,,,,,,,,,,,,
2012-09-30,XYL,,,,,,,,,,,,,,,,,,,,,,,,,,,,,,,,,,,,,,0.01,,,0.43,,,,,,,,,,,,,,,,,,,,,,,,,,,,,,,,,,,,,,,,,,,,,,,,,2012-11-01,,0.44,,pre-market,,,,,,,,,,,,,2.3256,,,,,,,,,,,,
2012-12-31,XYL,,,,,,,,,,,,,,,,,,,,,,,,,,,,,,,,,,,,,,0.01,,,0.46,,,,,,,,,,,,,,,,,,,,,,,,,,,,,,,,,,,,,,,,,,,,,,,,,2013-02-07,,0.47,,pre-market,,,,,,,,,,,,,2.1739,,,,,,,,,,,,
2013-03-31,XYL,,,,,,,,,,,,,,,,,,,,,,,,,,,,,,,,,,,,,,0.0,,,0.27,,,,,,,,,,,,,,,,,,,,,,,,,,,,,,,,,,,,,,,,,,,,,,,,,2013-04-30,,0.27,,pre-market,,,,,,,,,,,,,0.0,,,,,,,,,,,,
2013-06-30,XYL,,,,,,,,,,,,,,,,,,,,,,,,,,,,,,,,,,,,,,-0.09,,,0.45,,,,,,,,,,,,,,,,,,,,,,,,,,,,,,,,,,,,,,,,,,,,,,,,,2013-07-30,,0.36,,pre-market,,,,,,,,,,,,,-20.0,,,,,,,,,,,,
2013-09-30,XYL,,,,,,,,,,,,,,,,,,,,,,,,,,,,,,,,,,,,,,0.14,,,0.35,,,,,,,,,,,,,,,,,,,,,,,,,,,,,,,,,,,,,,,,,,,,,,,,,2013-10-29,,0.49,,pre-market,,,,,,,,,,,,,40.0,,,,,,,,,,,,
2013-12-31,XYL,,,,,,,,,,,,,,,,,,,,,,,,,,,,,,,,,,,,,,0.04,,,0.52,,,,,,,,,,,,,,,,,,,,,,,,,,,,,,,,,,,,,,,,,,,,,,,,,2014-02-04,,0.56,,pre-market,,,,,,,,,,,,,7.6923,,,,,,,,,,,,
2014-03-31,XYL,,,,,,,,,,,,,,,,,,,,,,,,,,,,,,,,,,,,,,0.02,,,0.32,,,,,,,,,,,,,,,,,,,,,,,,,,,,,,,,,,,,,,,,,,,,,,,,,2014-04-29,,0.34,,pre-market,,,,,,,,,,,,,6.25,,,,,,,,,,,,
2014-06-30,XYL,,,,,,,,,,,,,,,,,,,,,,,,,,,,,,,,,,,,,,0.04,,,0.44,,,,,,,,,,,,,,,,,,,,,,,,,,,,,,,,,,,,,,,,,,,,,,,,,2014-07-29,,0.48,,pre-market,,,,,,,,,,,,,9.0909,,,,,,,,,,,,
2014-09-30,XYL,,,,,,,,,,,,,,,,,,,,,,,,,,,,,,,,,,,,,,0.01,,,0.52,,,,,,,,,,,,,,,,,,,,,,,,,,,,,,,,,,,,,,,,,,,,,,,,,2014-10-28,,0.53,,pre-market,,,,,,,,,,,,,1.9231,,,,,,,,,,,,
2014-12-31,XYL,,,,,,,,,,,,,,,,,,,,,,,,,,,,,,,,,,,,,,0.02,,,0.6,,,,,,,,,,,,,,,,,,,,,,,,,,,,,,,,,,,,,,,,,,,,,,,,,2015-02-05,,0.62,,pre-market,,,,,,,,,,,,,3.3333,,,,,,,,,,,,
2015-03-31,XYL,,,,,,,,,,,,,,,,,,,,,,,,,,,,,,,,,,,,,,0.02,,,0.31,,,,,,,,,,,,,,,,,,,,,,,,,,,,,,,,,,,,,,,,,,,,,,,,,2015-04-30,,0.33,,pre-market,,,,,,,,,,,,,6.4516,,,,,,,,,,,,
2015-06-30,XYL,,,,,,,,,,,,,,,,,,,,,,,,,,,,,,,,,,,,,,0.0,,,0.43,,,,,,,,,,,,,,,,,,,,,,,,,,,,,,,,,,,,,,,,,,,,,,,,,2015-07-30,,0.43,,pre-market,,,,,,,,,,,,,0.0,,,,,,,,,,,,
2015-09-30,XYL,,,,,,,,,,,,,,,,,,,,,,,,,,,,,,,,,,,,,,0.01,,,0.48,,,,,,,,,,,,,,,,,,,,,,,,,,,,,,,,,,,,,,,,,,,,,,,,,2015-10-29,,0.49,,pre-market,,,,,,,,,,,,,2.0833,,,,,,,,,,,,
2015-12-31,XYL,,,,,,,,,,,,,,,,,,,,,,,,,,,,,,,,,,,,,,0.0,,,0.6,,,,,,,,,,,,,,,,,,,,,,,,,,,,,,,,,,,,,,,,,,,,,,,,,2016-02-04,,0.6,,pre-market,,,,,,,,,,,,,0.0,,,,,,,,,,,,
2016-03-31,XYL,,,,,,,,,,,,,,,,,,,,,,,,,,,,,,,,,,,,,,0.01,,,0.34,,,,,,,,,,,,,,,,,,,,,,,,,,,,,,,,,,,,,,,,,,,,,,,,,2016-05-03,,0.35,,pre-market,,,,,,,,,,,,,2.9412,,,,,,,,,,,,
2016-06-30,XYL,,,,,,,,,,,,,,,,,,,,,,,,,,,,,,,,,,,,,,0.01,,,0.47,,,,,,,,,,,,,,,,,,,,,,,,,,,,,,,,,,,,,,,,,,,,,,,,,2016-08-02,,0.48,,pre-market,,,,,,,,,,,,,2.1277,,,,,,,,,,,,
2016-09-30,XYL,,,,,,,,,,,,,,,,,,,,,,,,,,,,,,,,,,,,,,0.01,,,0.53,,,,,,,,,,,,,,,,,,,,,,,,,,,,,,,,,,,,,,,,,,,,,,,,,2016-11-01,,0.54,,pre-market,,,,,,,,,,,,,1.8868,,,,,,,,,,,,
2016-12-31,XYL,,,,,,,,,,,,,,,,,,,,,,,,,,,,,,,,,,,,,,0.01,,,0.65,,,,,,,,,,,,,,,,,,,,,,,,,,,,,,,,,,,,,,,,,,,,,,,,,2017-02-02,,0.66,,pre-market,,,,,,,,,,,,,1.5385,,,,,,,,,,,,
2017-03-31,XYL,,,,,,,,,,,,,,,,,,,,,,,,,,,,,,,,,,,,,,0.01,,,0.38,,,,,,,,,,,,,,,,,,,,,,,,,,,,,,,,,,,,,,,,,,,,,,,,,2017-05-02,,0.39,,pre-market,,,,,,,,,,,,,2.6316,,,,,,,,,,,,
2017-06-30,XYL,,,,,,,,,,,,,,,,,,,,,,,,,,,,,,,,,,,,,,0.02,,,0.57,,,,,,,,,,,,,,,,,,,,,,,,,,,,,,,,,,,,,,,,,,,,,,,,,2017-08-01,,0.59,,pre-market,,,,,,,,,,,,,3.5088,,,,,,,,,,,,
2017-09-30,XYL,,,,,,,,,,,,,,,,,,,,,,,,,,,,,,,,,,,,,,0.01,,,0.64,,,,,,,,,,,,,,,,,,,,,,,,,,,,,,,,,,,,,,,,,,,,,,,,,2017-10-31,,0.65,,pre-market,,,,,,,,,,,,,1.5625,,,,,,,,,,,,
2017-12-31,XYL,,,,,,,,,,,,,,,,,,,,,,,,,,,,,,,,,,,,,,0.0,,,0.76,,,,,,,,,,,,,,,,,,,,,,,,,,,,,,,,,,,,,,,,,,,,,,,,,2018-02-01,,0.76,,pre-market,,,,,,,,,,,,,0.0,,,,,,,,,,,,
2018-03-31,XYL,,,,,,,,,,,,,,,,,,,,,,,,,,,,,,,,,,,,,,0.0,,,0.51,,,,,,,,,,,,,,,,,,,,,,,,,,,,,,,,,,,,,,,,,,,,,,,,,2018-05-01,,0.51,,pre-market,,,,,,,,,,,,,0.0,,,,,,,,,,,,
2018-06-30,XYL,,,,,,,,,,,,,,,,,,,,,,,,,,,,,,,,,,,,,,0.02,,,0.71,,,,,,,,,,,,,,,,,,,,,,,,,,,,,,,,,,,,,,,,,,,,,,,,,2018-07-31,,0.73,,pre-market,,,,,,,,,,,,,2.8169,,,,,,,,,,,,
2018-09-30,XYL,,,,,,,,,,,,,,,,,,,,,,,,,,,,,,,,,,,,,,0.0,,,0.77,,,,,,,,,,,,,,,,,,,,,,,,,,,,,,,,,,,,,,,,,,,,,,,,,2018-10-30,,0.77,,pre-market,,,,,,,,,,,,,0.0,,,,,,,,,,,,
2018-12-31,XYL,,,,,,,,,,,,,,,,,,,,,,,,,,,,,,,,,,,,,,0.0,,,0.88,,,,,,,,,,,,,,,,,,,,,,,,,,,,,,,,,,,,,,,,,,,,,,,,,2019-01-31,,0.88,,pre-market,,,,,,,,,,,,,0.0,,,,,,,,,,,,
2019-03-31,XYL,,,,,,,,,,,,,,,,,,,,,,,,,,,,,,,,,,,,,,-0.04,,,0.56,,,,,,,,,,,,,,,,,,,,,,,,,,,,,,,,,,,,,,,,,,,,,,,,,2019-05-02,,0.52,,pre-market,,,,,,,,,,,,,-7.1429,,,,,,,,,,,,
2019-06-30,XYL,,,,,,,,,,,,,,,,,,,,,,,,,,,,,,,,,,,,,,0.0,,,0.79,,,,,,,,,,,,,,,,,,,,,,,,,,,,,,,,,,,,,,,,,,,,,,,,,2019-08-01,,0.79,,pre-market,,,,,,,,,,,,,0.0,,,,,,,,,,,,
2019-09-30,XYL,,,,,,,,,,,,,,,,,,,,,,,,,,,,,,,,,,,,,,0.0,,,0.82,,,,,,,,,,,,,,,,,,,,,,,,,,,,,,,,,,,,,,,,,,,,,,,,,2019-10-31,,0.82,,pre-market,,,,,,,,,,,,,0.0,,,,,,,,,,,,
2019-12-31,XYL,,,,,,,,,,,,,,,,,,,,,,,,,,,,,,,,,,,,,,0.0,,,0.89,,,,,,,,,,,,,,,,,,,,,,,,,,,,,,,,,,,,,,,,,,,,,,,,,2020-02-06,,0.89,,pre-market,,,,,,,,,,,,,0.0,,,,,,,,,,,,
2020-03-31,XYL,,,,,,,,,,,,,,,,,,,,,,,,,,,,,,,,,,,,,,-0.14,,,0.37,,,,,,,,,,,,,,,,,,,,,,,,,,,,,,,,,,,,,,,,,,,,,,,,,2020-05-05,,0.23,,pre-market,,,,,,,,,,,,,-37.8378,,,,,,,,,,,,
2020-06-30,XYL,,,,,,,,,,,,,,,,,,,,,,,,,,,,,,,,,,,,,,0.01,,,0.39,,,,,,,,,,,,,,,,,,,,,,,,,,,,,,,,,,,,,,,,,,,,,,,,,2020-07-30,,0.4,,pre-market,,,,,,,,,,,,,2.5641,,,,,,,,,,,,
2020-09-30,XYL,,,,,,,,,,,,,,,,,,,,,,,,,,,,,,,,,,,,,,0.11,,,0.51,,,,,,,,,,,,,,,,,,,,,,,,,,,,,,,,,,,,,,,,,,,,,,,,,2020-10-29,,0.62,,pre-market,,,,,,,,,,,,,21.5686,,,,,,,,,,,,
2020-12-31,XYL,,,,,,,,,,,,,,,,,,,,,,,,,,,,,,,,,,,,,,0.13,,,0.68,,,,,,,,,,,,,,,,,,,,,,,,,,,,,,,,,,,,,,,,,,,,,,,,,2021-02-04,,0.81,,pre-market,,,,,,,,,,,,,19.1176,,,,,,,,,,,,
2021-03-31,XYL,,,,,,,,,,,,,,,,,,,,,,,,,,,,,,,,,,,,,,0.18,,,0.38,,,,,,,,,,,,,,,,,,,,,,,,,,,,,,,,,,,,,,,,,,,,,,,,,2021-05-04,,0.56,,pre-market,,,,,,,,,,,,,47.3684,,,,,,,,,,,,
2021-06-30,XYL,,,,,,,,,,,,,,,,,,,,,,,,,,,,,,,,,,,,,,0.04,,,0.62,,,,,,,,,,,,,,,,,,,,,,,,,,,,,,,,,,,,,,,,,,,,,,,,,2021-08-03,,0.66,,pre-market,,,,,,,,,,,,,6.4516,,,,,,,,,,,,
2021-09-30,XYL,,,,,,,,,,,,,,,,,,,,,,,,,,,,,,,,,,,,,,0.04,,,0.59,,,,,,,,,,,,,,,,,,,,,,,,,,,,,,,,,,,,,,,,,,,,,,,,,2021-11-02,,0.63,,pre-market,,,,,,,,,,,,,6.7797,,,,,,,,,,,,
2021-12-31,XYL,,,,,,,,,,,,,,,,,,,,,,,,,,,,,,,,,,,,,,0.02,,,0.61,,,,,,,,,,,,,,,,,,,,,,,,,,,,,,,,,,,,,,,,,,,,,,,,,2022-02-03,,0.63,,pre-market,,,,,,,,,,,,,3.2787,,,,,,,,,,,,
2022-03-31,XYL,,,,,,,,,,,,,,,,,,,,,,,,,,,,,,,,,,,,,,0.06,,,0.41,,,,,,,,,,,,,,,,,,,,,,,,,,,,,,,,,,,,,,,,,,,,,,,,,2022-05-04,,0.47,,pre-market,,,,,,,,,,,,,14.6341,,,,,,,,,,,,
2022-06-30,XYL,,,,,,,,,,,,,,,,,,,,,,,,,,,,,,,,,,,,,,0.12,,,0.54,,,,,,,,,,,,,,,,,,,,,,,,,,,,,,,,,,,,,,,,,,,,,,,,,2022-08-02,,0.66,,pre-market,,,,,,,,,,,,,22.2222,,,,,,,,,,,,
2022-09-30,XYL,,,,,,,,,,,,,,,,,,,,,,,,,,,,,,,,,,,,,,0.13,,,0.66,,,,,,,,,,,,,,,,,,,,,,,,,,,,,,,,,,,,,,,,,,,,,,,,,2022-11-01,,0.79,,pre-market,,,,,,,,,,,,,19.697,,,,,,,,,,,,
2022-12-31,XYL,,,,,,,,,,,,,,,,,,,,,,,,,,,,,,,,,,,,,,0.13,,,0.79,,,,,,,,,,,,,,,,,,,,,,,,,,,,,,,,,,,,,,,,,,,,,,,,,2023-02-07,,0.92,,pre-market,,,,,,,,,,,,,16.4557,,,,,,,,,,,,
2023-03-31,XYL,,,,,,,,,,,,,,,,,,,,,,,,,,,,,,,,,,,,,,0.1,,,0.62,,,,,,,,,,,,,,,,,,,,,,,,,,,,,,,,,,,,,,,,,,,,,,,,,2023-05-04,,0.72,,pre-market,,,,,,,,,,,,,16.129,,,,,,,,,,,,
2023-06-30,XYL,,,,,,,,,,,,,,,,,,,,,,,,,,,,,,,,,,,,,,0.18,,,0.8,,,,,,,,,,,,,,,,,,,,,,,,,,,,,,,,,,,,,,,,,,,,,,,,,2023-08-02,,0.98,,pre-market,,,,,,,,,,,,,22.5,,,,,,,,,,,,
2023-09-30,XYL,,,,,,,,,,,,,,,,,,,,,,,,,,,,,,,,,,,,,,0.1,,,0.89,,,,,,,,,,,,,,,,,,,,,,,,,,,,,,,,,,,,,,,,,,,,,,,,,2023-10-31,,0.99,,pre-market,,,,,,,,,,,,,11.236,,,,,,,,,,,,
2023-12-31,XYL,,,,,,,,,,,,,,,,,,,,,,,,,,,,,,,,,,,,,,0.03,,,0.96,,,,,,,,,,,,,,,,,,,,,,,,,,,,,,,,,,,,,,,,,,,,,,,,,2024-02-06,,0.99,,pre-market,,,,,,,,,,,,,3.125,,,,,,,,,,,,
2024-03-31,XYL,,,,,,,,,,,,,,,,,,,,,,,,,,,,,,,,,,,,,,0.06,,,0.84,,,,,,,,,,,,,,,,,,,,,,,,,,,,,,,,,,,,,,,,,,,,,,,,,2024-05-02,,0.9,,pre-market,,,,,,,,,,,,,7.1429,,,,,,,,,,,,
2024-06-30,XYL,,,,,,,,,,,,,,,,,,,,,,,,,,,,,,,,,,,,,,0.04,,,1.05,,,,,,,,,,,,,,,,,,,,,,,,,,,,,,,,,,,,,,,,,,,,,,,,,2024-07-30,,1.09,,pre-market,,,,,,,,,,,,,3.8095,,,,,,,,,,,,
2024-09-30,XYL,,,,,,,,,,,,,,,,,,,,,,,,,,,,,,,,,,,,,,0.0,,,1.11,,,,,,,,,,,,,,,,,,,,,,,,,,,,,,,,,,,,,,,,,,,,,,,,,2024-10-31,,1.11,,pre-market,,,,,,,,,,,,,0.0,,,,,,,,,,,,
2024-12-31,XYL,,,,,,,,,,,,,,,,,,,,,,,,,,,,,,,,,,,,,,0.05,,,1.13,,,,,,,,,,,,,,,,,,,,,,,,,,,,,,,,,,,,,,,,,,,,,,,,,2025-02-04,,1.18,,pre-market,,,,,,,,,,,,,4.4248,,,,,,,,,,,,
2025-03-31,XYL,,,,,,,,,,,,,,,,,,,,,,,,,,,,,,,,,,,,,,0.08,,,0.95,,,,,,,,,,,,,,,,,,,,,,,,,,,,,,,,,,,,,,,,,,,,,,,,,2025-04-29,,1.03,,pre-market,,,,,,,,,,,,,8.4211,,,,,,,,,,,,
2025-06-30,XYL,,,,,,,,,,,,,,,,,,,,,,,,,,,,,,,,,,,,,,0.11,,,1.15,,,,,,,,,,,,,,,,,,,,,,,,,,,,,,,,,,,,,,,,,,,,,,,,,2025-07-31,,1.26,,pre-market,,,,,,,,,,,,,9.5652,,,,,,,,,,,,
2025-09-30,XYL,,,,,,,,,,,,,,,,,,,,,,,,,,,,,,,,,,,,,,0.14,,,1.23,,,,,,,,,,,,,,,,,,,,,,,,,,,,,,,,,,,,,,,,,,,,,,,,,2025-10-30,,1.37,,pre-market,,,,,,,,,,,,,11.3821,,,,,,,,,,,,
2025-12-28,XYL,3.89,8894000000.0,35.68,,1.174,46.02,,,,,,,,,,,,,,,,,,,,,,,,,,1.56,0.0112,,,,0.045,0.14,,,1.23,,25.13,,3400000000.0,,,,,,,,,,,,,,,,,,,0.157,,,,,,,,,,,,,2.119,3.014,3.8,,,,,,,,0.107,,,2025-10-30,,1.37,,pre-market,,,0.048,0.0856,0.078,36.57,,,,,133.69,143.55,11.3821,,,,,,,,,35.68,,153.83,99.6
2025-12-28,XYL,3.89,8894000000.0,35.68,,1.174,46.02,,,,,,,,,,,,,,,None,1385000000,1385000000,,,,,,None,141000000,,1.56,0.0112,,,,0.045,0.14,303000000,444000000,1.23,2025-09-30,25.13,,3400000000.0,883000000,297000000,71000000,,,None,6000000,6000000,,None,,,,,227000000,226000000,-6000000,None,0.157,,549000000,334000000,,,,,None,,,,,2.119,3.014,3.8,,,,,,,,0.107,,,2025-10-30,quarterly,1.37,USD,pre-market,52000000,,0.048,0.0856,0.078,36.57,474000000,,,,133.69,143.55,11.3821,,,,,,,2268000000,,35.68,,153.83,99.6
2025-12-28,XYL,3.89,8894000000.0,35.68,,1.174,46.02,,,,,,,,,,,,,,,None,1409000000,1409000000,,,,,,None,145000000,,1.56,0.0112,,,,0.045,0.14,308000000,453000000,1.23,2025-06-30,25.13,,3400000000.0,892000000,299000000,75000000,,,None,9000000,9000000,,None,,,,,226000000,224000000,-9000000,None,0.157,,587000000,305000000,,,,,None,,,,,2.119,3.014,3.8,,,,,,,,0.107,,,2025-10-30,quarterly,1.37,USD,pre-market,58000000,,0.048,0.0856,0.078,36.57,503000000,,,,133.69,143.55,11.3821,,,,,,,2301000000,,35.68,,153.83,99.6
2025-12-28,XYL,3.89,8894000000.0,35.68,,1.174,46.02,,,,,,,,,,,,,,,None,1301000000,1301000000,,,,,,None,145000000,,1.56,0.0112,,,,0.045,0.14,225000000,370000000,1.23,2025-03-31,25.13,,3400000000.0,768000000,217000000,50000000,,,None,8000000,8000000,,None,,,,,169000000,167000000,-8000000,None,0.157,,537000000,231000000,,,,,None,,,,,2.119,3.014,3.8,,,,,,,,0.107,,,2025-10-30,quarterly,1.37,USD,pre-market,56000000,,0.048,0.0856,0.078,36.57,460000000,,,,133.69,143.55,11.3821,,,,,,,2069000000,,35.68,,153.83,99.6
2025-12-28,XYL,3.89,8894000000.0,35.68,,1.174,46.02,,,,,,,,,,,,,,,None,1399000000,1399000000,,,,,,None,142000000,,1.56,0.0112,,,,0.045,0.14,384000000,526000000,1.23,2024-12-31,25.13,,3400000000.0,857000000,375000000,49000000,,,None,9000000,9000000,,None,,,,,326000000,326000000,19000000,None,0.157,,590000000,267000000,,,,,None,,,,,2.119,3.014,3.8,,,,,,,,0.107,,,2025-10-30,quarterly,1.37,USD,pre-market,58000000,,0.048,0.0856,0.078,36.57,507000000,,,,133.69,143.55,11.3821,,,,,,,2256000000,,35.68,,153.83,99.6
2025-12-28,XYL,3.89,8894000000.0,35.68,,1.174,46.02,,,,,,,,,,,,,,,None,1319000000,1319000000,,,,,,None,141000000,,1.56,0.0112,,,,0.045,0.14,279000000,420000000,1.23,2024-09-30,25.13,,3400000000.0,784000000,269000000,52000000,,,None,10000000,10000000,,None,,,,,217000000,217000000,-10000000,None,0.157,,504000000,280000000,,,,,None,,,,,2.119,3.014,3.8,,,,,,,,0.107,,,2025-10-30,quarterly,1.37,USD,pre-market,55000000,,0.048,0.0856,0.078,36.57,445000000,,,,133.69,143.55,11.3821,,,,,,,2103000000,,35.68,,153.83,99.6
2025-12-28,XYL,3.89,8894000000.0,35.68,,1.174,46.02,,,,,,,,,,,,,,,None,1351000000,1351000000,,,,,,None,145000000,,1.56,0.0112,,,,0.045,0.14,258000000,403000000,1.23,2024-06-30,25.13,,3400000000.0,819000000,247000000,53000000,,,None,11000000,None,,None,,,,,194000000,194000000,-11000000,None,0.157,,566000000,253000000,,,,,None,,,,,2.119,3.014,3.8,,,,,,,,0.107,,,2025-10-30,quarterly,1.37,USD,pre-market,58000000,,0.048,0.0856,0.078,36.57,485000000,,,,133.69,143.55,11.3821,,,,,,,2169000000,,35.68,,153.83,99.6
2025-12-28,XYL,3.89,8894000000.0,35.68,,1.174,46.02,,,,,,,,,,,,,,,None,1280000000,1280000000,,,,,,None,134000000,,1.56,0.0112,,,,0.045,0.14,210000000,344000000,1.23,2024-03-31,25.13,,3400000000.0,752000000,196000000,43000000,,,None,14000000,None,,None,,,,,153000000,153000000,-14000000,None,0.157,,543000000,209000000,,,,,None,,,,,2.119,3.014,3.8,,,,,,,,0.107,,,2025-10-30,quarterly,1.37,USD,pre-market,59000000,,0.048,0.0856,0.078,36.57,474000000,,,,133.69,143.55,11.3821,,,,,,,2033000000,,35.68,,153.83,99.6
2025-12-28,XYL,3.89,8894000000.0,35.68,,1.174,46.02,,,,,,,,,,,,,,,None,1360000000,1360000000,,,,,,None,137000000,,1.56,0.0112,,,,0.045,0.14,224000000,361000000,1.23,2023-12-31,25.13,,3400000000.0,756000000,210000000,-56000000,,,None,14000000,None,,None,,,,,266000000,266000000,14000000,None,0.157,,545000000,211000000,,,,,None,,,,,2.119,3.014,3.8,,,,,,,,0.107,,,2025-10-30,quarterly,1.37,USD,pre-market,60000000,,0.048,0.0856,0.078,36.57,466000000,,,,133.69,143.55,11.3821,,,,,,,2119000000,,35.68,,153.83,99.6
2025-12-28,XYL,3.89,8894000000.0,35.68,,1.174,46.02,,,,,,,,,,,,,,,None,1312000000,1312000000,,,,,,None,147000000,,1.56,0.0112,,,,0.045,0.14,199000000,346000000,1.23,2023-09-30,25.13,,3400000000.0,764000000,185000000,33000000,,,None,14000000,14000000,,None,,,,,152000000,152000000,-14000000,None,0.157,,573000000,191000000,,,,,None,,,,,2.119,3.014,3.8,,,,,,,,0.107,,,2025-10-30,quarterly,1.37,USD,pre-market,61000000,,0.048,0.0856,0.078,36.57,491000000,,,,133.69,143.55,11.3821,,,,,,,2076000000,,35.68,,153.83,99.6
2025-12-28,XYL,3.89,8894000000.0,35.68,,1.174,46.02,,,,,,,,,,,,,,,None,1071000000,1071000000,,,,,,None,92000000,,1.56,0.0112,,,,0.045,0.14,126000000,218000000,1.23,2023-06-30,25.13,,3400000000.0,651000000,114000000,22000000,,,None,12000000,12000000,,None,,,,,92000000,92000000,-12000000,None,0.157,,532000000,119000000,,,,,7000000,,,,,2.119,3.014,3.8,,,,,,,,0.107,,,2025-10-30,quarterly,1.37,USD,pre-market,58000000,,0.048,0.0856,0.078,36.57,446000000,,,,133.69,143.55,11.3821,,,,,,,1722000000,,35.68,,153.83,99.6
2025-12-28,XYL,3.89,8894000000.0,35.68,,1.174,46.02,,,,,,,,,,,,,,,None,902000000,902000000,,,,,,None,60000000,,1.56,0.0112,,,,0.045,0.14,135000000,195000000,1.23,2023-03-31,25.13,,3400000000.0,546000000,126000000,27000000,,,None,9000000,9000000,,None,,,,,99000000,99000000,-9000000,None,0.157,,415000000,131000000,,,,,4000000,,,,,2.119,3.014,3.8,,,,,,,,0.107,,,2025-10-30,quarterly,1.37,USD,pre-market,53000000,,0.048,0.0856,0.078,36.57,354000000,,,,133.69,143.55,11.3821,,,,,,,1448000000,,35.68,,153.83,99.6
2025-12-28,XYL,3.89,8894000000.0,35.68,,1.174,46.02,,,,,,,,,,,,,,,None,933000000,933000000,,,,,,None,60000000,,1.56,0.0112,,,,0.045,0.14,202000000,262000000,1.23,2022-12-31,25.13,,3400000000.0,573000000,189000000,40000000,,,None,13000000,13000000,,None,,,,,149000000,149000000,-13000000,None,0.157,,376000000,197000000,,,,,5000000,,,,,2.119,3.014,3.8,,,,,,,,0.107,,,2025-10-30,quarterly,1.37,USD,pre-market,54000000,,0.048,0.0856,0.078,36.57,315000000,,,,133.69,143.55,11.3821,,,,,,,1506000000,,35.68,,153.83,99.6
2025-12-28,XYL,3.89,8894000000.0,35.68,,1.174,46.02,,,,,,,,,,,,,,,None,856000000,856000000,,,,,,None,58000000,,1.56,0.0112,,,,0.045,0.14,29000000,87000000,1.23,2022-09-30,25.13,,3400000000.0,524000000,17000000,5000000,,,None,12000000,12000000,,None,,,,,12000000,12000000,-12000000,None,0.157,,356000000,168000000,,,,,1000000,,,,,2.119,3.014,3.8,,,,,,,,0.107,,,2025-10-30,quarterly,1.37,USD,pre-market,47000000,,0.048,0.0856,0.078,36.57,434000000,,,,133.69,143.55,11.3821,,,,,,,1380000000,,35.68,,153.83,99.6
2025-12-28,XYL,3.89,8894000000.0,35.68,,1.174,46.02,,,,,,,,,,,,,,,None,844000000,844000000,,,,,,None,60000000,,1.56,0.0112,,,,0.045,0.14,148000000,208000000,1.23,2022-06-30,25.13,,3400000000.0,520000000,136000000,24000000,,,None,12000000,12000000,,None,,,,,112000000,112000000,-12000000,None,0.157,,374000000,146000000,,,,,2000000,,,,,2.119,3.014,3.8,,,,,,,,0.107,,,2025-10-30,quarterly,1.37,USD,pre-market,53000000,,0.048,0.0856,0.078,36.57,314000000,,,,133.69,143.55,11.3821,,,,,,,1364000000,,35.68,,153.83,99.6
2025-12-28,XYL,3.89,8894000000.0,35.68,,1.174,46.02,,,,,,,,,,,,,,,None,805000000,805000000,,,,,,None,58000000,,1.56,0.0112,,,,0.045,0.14,111000000,169000000,1.23,2022-03-31,25.13,,3400000000.0,467000000,98000000,16000000,,,None,13000000,13000000,,None,,,,,82000000,82000000,-13000000,None,0.157,,356000000,111000000,,,,,None,,,,,2.119,3.014,3.8,,,,,,,,0.107,,,2025-10-30,quarterly,1.37,USD,pre-market,52000000,,0.048,0.0856,0.078,36.57,304000000,,,,133.69,143.55,11.3821,,,,,,,1272000000,,35.68,,153.83,99.6
2025-12-28,XYL,3.89,8894000000.0,35.68,,1.174,46.02,,,,,,,,,,,,,,,None,830000000,830000000,,,,,,None,59000000,,1.56,0.0112,,,,0.045,0.14,139000000,198000000,1.23,2021-12-31,25.13,,3400000000.0,493000000,126000000,13000000,,,None,13000000,13000000,,None,,,,,113000000,113000000,-13000000,None,0.157,,353000000,140000000,,,,,-1000000,,,,,2.119,3.014,3.8,,,,,,,,0.107,,,2025-10-30,quarterly,1.37,USD,pre-market,52000000,,0.048,0.0856,0.078,36.57,301000000,,,,133.69,143.55,11.3821,,,,,,,1323000000,,35.68,,153.83,99.6
2025-12-28,XYL,3.89,8894000000.0,35.68,,1.174,46.02,,,,,,,,,,,,,,,None,793000000,793000000,,,,,,None,62000000,,1.56,0.0112,,,,0.045,0.14,154000000,216000000,1.23,2021-09-30,25.13,,3400000000.0,472000000,133000000,19000000,,,None,21000000,21000000,,None,,,,,114000000,114000000,-21000000,None,0.157,,320000000,152000000,,,,,2000000,,,,,2.119,3.014,3.8,,,,,,,,0.107,,,2025-10-30,quarterly,1.37,USD,pre-market,49000000,,0.048,0.0856,0.078,36.57,273000000,,,,133.69,143.55,11.3821,,,,,,,1265000000,,35.68,,153.83,99.6
2025-12-28,XYL,3.89,8894000000.0,35.68,,1.174,46.02,,,,,,,,,,,,,,,None,831000000,831000000,,,,,,None,62000000,,1.56,0.0112,,,,0.045,0.14,159000000,221000000,1.23,2021-06-30,25.13,,3400000000.0,520000000,138000000,25000000,,,None,21000000,21000000,,None,,,,,113000000,113000000,-21000000,None,0.157,,360000000,160000000,,,,,-1000000,,,,,2.119,3.014,3.8,,,,,,,,0.107,,,2025-10-30,quarterly,1.37,USD,pre-market,53000000,,0.048,0.0856,0.078,36.57,304000000,,,,133.69,143.55,11.3821,,,,,,,1351000000,,35.68,,153.83,99.6
2025-12-28,XYL,3.89,8894000000.0,35.68,,1.174,46.02,,,,,,,,,,,,,,,None,766000000,766000000,,,,,,None,62000000,,1.56,0.0112,,,,0.045,0.14,135000000,197000000,1.23,2021-03-31,25.13,,3400000000.0,490000000,114000000,27000000,,,None,21000000,21000000,,None,,,,,87000000,87000000,-21000000,None,0.157,,357000000,133000000,,,,,2000000,,,,,2.119,3.014,3.8,,,,,,,,0.107,,,2025-10-30,quarterly,1.37,USD,pre-market,50000000,,0.048,0.0856,0.078,36.57,301000000,,,,133.69,143.55,11.3821,,,,,,,1256000000,,35.68,,153.83,99.6
2025-12-28,XYL,3.89,8894000000.0,35.68,,1.174,46.02,,,,,,,,,,,,,,,None,847000000,847000000,,,,,,None,62000000,,1.56,0.0112,,,,0.045,0.14,179000000,241000000,1.23,2020-12-31,25.13,,3400000000.0,526000000,158000000,10000000,,,None,21000000,21000000,,None,,,,,148000000,148000000,-21000000,None,0.157,,347000000,179000000,,,,,None,,,,,2.119,3.014,3.8,,,,,,,,0.107,,,2025-10-30,quarterly,1.37,USD,pre-market,49000000,,0.048,0.0856,0.078,36.57,292000000,,,,133.69,143.55,11.3821,,,,,,,1373000000,,35.68,,153.83,99.6
2025-12-28,XYL,3.89,8894000000.0,35.68,,1.174,46.02,,,,,,,,,,,,,,,None,759000000,759000000,,,,,,None,63000000,,1.56,0.0112,,,,0.045,0.14,72000000,135000000,1.23,2020-09-30,25.13,,3400000000.0,461000000,50000000,13000000,,,None,22000000,22000000,,None,,,,,37000000,37000000,-22000000,None,0.157,,388000000,73000000,,,,,-1000000,,,,,2.119,3.014,3.8,,,,,,,,0.107,,,2025-10-30,quarterly,1.37,USD,pre-market,45000000,,0.048,0.0856,0.078,36.57,266000000,,,,133.69,143.55,11.3821,,,,,,,1220000000,,35.68,,153.83,99.6
2025-12-28,XYL,3.89,8894000000.0,35.68,,1.174,46.02,,,,,,,,,,,,,,,None,726000000,726000000,,,,,,None,62000000,,1.56,0.0112,,,,0.045,0.14,53000000,115000000,1.23,2020-06-30,25.13,,3400000000.0,434000000,35000000,4000000,,,None,18000000,18000000,,None,,,,,31000000,31000000,-18000000,None,0.157,,380000000,54000000,,,,,-1000000,,,,,2.119,3.014,3.8,,,,,,,,0.107,,,2025-10-30,quarterly,1.37,USD,pre-market,44000000,,0.048,0.0856,0.078,36.57,288000000,,,,133.69,143.55,11.3821,,,,,,,1160000000,,35.68,,153.83,99.6
2025-12-28,XYL,3.89,8894000000.0,35.68,,1.174,46.02,,,,,,,,,,,,,,,None,714000000,714000000,,,,,,None,64000000,,1.56,0.0112,,,,0.045,0.14,58000000,122000000,1.23,2020-03-31,25.13,,3400000000.0,409000000,42000000,4000000,,,None,16000000,16000000,,None,,,,,38000000,38000000,-16000000,None,0.157,,348000000,61000000,,,,,-3000000,,,,,2.119,3.014,3.8,,,,,,,,0.107,,,2025-10-30,quarterly,1.37,USD,pre-market,49000000,,0.048,0.0856,0.078,36.57,297000000,,,,133.69,143.55,11.3821,,,,,,,1123000000,,35.68,,153.83,99.6
2025-12-28,XYL,3.89,8894000000.0,35.68,,1.174,46.02,,,,,,,,,,,,,,,None,834000000,834000000,,,,,,None,65000000,,1.56,0.0112,,,,0.045,0.14,193000000,258000000,1.23,2019-12-31,25.13,,3400000000.0,537000000,178000000,60000000,,,None,15000000,15000000,,None,,,,,118000000,118000000,-10000000,None,0.157,,342000000,195000000,,,,,-2000000,,,,,2.119,3.014,3.8,,,,,,,,0.107,,,2025-10-30,quarterly,1.37,USD,pre-market,49000000,,0.048,0.0856,0.078,36.57,288000000,,,,133.69,143.55,11.3821,,,,,,,1371000000,,35.68,,153.83,99.6
2025-12-28,XYL,3.89,8894000000.0,35.68,,1.174,46.02,,,,,,,,,,,,,,,None,787000000,787000000,,,,,,None,65000000,,1.56,0.0112,,,,0.045,0.14,4000000,69000000,1.23,2019-09-30,25.13,,3400000000.0,509000000,-12000000,-77000000,,,None,16000000,16000000,,None,,,,,65000000,65000000,-16000000,None,0.157,,498000000,11000000,,,,,-7000000,,,,,2.119,3.014,3.8,,,,,,,,0.107,,,2025-10-30,quarterly,1.37,USD,pre-market,44000000,,0.048,0.0856,0.078,36.57,273000000,,,,133.69,143.55,11.3821,,,,,,,1296000000,,35.68,,153.83,99.6
2025-12-28,XYL,3.89,8894000000.0,35.68,,1.174,46.02,,,,,,,,,,,,,,,None,819000000,819000000,,,,,,None,63000000,,1.56,0.0112,,,,0.045,0.14,174000000,237000000,1.23,2019-06-30,25.13,,3400000000.0,526000000,156000000,17000000,,,None,18000000,18000000,,None,,,,,139000000,139000000,-18000000,None,0.157,,355000000,171000000,,,,,3000000,,,,,2.119,3.014,3.8,,,,,,,,0.107,,,2025-10-30,quarterly,1.37,USD,pre-market,47000000,,0.048,0.0856,0.078,36.57,294000000,,,,133.69,143.55,11.3821,,,,,,,1345000000,,35.68,,153.83,99.6
2025-12-28,XYL,3.89,8894000000.0,35.68,,1.174,46.02,,,,,,,,,,,,,,,None,763000000,763000000,,,,,,None,64000000,,1.56,0.0112,,,,0.045,0.14,112000000,176000000,1.23,2019-03-31,25.13,,3400000000.0,474000000,94000000,15000000,,,None,18000000,18000000,,None,,,,,79000000,79000000,-18000000,None,0.157,,365000000,109000000,,,,,3000000,,,,,2.119,3.014,3.8,,,,,,,,0.107,,,2025-10-30,quarterly,1.37,USD,pre-market,51000000,,0.048,0.0856,0.078,36.57,303000000,,,,133.69,143.55,11.3821,,,,,,,1237000000,,35.68,,153.83,99.6
2025-12-28,XYL,3.89,8894000000.0,35.68,,1.174,46.02,,,,,,,,,,,,,,,None,844000000,844000000,,,,,,None,66000000,,1.56,0.0112,,,,0.045,0.14,198000000,264000000,1.23,2018-12-31,25.13,,3400000000.0,542000000,179000000,-46000000,,,None,19000000,None,,None,,,,,225000000,225000000,None,None,0.157,,348000000,194000000,,,,,4000000,,,,,2.119,3.014,3.8,,,,,,,,0.107,,,2025-10-30,quarterly,1.37,USD,pre-market,52000000,,0.048,0.0856,0.078,36.57,293000000,,,,133.69,143.55,11.3821,,,,,,,1386000000,,35.68,,153.83,99.6
2025-12-28,XYL,3.89,8894000000.0,35.68,,1.174,46.02,,,,,,,,,,,,,,,None,782000000,782000000,,,,,,None,63000000,,1.56,0.0112,,,,0.045,0.14,182000000,245000000,1.23,2018-09-30,25.13,,3400000000.0,505000000,161000000,31000000,,,None,21000000,None,,None,,,,,130000000,130000000,None,None,0.157,,329000000,176000000,,,,,6000000,,,,,2.119,3.014,3.8,,,,,,,,0.107,,,2025-10-30,quarterly,1.37,USD,pre-market,46000000,,0.048,0.0856,0.078,36.57,279000000,,,,133.69,143.55,11.3821,,,,,,,1287000000,,35.68,,153.83,99.6
2025-12-28,XYL,3.89,8894000000.0,35.68,,1.174,46.02,,,,,,,,,,,,,,,None,798000000,798000000,,,,,,None,65000000,,1.56,0.0112,,,,0.045,0.14,171000000,236000000,1.23,2018-06-30,25.13,,3400000000.0,519000000,150000000,35000000,,,None,21000000,None,,None,,,,,115000000,115000000,None,None,0.157,,348000000,171000000,,,,,None,,,,,2.119,3.014,3.8,,,,,,,,0.107,,,2025-10-30,quarterly,1.37,USD,pre-market,50000000,,0.048,0.0856,0.078,36.57,293000000,,,,133.69,143.55,11.3821,,,,,,,1317000000,,35.68,,153.83,99.6
2025-12-28,XYL,3.89,8894000000.0,35.68,,1.174,46.02,,,,,,,,,,,,,,,None,757000000,757000000,,,,,,None,67000000,,1.56,0.0112,,,,0.045,0.14,116000000,183000000,1.23,2018-03-31,25.13,,3400000000.0,460000000,95000000,16000000,,,None,21000000,None,,None,,,,,79000000,79000000,None,None,0.157,,347000000,113000000,,,,,3000000,,,,,2.119,3.014,3.8,,,,,,,,0.107,,,2025-10-30,quarterly,1.37,USD,pre-market,41000000,,0.048,0.0856,0.078,36.57,296000000,,,,133.69,143.55,11.3821,,,,,,,1217000000,,35.68,,153.83,99.6
2025-12-28,XYL,3.89,8894000000.0,35.68,,1.174,46.02,,,,,,,,,,,,,,,None,768000000,768000000,,,,,,None,60000000,,1.56,0.0112,,,,0.045,0.14,164000000,224000000,1.23,2017-12-31,25.13,,3400000000.0,509000000,144000000,74000000,,,None,20000000,None,,None,,,,,71000000,70000000,None,None,0.157,,330000000,179000000,,,,,-15000000,,,,,2.119,3.014,3.8,,,,,,,,0.107,,,2025-10-30,quarterly,1.37,USD,pre-market,49000000,,0.048,0.0856,0.078,36.57,278000000,,,,133.69,143.55,11.3821,,,,,,,1277000000,,35.68,,153.83,99.6
2025-12-28,XYL,3.89,8894000000.0,35.68,,1.174,46.02,,,,,,,,,,,,,,,None,724000000,724000000,,,,,,None,58000000,,1.56,0.0112,,,,0.045,0.14,152000000,210000000,1.23,2017-09-30,25.13,,3400000000.0,471000000,131000000,27000000,,,None,21000000,None,,None,,,,,105000000,104000000,None,None,0.157,,319000000,152000000,,,,,None,,,,,2.119,3.014,3.8,,,,,,,,0.107,,,2025-10-30,quarterly,1.37,USD,pre-market,45000000,,0.048,0.0856,0.078,36.57,270000000,,,,133.69,143.55,11.3821,,,,,,,1195000000,,35.68,,153.83,99.6
2025-12-28,XYL,3.89,8894000000.0,35.68,,1.174,46.02,,,,,,,,,,,,,,,None,705000000,705000000,,,,,,None,57000000,,1.56,0.0112,,,,0.045,0.14,142000000,199000000,1.23,2017-06-30,25.13,,3400000000.0,459000000,121000000,21000000,,,None,21000000,None,,None,,,,,99000000,100000000,None,None,0.157,,320000000,137000000,,,,,3000000,,,,,2.119,3.014,3.8,,,,,,,,0.107,,,2025-10-30,quarterly,1.37,USD,pre-market,44000000,,0.048,0.0856,0.078,36.57,270000000,,,,133.69,143.55,11.3821,,,,,,,1164000000,,35.68,,153.83,99.6
2025-12-28,XYL,3.89,8894000000.0,35.68,,1.174,46.02,,,,,,,,,,,,,,,None,659000000,659000000,,,,,,None,59000000,,1.56,0.0112,,,,0.045,0.14,90000000,149000000,1.23,2017-03-31,25.13,,3400000000.0,412000000,70000000,14000000,,,None,20000000,None,,None,,,,,56000000,56000000,None,None,0.157,,326000000,86000000,,,,,4000000,,,,,2.119,3.014,3.8,,,,,,,,0.107,,,2025-10-30,quarterly,1.37,USD,pre-market,42000000,,0.048,0.0856,0.078,36.57,272000000,,,,133.69,143.55,11.3821,,,,,,,1071000000,,35.68,,153.83,99.6
2025-12-28,XYL,3.89,8894000000.0,35.68,,1.174,46.02,,,,,,,,,,,,,,,None,689000000,689000000,,,,,,None,54000000,,1.56,0.0112,,,,0.045,0.14,110000000,164000000,1.23,2016-12-31,25.13,,3400000000.0,406000000,90000000,40000000,,,None,20000000,None,,None,,,,,50000000,50000000,None,None,0.157,,297000000,109000000,,,,,1000000,,,,,2.119,3.014,3.8,,,,,,,,0.107,,,2025-10-30,quarterly,1.37,USD,pre-market,35000000,,0.048,0.0856,0.078,36.57,250000000,,,,133.69,143.55,11.3821,,,,,,,1095000000,,35.68,,153.83,99.6
2025-12-28,XYL,3.89,8894000000.0,35.68,,1.174,46.02,,,,,,,,,,,,,,,None,540000000,540000000,,,,,,None,32000000,,1.56,0.0112,,,,0.045,0.14,111000000,143000000,1.23,2016-09-30,25.13,,3400000000.0,357000000,95000000,22000000,,,None,16000000,None,,None,,,,,73000000,73000000,None,None,0.157,,248000000,109000000,,,,,2000000,,,,,2.119,3.014,3.8,,,,,,,,0.107,,,2025-10-30,quarterly,1.37,USD,pre-market,23000000,,0.048,0.0856,0.078,36.57,219000000,,,,133.69,143.55,11.3821,,,,,,,897000000,,35.68,,153.83,99.6
2025-12-28,XYL,3.89,8894000000.0,35.68,,1.174,46.02,,,,,,,,,,,,,,,None,563000000,563000000,,,,,,None,33000000,,1.56,0.0112,,,,0.045,0.14,110000000,143000000,1.23,2016-06-30,25.13,,3400000000.0,369000000,90000000,19000000,,,None,20000000,None,,None,,,,,71000000,71000000,None,None,0.157,,260000000,109000000,,,,,1000000,,,,,2.119,3.014,3.8,,,,,,,,0.107,,,2025-10-30,quarterly,1.37,USD,pre-market,27000000,,0.048,0.0856,0.078,36.57,227000000,,,,133.69,143.55,11.3821,,,,,,,932000000,,35.68,,153.83,99.6
2025-12-28,XYL,3.89,8894000000.0,35.68,,1.174,46.02,,,,,,,,,,,,,,,None,518000000,518000000,,,,,,None,32000000,,1.56,0.0112,,,,0.045,0.14,79000000,111000000,1.23,2016-03-31,25.13,,3400000000.0,329000000,65000000,-1000000,,,None,14000000,None,,None,,,,,66000000,66000000,None,None,0.157,,250000000,79000000,,,,,None,,,,,2.119,3.014,3.8,,,,,,,,0.107,,,2025-10-30,quarterly,1.37,USD,pre-market,25000000,,0.048,0.0856,0.078,36.57,219000000,,,,133.69,143.55,11.3821,,,,,,,847000000,,35.68,,153.83,99.6
2025-12-28,XYL,3.89,8894000000.0,35.68,,1.174,46.02,,,,,,,,,,,,,,,None,604000000,604000000,,,,,,None,31000000,,1.56,0.0112,,,,0.045,0.14,142000000,173000000,1.23,2015-12-31,25.13,,3400000000.0,390000000,128000000,14000000,,,None,14000000,None,,None,,,,,114000000,114000000,None,None,0.157,,248000000,142000000,,,,,None,,,,,2.119,3.014,3.8,,,,,,,,0.107,,,2025-10-30,quarterly,1.37,USD,pre-market,24000000,,0.048,0.0856,0.078,36.57,223000000,,,,133.69,143.55,11.3821,,,,,,,994000000,,35.68,,153.83,99.6
2025-12-28,XYL,3.89,8894000000.0,35.68,,1.174,46.02,,,,,,,,,,,,,,,None,551000000,551000000,,,,,,None,33000000,,1.56,0.0112,,,,0.045,0.14,120000000,153000000,1.23,2015-09-30,25.13,,3400000000.0,351000000,107000000,19000000,,,None,13000000,None,,None,,,,,88000000,88000000,None,None,0.157,,231000000,120000000,,,,,None,,,,,2.119,3.014,3.8,,,,,,,,0.107,,,2025-10-30,quarterly,1.37,USD,pre-market,23000000,,0.048,0.0856,0.078,36.57,207000000,,,,133.69,143.55,11.3821,,,,,,,902000000,,35.68,,153.83,99.6
2025-12-28,XYL,3.89,8894000000.0,35.68,,1.174,46.02,,,,,,,,,,,,,,,None,572000000,572000000,,,,,,None,34000000,,1.56,0.0112,,,,0.045,0.14,105000000,139000000,1.23,2015-06-30,25.13,,3400000000.0,348000000,91000000,17000000,,,None,14000000,None,,None,,,,,74000000,74000000,None,None,0.157,,244000000,104000000,,,,,1000000,,,,,2.119,3.014,3.8,,,,,,,,0.107,,,2025-10-30,quarterly,1.37,USD,pre-market,25000000,,0.048,0.0856,0.078,36.57,218000000,,,,133.69,143.55,11.3821,,,,,,,920000000,,35.68,,153.83,99.6
2025-12-28,XYL,3.89,8894000000.0,35.68,,1.174,46.02,,,,,,,,,,,,,,,None,522000000,522000000,,,,,,None,35000000,,1.56,0.0112,,,,0.045,0.14,91000000,126000000,1.23,2015-03-31,25.13,,3400000000.0,315000000,77000000,13000000,,,None,14000000,None,,None,,,,,64000000,64000000,None,None,0.157,,232000000,83000000,,,,,8000000,,,,,2.119,3.014,3.8,,,,,,,,0.107,,,2025-10-30,quarterly,1.37,USD,pre-market,23000000,,0.048,0.0856,0.078,36.57,206000000,,,,133.69,143.55,11.3821,,,,,,,837000000,,35.68,,153.83,99.6
2025-12-28,XYL,3.89,8894000000.0,35.68,,1.174,46.02,,,,,,,,,,,,,,,None,635000000,635000000,,,,,,None,35000000,,1.56,0.0112,,,,0.045,0.14,141000000,176000000,1.23,2014-12-31,25.13,,3400000000.0,407000000,128000000,32000000,,,None,13000000,None,,None,,,,,96000000,96000000,None,None,0.157,,266000000,141000000,,,,,None,,,,,2.119,3.014,3.8,,,,,,,,0.107,,,2025-10-30,quarterly,1.37,USD,pre-market,26000000,,0.048,0.0856,0.078,36.57,232000000,,,,133.69,143.55,11.3821,,,,,,,1042000000,,35.68,,153.83,99.6
2025-12-28,XYL,3.89,8894000000.0,35.68,,1.174,46.02,,,,,,,,,,,,,,,None,587000000,587000000,,,,,,None,35000000,,1.56,0.0112,,,,0.045,0.14,142000000,177000000,1.23,2014-09-30,25.13,,3400000000.0,376000000,128000000,22000000,,,None,14000000,None,,None,,,,,106000000,106000000,None,None,0.157,,246000000,130000000,,,,,12000000,,,,,2.119,3.014,3.8,,,,,,,,0.107,,,2025-10-30,quarterly,1.37,USD,pre-market,24000000,,0.048,0.0856,0.078,36.57,222000000,,,,133.69,143.55,11.3821,,,,,,,963000000,,35.68,,153.83,99.6
2025-12-28,XYL,3.89,8894000000.0,35.68,,1.174,46.02,,,,,,,,,,,,,,,None,617000000,617000000,,,,,,None,36000000,,1.56,0.0112,,,,0.045,0.14,117000000,153000000,1.23,2014-06-30,25.13,,3400000000.0,388000000,104000000,18000000,,,None,13000000,None,,None,,,,,86000000,86000000,None,None,0.157,,272000000,116000000,,,,,1000000,,,,,2.119,3.014,3.8,,,,,,,,0.107,,,2025-10-30,quarterly,1.37,USD,pre-market,27000000,,0.048,0.0856,0.078,36.57,242000000,,,,133.69,143.55,11.3821,,,,,,,1005000000,,35.68,,153.83,99.6
2025-12-28,XYL,3.89,8894000000.0,35.68,,1.174,46.02,,,,,,,,,,,,,,,None,564000000,564000000,,,,,,None,36000000,,1.56,0.0112,,,,0.045,0.14,75000000,111000000,1.23,2014-03-31,25.13,,3400000000.0,342000000,61000000,12000000,,,None,14000000,None,,None,,,,,49000000,49000000,None,None,0.157,,266000000,76000000,,,,,-1000000,,,,,2.119,3.014,3.8,,,,,,,,0.107,,,2025-10-30,quarterly,1.37,USD,pre-market,27000000,,0.048,0.0856,0.078,36.57,224000000,,,,133.69,143.55,11.3821,,,,,,,906000000,,35.68,,153.83,99.6
2025-12-28,XYL,3.89,8894000000.0,35.68,,1.174,46.02,,,,,,,,,,,,,,,None,623000000,623000000,,,,,,None,40000000,,1.56,0.0112,,,,0.045,0.14,121000000,161000000,1.23,2013-12-31,25.13,,3400000000.0,410000000,107000000,39000000,,,None,14000000,None,,None,,,,,68000000,68000000,None,None,0.157,,281000000,129000000,,,,,-8000000,,,,,2.119,3.014,3.8,,,,,,,,0.107,,,2025-10-30,quarterly,1.37,USD,pre-market,26000000,,0.048,0.0856,0.078,36.57,242000000,,,,133.69,143.55,11.3821,,,,,,,1033000000,,35.68,,153.83,99.6
2025-12-28,XYL,3.89,8894000000.0,35.68,,1.174,46.02,,,,,,,,,,,,,,,None,581000000,581000000,,,,,,None,36000000,,1.56,0.0112,,,,0.045,0.14,97000000,133000000,1.23,2013-09-30,25.13,,3400000000.0,384000000,83000000,10000000,,,None,14000000,None,,None,,,,,73000000,73000000,None,None,0.157,,286000000,98000000,,,,,-1000000,,,,,2.119,3.014,3.8,,,,,,,,0.107,,,2025-10-30,quarterly,1.37,USD,pre-market,24000000,,0.048,0.0856,0.078,36.57,257000000,,,,133.69,143.55,11.3821,,,,,,,965000000,,35.68,,153.83,99.6
2025-12-28,XYL,3.89,8894000000.0,35.68,,1.174,46.02,,,,,,,,,,,,,,,None,589000000,589000000,,,,,,None,37000000,,1.56,0.0112,,,,0.045,0.14,71000000,108000000,1.23,2013-06-30,25.13,,3400000000.0,371000000,57000000,11000000,,,None,14000000,None,,None,,,,,46000000,46000000,None,None,0.157,,301000000,70000000,,,,,1000000,,,,,2.119,3.014,3.8,,,,,,,,0.107,,,2025-10-30,quarterly,1.37,USD,pre-market,28000000,,0.048,0.0856,0.078,36.57,253000000,,,,133.69,143.55,11.3821,,,,,,,960000000,,35.68,,153.83,99.6
2025-12-28,XYL,3.89,8894000000.0,35.68,,1.174,46.02,,,,,,,,,,,,,,,None,545000000,545000000,,,,,,None,37000000,,1.56,0.0112,,,,0.045,0.14,64000000,101000000,1.23,2013-03-31,25.13,,3400000000.0,334000000,51000000,10000000,,,None,13000000,None,,None,,,,,41000000,41000000,None,None,0.157,,268000000,66000000,,,,,-2000000,,,,,2.119,3.014,3.8,,,,,,,,0.107,,,2025-10-30,quarterly,1.37,USD,pre-market,26000000,,0.048,0.0856,0.078,36.57,237000000,,,,133.69,143.55,11.3821,,,,,,,879000000,,35.68,,153.83,99.6
2025-12-28,XYL,3.89,8894000000.0,35.68,,1.174,46.02,,,,,,,,,,,,,,,None,587000000,587000000,,,,,,None,39000000,,1.56,0.0112,,,,0.045,0.14,103000000,142000000,1.23,2012-12-31,25.13,,3400000000.0,382000000,89000000,16000000,,,None,14000000,None,,None,,,,,73000000,73000000,None,None,0.157,,278000000,104000000,,,,,None,,,,,2.119,3.014,3.8,,,,,,,,0.107,,,2025-10-30,quarterly,1.37,USD,pre-market,26000000,,0.048,0.0856,0.078,36.57,217000000,,,,133.69,143.55,11.3821,,,,,,,969000000,,35.68,,153.83,99.6
2025-12-28,XYL,3.89,8894000000.0,35.68,,1.174,46.02,,,,,,,,,,,,,,,None,557000000,557000000,,,,,,None,36000000,,1.56,0.0112,,,,0.045,0.14,114000000,150000000,1.23,2012-09-30,25.13,,3400000000.0,374000000,100000000,28000000,,,None,14000000,None,,None,,,,,72000000,72000000,None,None,0.157,,263000000,111000000,,,,,3000000,,,,,2.119,3.014,3.8,,,,,,,,0.107,,,2025-10-30,quarterly,1.37,USD,pre-market,24000000,,0.048,0.0856,0.078,36.57,231000000,,,,133.69,143.55,11.3821,,,,,,,931000000,,35.68,,153.83,99.6
2025-12-28,XYL,3.89,8894000000.0,35.68,,1.174,46.02,,,,,,,,,,,,,,,None,583000000,583000000,,,,,,None,33000000,,1.56,0.0112,,,,0.045,0.14,128000000,161000000,1.23,2012-06-30,25.13,,3400000000.0,383000000,115000000,26000000,,,None,13000000,None,,None,,,,,89000000,89000000,None,None,0.157,,254000000,129000000,,,,,-1000000,,,,,2.119,3.014,3.8,,,,,,,,0.107,,,2025-10-30,quarterly,1.37,USD,pre-market,28000000,,0.048,0.0856,0.078,36.57,220000000,,,,133.69,143.55,11.3821,,,,,,,966000000,,35.68,,153.83,99.6
2025-12-28,XYL,3.89,8894000000.0,35.68,,1.174,46.02,,,,,,,,,,,,,,,None,562000000,562000000,,,,,,None,34000000,,1.56,0.0112,,,,0.045,0.14,98000000,132000000,1.23,2012-03-31,25.13,,3400000000.0,363000000,84000000,21000000,,,None,14000000,None,,None,,,,,63000000,63000000,None,None,0.157,,264000000,99000000,,,,,-1000000,,,,,2.119,3.014,3.8,,,,,,,,0.107,,,2025-10-30,quarterly,1.37,USD,pre-market,28000000,,0.048,0.0856,0.078,36.57,231000000,,,,133.69,143.55,11.3821,,,,,,,925000000,,35.68,,153.83,99.6
2025-12-28,XYL,3.89,8894000000.0,35.68,,1.174,46.02,,,,,,,,,,,,,,,None,623000000,623000000,,,,,,None,33000000,,1.56,0.0112,,,,0.045,0.14,99000000,132000000,1.23,2011-12-31,25.13,,3400000000.0,380000000,84000000,32000000,,,None,15000000,None,,None,,,,,52000000,0,None,None,0.157,,281000000,99000000,,,,,None,,,,,2.119,3.014,3.8,,,,,,,,0.107,,,2025-10-30,quarterly,1.37,USD,pre-market,27000000,,0.048,0.0856,0.078,36.57,321000000,,,,133.69,143.55,11.3821,,,,,,,1003000000,,35.68,,153.83,99.6
2025-12-28,XYL,3.89,8894000000.0,35.68,,1.174,46.02,,,,,,,,,,,,,,,None,574000000,574000000,,,,,,None,36000000,,1.56,0.0112,,,,0.045,0.14,83000000,119000000,1.23,2011-09-30,25.13,,3400000000.0,365000000,82000000,5000000,,,None,1000000,None,,None,,,,,77000000,77000000,None,None,0.157,,286000000,79000000,,,,,4000000,,,,,2.119,3.014,3.8,,,,,,,,0.107,,,2025-10-30,quarterly,1.37,USD,pre-market,23000000,,0.048,0.0856,0.078,36.57,215000000,,,,133.69,143.55,11.3821,,,,,,,939000000,,35.68,,153.83,99.6
2025-12-28,XYL,3.89,8894000000.0,35.68,,1.174,46.02,,,,,,,,,,,,,,,None,592000000,592000000,,,,,,None,35000000,,1.56,0.0112,,,,0.045,0.14,116000000,151000000,1.23,2011-06-30,25.13,,3400000000.0,379000000,115000000,43000000,,,None,1000000,None,,None,,,,,72000000,0,None,None,0.157,,263000000,116000000,,,,,None,,,,,2.119,3.014,3.8,,,,,,,,0.107,,,2025-10-30,quarterly,1.37,USD,pre-market,26000000,,0.048,0.0856,0.078,36.57,245000000,,,,133.69,143.55,11.3821,,,,,,,971000000,,35.68,,153.83,99.6
2025-12-28,XYL,3.89,8894000000.0,35.68,,1.174,46.02,,,,,,,,,,,,,,,None,553000000,553000000,,,,,,None,33000000,,1.56,0.0112,,,,0.045,0.14,101000000,134000000,1.23,2011-03-31,25.13,,3400000000.0,337000000,101000000,23000000,,,None,0,None,,None,,,,,78000000,0,None,None,0.157,,237000000,100000000,,,,,None,,,,,2.119,3.014,3.8,,,,,,,,0.107,,,2025-10-30,quarterly,1.37,USD,pre-market,24000000,,0.048,0.0856,0.078,36.57,234000000,,,,133.69,143.55,11.3821,,,,,,,890000000,,35.68,,153.83,99.6
2025-12-28,XYL,3.89,8894000000.0,35.68,,1.174,46.02,,,,,,,,,,,,,,,None,576000000,576000000,,,,,,None,25000000,,1.56,0.0112,,,,0.045,0.14,126000000,151000000,1.23,2010-12-31,25.13,,3400000000.0,359000000,111000000,14000000,,,None,0,None,,None,,,,,97000000,0,None,None,0.157,,248000000,111000000,,,,,None,,,,,2.119,3.014,3.8,,,,,,,,0.107,,,2025-10-30,quarterly,1.37,USD,pre-market,21000000,,0.048,0.0856,0.078,36.57,241000000,,,,133.69,143.55,11.3821,,,,,,,935000000,,35.68,,153.83,99.6
2025-12-28,XYL,3.89,8894000000.0,35.68,,1.174,46.02,,,,,,,,,,,,,,,None,497000000,497000000,,,,,,None,1000000,,1.56,0.0112,,,,0.045,0.14,109000000,110000000,1.23,2010-09-30,25.13,,3400000000.0,309000000,110000000,19000000,,,None,0,None,,None,,,,,91000000,0,None,None,0.157,,202000000,107000000,,,,,None,,,,,2.119,3.014,3.8,,,,,,,,0.107,,,2025-10-30,quarterly,1.37,USD,pre-market,18000000,,0.048,0.0856,0.078,36.57,201000000,,,,133.69,143.55,11.3821,,,,,,,806000000,,35.68,,153.83,99.6
2025-12-28,XYL,3.89,8894000000.0,35.68,,1.174,46.02,,,,,,,,,,,,,,,None,880000000,880000000,,,,,,None,None,,1.56,0.0112,,,,0.045,0.14,0,None,1.23,2010-06-30,25.13,,3400000000.0,0,167000000,26000000,,,None,0,None,,None,,,,,141000000,0,None,None,0.157,,0,177000000,,,,,None,,,,,2.119,3.014,3.8,,,,,,,,0.107,,,2025-10-30,quarterly,1.37,USD,pre-market,35000000,,0.048,0.0856,0.078,36.57,369000000,,,,133.69,143.55,11.3821,,,,,,,1461000000,,35.68,,153.83,99.6
2025-12-28,XYL,3.89,8894000000.0,35.68,,1.174,46.02,,,,,,,,,,,,,,,None,431000000,431000000,,,,,,None,19000000,,1.56,0.0112,,,,0.045,0.14,73000000,92000000,1.23,2010-03-31,25.13,,3400000000.0,255000000,67000000,11000000,,,None,None,None,,None,,,,,56000000,None,None,None,0.157,,186000000,69000000,,,,,None,,,,,2.119,3.014,3.8,,,,,,,,0.107,,,2025-10-30,quarterly,1.37,USD,pre-market,18000000,,0.048,0.0856,0.078,36.57,None,,,,133.69,143.55,11.3821,,,,,,,686000000,,35.68,,153.83,99.6
2025-12-28,XYL,3.89,8894000000.0,35.68,,1.174,46.02,,,,,,,,,,,,,,,None,1751000000,1751000000,,,,,,None,None,,1.56,0.0112,,,,0.045,0.14,0,None,1.23,2009-12-31,25.13,,3400000000.0,1098000000,277000000,14000000,,,None,0,None,,None,,,,,263000000,0,None,None,0.157,,0,307000000,,,,,None,,,,,2.119,3.014,3.8,,,,,,,,0.107,,,2025-10-30,quarterly,1.37,USD,pre-market,63000000,,0.048,0.0856,0.078,36.57,730000000,,,,133.69,143.55,11.3821,,,,,,,2849000000,,35.68,,153.83,99.6
2025-12-28,XYL,3.89,8894000000.0,35.68,,1.174,46.02,,,,,,,,,,,,,,,None,5350000000,5350000000,,,,,,None,562000000,,1.56,0.0112,,,,0.045,0.14,1131000000,1693000000,1.23,2024-12-31,25.13,,3400000000.0,3212000000,1087000000,197000000,,,None,44000000,28000000,,None,,,,,890000000,890000000,-16000000,None,0.157,,2203000000,1009000000,,,,,None,,,,,2.119,3.014,3.8,,,,,,,,0.107,,,2025-10-30,annual,1.37,USD,pre-market,230000000,,0.048,0.0856,0.078,36.57,1911000000,,,,133.69,143.55,11.3821,,,,,,,8562000000,,35.68,,153.83,99.6
2025-12-28,XYL,3.89,8894000000.0,35.68,,1.174,46.02,,,,,,,,,,,,,,,None,4647000000,4647000000,,,,,,None,436000000,,1.56,0.0112,,,,0.045,0.14,684000000,1120000000,1.23,2023-12-31,25.13,,3400000000.0,2717000000,635000000,26000000,,,None,49000000,28000000,,None,,,,,609000000,492000000,-32000000,None,0.157,,2065000000,652000000,,,,,None,,,,,2.119,3.014,3.8,,,,,,,,0.107,,,2025-10-30,annual,1.37,USD,pre-market,232000000,,0.048,0.0856,0.078,36.57,1757000000,,,,133.69,143.55,11.3821,,,,,,,7364000000,,35.68,,153.83,99.6
2025-12-28,XYL,3.89,8894000000.0,35.68,,1.174,46.02,,,,,,,,,,,,,,,None,3438000000,3438000000,,,,,,None,236000000,,1.56,0.0112,,,,0.045,0.14,490000000,726000000,1.23,2022-12-31,25.13,,3400000000.0,2084000000,440000000,85000000,,,None,50000000,50000000,,None,,,,,355000000,355000000,-50000000,None,0.157,,1462000000,622000000,,,,,8000000,,,,,2.119,3.014,3.8,,,,,,,,0.107,,,2025-10-30,annual,1.37,USD,pre-market,206000000,,0.048,0.0856,0.078,36.57,1367000000,,,,133.69,143.55,11.3821,,,,,,,5522000000,,35.68,,153.83,99.6
2025-12-28,XYL,3.89,8894000000.0,35.68,,1.174,46.02,,,,,,,,,,,,,,,None,3220000000,3220000000,,,,,,None,245000000,,1.56,0.0112,,,,0.045,0.14,587000000,832000000,1.23,2021-12-31,25.13,,3400000000.0,1975000000,511000000,84000000,,,None,76000000,76000000,,None,,,,,427000000,427000000,-76000000,None,0.157,,1390000000,585000000,,,,,2000000,,,,,2.119,3.014,3.8,,,,,,,,0.107,,,2025-10-30,annual,1.37,USD,pre-market,204000000,,0.048,0.0856,0.078,36.57,1179000000,,,,133.69,143.55,11.3821,,,,,,,5195000000,,35.68,,153.83,99.6
2025-12-28,XYL,3.89,8894000000.0,35.68,,1.174,46.02,,,,,,,,,,,,,,,None,3046000000,3046000000,,,,,,None,251000000,,1.56,0.0112,,,,0.045,0.14,362000000,613000000,1.23,2020-12-31,25.13,,3400000000.0,1830000000,285000000,31000000,,,None,77000000,77000000,,None,,,,,254000000,254000000,-77000000,None,0.157,,1463000000,367000000,,,,,-5000000,,,,,2.119,3.014,3.8,,,,,,,,0.107,,,2025-10-30,annual,1.37,USD,pre-market,187000000,,0.048,0.0856,0.078,36.57,1143000000,,,,133.69,143.55,11.3821,,,,,,,4876000000,,35.68,,153.83,99.6
2025-12-28,XYL,3.89,8894000000.0,35.68,,1.174,46.02,,,,,,,,,,,,,,,None,3203000000,3203000000,,,,,,None,257000000,,1.56,0.0112,,,,0.045,0.14,483000000,740000000,1.23,2019-12-31,25.13,,3400000000.0,2046000000,416000000,15000000,,,None,67000000,5000000,,None,,,,,401000000,401000000,-62000000,None,0.157,,1560000000,486000000,,,,,-3000000,,,,,2.119,3.014,3.8,,,,,,,,0.107,,,2025-10-30,annual,1.37,USD,pre-market,191000000,,0.048,0.0856,0.078,36.57,1158000000,,,,133.69,143.55,11.3821,,,,,,,5249000000,,35.68,,153.83,99.6
2025-12-28,XYL,3.89,8894000000.0,35.68,,1.174,46.02,,,,,,,,,,,,,,,None,3181000000,3181000000,,,,,,None,261000000,,1.56,0.0112,,,,0.045,0.14,667000000,928000000,1.23,2018-12-31,25.13,,3400000000.0,2026000000,585000000,36000000,,,None,82000000,4000000,,None,,,,,549000000,549000000,-78000000,None,0.157,,1372000000,654000000,,,,,13000000,,,,,2.119,3.014,3.8,,,,,,,,0.107,,,2025-10-30,annual,1.37,USD,pre-market,189000000,,0.048,0.0856,0.078,36.57,1161000000,,,,133.69,143.55,11.3821,,,,,,,5207000000,,35.68,,153.83,99.6
2025-12-28,XYL,3.89,8894000000.0,35.68,,1.174,46.02,,,,,,,,,,,,,,,None,2856000000,2856000000,,,,,,None,234000000,,1.56,0.0112,,,,0.045,0.14,548000000,782000000,1.23,2017-12-31,25.13,,3400000000.0,1851000000,466000000,136000000,,,None,82000000,3000000,,None,,,,,331000000,330000000,-79000000,None,0.157,,1295000000,552000000,,,,,-8000000,,,,,2.119,3.014,3.8,,,,,,,,0.107,,,2025-10-30,annual,1.37,USD,pre-market,180000000,,0.048,0.0856,0.078,36.57,1089000000,,,,133.69,143.55,11.3821,,,,,,,4707000000,,35.68,,153.83,99.6
2025-12-28,XYL,3.89,8894000000.0,35.68,,1.174,46.02,,,,,,,,,,,,,,,None,2310000000,2310000000,,,,,,None,151000000,,1.56,0.0112,,,,0.045,0.14,410000000,561000000,1.23,2016-12-31,25.13,,3400000000.0,1461000000,340000000,80000000,,,None,70000000,2000000,,None,,,,,260000000,260000000,-68000000,None,0.157,,1054000000,406000000,,,,,4000000,,,,,2.119,3.014,3.8,,,,,,,,0.107,,,2025-10-30,annual,1.37,USD,pre-market,110000000,,0.048,0.0856,0.078,36.57,914000000,,,,133.69,143.55,11.3821,,,,,,,3771000000,,35.68,,153.83,99.6
2025-12-28,XYL,3.89,8894000000.0,35.68,,1.174,46.02,,,,,,,,,,,,,,,None,2249000000,2249000000,,,,,,None,133000000,,1.56,0.0112,,,,0.045,0.14,458000000,591000000,1.23,2015-12-31,25.13,,3400000000.0,1404000000,403000000,63000000,,,None,55000000,50000000,,None,,,,,340000000,340000000,None,None,0.157,,955000000,449000000,,,,,9000000,,,,,2.119,3.014,3.8,,,,,,,,0.107,,,2025-10-30,annual,1.37,USD,pre-market,95000000,,0.048,0.0856,0.078,36.57,854000000,,,,133.69,143.55,11.3821,,,,,,,3653000000,,35.68,,153.83,99.6
2025-12-28,XYL,3.89,8894000000.0,35.68,,1.174,46.02,,,,,,,,,,,,,,,None,2403000000,2403000000,,,,,,None,142000000,,1.56,0.0112,,,,0.045,0.14,475000000,617000000,1.23,2014-12-31,25.13,,3400000000.0,1513000000,421000000,84000000,,,None,54000000,None,,None,,,,,337000000,337000000,None,None,0.157,,1050000000,463000000,,,,,12000000,,,,,2.119,3.014,3.8,,,,,,,,0.107,,,2025-10-30,annual,1.37,USD,pre-market,104000000,,0.048,0.0856,0.078,36.57,920000000,,,,133.69,143.55,11.3821,,,,,,,3916000000,,35.68,,153.83,99.6
2025-12-28,XYL,3.89,8894000000.0,35.68,,1.174,46.02,,,,,,,,,,,,,,,None,2338000000,2338000000,,,,,,None,150000000,,1.56,0.0112,,,,0.045,0.14,353000000,503000000,1.23,2013-12-31,25.13,,3400000000.0,1499000000,298000000,70000000,,,None,55000000,None,,None,,,,,228000000,228000000,None,None,0.157,,1136000000,363000000,,,,,-10000000,,,,,2.119,3.014,3.8,,,,,,,,0.107,,,2025-10-30,annual,1.37,USD,pre-market,104000000,,0.048,0.0856,0.078,36.57,990000000,,,,133.69,143.55,11.3821,,,,,,,3837000000,,35.68,,153.83,99.6
2025-12-28,XYL,3.89,8894000000.0,35.68,,1.174,46.02,,,,,,,,,,,,,,,None,2289000000,2289000000,,,,,,None,142000000,,1.56,0.0112,,,,0.045,0.14,443000000,585000000,1.23,2012-12-31,25.13,,3400000000.0,1502000000,388000000,91000000,,,None,55000000,None,,None,,,,,297000000,297000000,None,None,0.157,,1059000000,486000000,,,,,None,,,,,2.119,3.014,3.8,,,,,,,,0.107,,,2025-10-30,annual,1.37,USD,pre-market,106000000,,0.048,0.0856,0.078,36.57,914000000,,,,133.69,143.55,11.3821,,,,,,,3791000000,,35.68,,153.83,99.6
2025-12-28,XYL,3.89,8894000000.0,35.68,,1.174,46.02,,,,,,,,,,,,,,,None,2342000000,2342000000,,,,,,None,137000000,,1.56,0.0112,,,,0.045,0.14,400000000,537000000,1.23,2011-12-31,25.13,,3400000000.0,1461000000,383000000,104000000,,,None,17000000,None,,None,,,,,279000000,279000000,None,None,0.157,,1066000000,395000000,,,,,5000000,,,,,2.119,3.014,3.8,,,,,,,,0.107,,,2025-10-30,annual,1.37,USD,pre-market,100000000,,0.048,0.0856,0.078,36.57,877000000,,,,133.69,143.55,11.3821,,,,,,,3803000000,,35.68,,153.83,99.6
2025-12-28,XYL,3.89,8894000000.0,35.68,,1.174,46.02,,,,,,,,,,,,,,,None,1988000000,1988000000,,,,,,None,92000000,,1.56,0.0112,,,,0.045,0.14,388000000,480000000,1.23,2010-12-31,25.13,,3400000000.0,1214000000,388000000,59000000,,,None,0,None,,None,,,,,329000000,None,None,None,0.157,,826000000,403000000,,,,,None,,,,,2.119,3.014,3.8,,,,,,,,0.107,,,2025-10-30,annual,1.37,USD,pre-market,74000000,,0.048,0.0856,0.078,36.57,737000000,,,,133.69,143.55,11.3821,,,,,,,3202000000,,35.68,,153.83,99.6
2025-12-28,XYL,3.89,8894000000.0,35.68,,1.174,46.02,,,,,,,,,,,,,,,None,1812000000,1812000000,,,,,,None,70000000,,1.56,0.0112,,,,0.045,0.14,307000000,377000000,1.23,2009-12-31,25.13,,3400000000.0,1037000000,277000000,14000000,,,None,0,None,,None,,,,,263000000,None,None,None,0.157,,761000000,276000000,,,,,None,,,,,2.119,3.014,3.8,,,,,,,,0.107,,,2025-10-30,annual,1.37,USD,pre-market,63000000,,0.048,0.0856,0.078,36.57,667000000,,,,133.69,143.55,11.3821,,,,,,,2849000000,,35.68,,153.83,99.6
2025-12-28,XYL,3.89,8894000000.0,35.68,None,1.174,46.02,,127000000,1191000000,1191000000,,,,,,,,,3000000,244100000,None,1812000000,1812000000,968000000,None,49000000,1803000000,None,None,70000000,,1.56,0.0112,,,,0.045,0.14,307000000,377000000,1.23,2025-09-30,25.13,8280000000,3400000000.0,1037000000,277000000,14000000,2319000000,2319000000,None,0,None,1035000000,None,None,1913000000,None,None,263000000,None,None,None,0.157,,761000000,276000000,412000000,1125000000,None,None,None,,,,,2.119,3.014,3.8,,,,,,,,0.107,,1141000000,2025-10-30,quarterly,1.37,USD,pre-market,63000000,3469000000,0.048,0.0856,0.078,36.57,667000000,2089000000,176000000,None,133.69,143.55,11.3821,17295000000,4441000000,2269000000,5850000000,12854000000,3581000000,2849000000,11207000000,35.68,None,153.83,99.6
2025-12-28,XYL,3.89,8894000000.0,35.68,None,1.174,46.02,,128000000,1170000000,1170000000,,,,,,,,,3000000,243859000,None,1812000000,1812000000,1047000000,None,68000000,1837000000,None,None,70000000,,1.56,0.0112,,,,0.045,0.14,307000000,377000000,1.23,2025-06-30,25.13,8237000000,3400000000.0,1037000000,277000000,14000000,2354000000,2354000000,None,0,None,1071000000,None,None,1928000000,None,None,263000000,None,None,None,0.157,,761000000,276000000,291000000,890000000,None,None,None,,,,,2.119,3.014,3.8,,,,,,,,0.107,,1189000000,2025-10-30,quarterly,1.37,USD,pre-market,63000000,3339000000,0.048,0.0856,0.078,36.57,667000000,2124000000,196000000,None,133.69,143.55,11.3821,17191000000,4369000000,2301000000,5882000000,12822000000,3581000000,2849000000,11074000000,35.68,None,153.83,99.6
2025-12-28,XYL,3.89,8894000000.0,35.68,None,1.174,46.02,,121000000,1059000000,1059000000,,,,,,,,,3000000,243800000,None,1812000000,1812000000,958000000,None,41000000,1743000000,None,None,70000000,,1.56,0.0112,,,,0.045,0.14,307000000,377000000,1.23,2025-03-31,25.13,8061000000,3400000000.0,1037000000,277000000,14000000,2332000000,2332000000,None,0,None,1022000000,None,None,1974000000,None,None,263000000,None,None,None,0.157,,761000000,276000000,260000000,827000000,None,None,None,,,,,2.119,3.014,3.8,,,,,,,,0.107,,1157000000,2025-10-30,quarterly,1.37,USD,pre-market,63000000,3211000000,0.048,0.0856,0.078,36.57,667000000,2136000000,162000000,None,133.69,143.55,11.3821,16559000000,4084000000,2166000000,5505000000,12475000000,3339000000,2849000000,10816000000,35.68,None,153.83,99.6
2025-12-28,XYL,3.89,8894000000.0,35.68,None,1.174,46.02,,109000000,1121000000,1121000000,,,,,,,,,3000000,243800000,None,1812000000,1812000000,1006000000,None,38000000,1668000000,None,None,70000000,,1.56,0.0112,,,,0.045,0.14,307000000,377000000,1.23,2024-12-31,25.13,7980000000,3400000000.0,1037000000,277000000,14000000,2379000000,2379000000,None,0,None,996000000,None,None,1978000000,None,None,263000000,None,None,None,0.157,,761000000,276000000,313000000,982000000,None,None,None,,,,,2.119,3.014,3.8,,,,,,,,0.107,,1558000000,2025-10-30,quarterly,1.37,USD,pre-market,63000000,3140000000,0.048,0.0856,0.078,36.57,667000000,2125000000,147000000,None,133.69,143.55,11.3821,16493000000,4094000000,2336000000,5615000000,12395000000,3275000000,2849000000,10642000000,35.68,None,153.83,99.6
2025-12-28,XYL,3.89,8894000000.0,35.68,None,1.174,46.02,,109000000,989000000,989000000,,,,,,,,,3000000,243750000,None,1812000000,1812000000,930000000,None,17000000,1707000000,None,None,70000000,,1.56,0.0112,,,,0.045,0.14,307000000,377000000,1.23,2024-09-30,25.13,7593000000,3400000000.0,1037000000,277000000,14000000,2326000000,2326000000,None,0,None,1091000000,None,None,1977000000,None,None,263000000,None,None,None,0.157,,761000000,276000000,226000000,860000000,None,None,None,,,,,2.119,3.014,3.8,,,,,,,,0.107,,1158000000,2025-10-30,quarterly,1.37,USD,pre-market,63000000,2902000000,0.048,0.0856,0.078,36.57,667000000,2103000000,126000000,None,133.69,143.55,11.3821,16046000000,4013000000,2052000000,5446000000,12033000000,3394000000,2849000000,10593000000,35.68,None,153.83,99.6
2025-12-28,XYL,3.89,8894000000.0,35.68,None,1.174,46.02,,106000000,815000000,815000000,,,,,,,,,3000000,243538000,None,1812000000,1812000000,940000000,None,17000000,1675000000,None,None,70000000,,1.56,0.0112,,,,0.045,0.14,307000000,377000000,1.23,2024-06-30,25.13,7509000000,3400000000.0,1037000000,277000000,14000000,2374000000,2374000000,None,0,None,1057000000,None,None,1981000000,None,None,263000000,None,None,None,0.157,,761000000,276000000,234000000,859000000,None,None,None,,,,,2.119,3.014,3.8,,,,,,,,0.107,,None,2025-10-30,quarterly,1.37,USD,pre-market,63000000,2774000000,0.048,0.0856,0.078,36.57,667000000,2104000000,123000000,None,133.69,143.55,11.3821,15765000000,3781000000,2042000000,5417000000,11984000000,3375000000,2849000000,10341000000,35.68,None,153.83,99.6
2025-12-28,XYL,3.89,8894000000.0,35.68,None,1.174,46.02,,104000000,947000000,947000000,,,,,,,,,3000000,243021000,None,1812000000,1812000000,948000000,None,285000000,1641000000,None,None,70000000,,1.56,0.0112,,,,0.045,0.14,307000000,377000000,1.23,2024-03-31,25.13,7509000000,3400000000.0,1037000000,277000000,14000000,2454000000,2454000000,None,0,None,1039000000,None,None,1985000000,None,None,263000000,None,None,None,0.157,,761000000,276000000,266000000,850000000,None,None,None,,,,,2.119,3.014,3.8,,,,,,,,0.107,,None,2025-10-30,quarterly,1.37,USD,pre-market,63000000,2667000000,0.048,0.0856,0.078,36.57,667000000,2374000000,389000000,None,133.69,143.55,11.3821,15924000000,3893000000,2331000000,5721000000,12031000000,3390000000,2849000000,10195000000,35.68,None,153.83,99.6
2025-12-28,XYL,3.89,8894000000.0,35.68,None,1.174,46.02,,106000000,1019000000,1019000000,,,,,,,,,3000000,241504000,None,1812000000,1812000000,968000000,None,16000000,1617000000,None,None,70000000,,1.56,0.0112,,,,0.045,0.14,307000000,377000000,1.23,2023-12-31,25.13,7587000000,3400000000.0,1037000000,277000000,14000000,2529000000,2529000000,None,0,None,1018000000,None,None,2268000000,None,None,263000000,None,None,None,0.157,,761000000,276000000,230000000,945000000,None,None,None,,,,,2.119,3.014,3.8,,,,,,,,0.107,,None,2025-10-30,quarterly,1.37,USD,pre-market,63000000,2601000000,0.048,0.0856,0.078,36.57,667000000,2390000000,122000000,None,133.69,143.55,11.3821,16112000000,3884000000,2205000000,5936000000,12228000000,3731000000,2849000000,10166000000,35.68,None,153.83,99.6
2025-12-28,XYL,3.89,8894000000.0,35.68,None,1.174,46.02,,101000000,705000000,705000000,,,,,,,,,3000000,242189000,None,1812000000,1812000000,943000000,None,17000000,1653000000,None,None,70000000,,1.56,0.0112,,,,0.045,0.14,307000000,377000000,1.23,2023-09-30,25.13,7149000000,3400000000.0,1037000000,277000000,14000000,3039000000,3039000000,None,0,None,1080000000,None,None,2253000000,None,None,263000000,None,None,None,0.157,,761000000,276000000,213000000,930000000,None,None,None,,,,,2.119,3.014,3.8,,,,,,,,0.107,,1132000000,2025-10-30,quarterly,1.37,USD,pre-market,63000000,2416000000,0.048,0.0856,0.078,36.57,667000000,2371000000,118000000,None,133.69,143.55,11.3821,15905000000,3651000000,2120000000,5964000000,12254000000,3844000000,2849000000,9930000000,35.68,None,153.83,99.6
2025-12-28,XYL,3.89,8894000000.0,35.68,None,1.174,46.02,,97000000,708000000,708000000,,,,,,,,,3000000,206740000,None,1812000000,1812000000,968000000,None,240000000,1659000000,None,None,70000000,,1.56,0.0112,,,,0.045,0.14,307000000,377000000,1.23,2023-06-30,25.13,7108000000,3400000000.0,1037000000,277000000,14000000,3188000000,3188000000,None,0,None,1143000000,None,None,2267000000,None,None,263000000,None,None,None,0.157,,761000000,276000000,225000000,1314000000,None,900000000,None,,,,,2.119,3.014,3.8,,,,,,,,0.107,,1144000000,2025-10-30,quarterly,1.37,USD,pre-market,63000000,2344000000,0.048,0.0856,0.078,36.57,667000000,2507000000,240000000,None,133.69,143.55,11.3821,16097000000,3735000000,2282000000,6187000000,12362000000,3905000000,2849000000,9899000000,35.68,-717000000,153.83,99.6
2025-12-28,XYL,3.89,8894000000.0,35.68,None,1.174,46.02,,67000000,837000000,837000000,,,,,,,,,2000000,181319000,None,1812000000,1812000000,710000000,None,None,1123000000,None,None,70000000,,1.56,0.0112,,,,0.045,0.14,307000000,377000000,1.23,2023-03-31,25.13,2738000000,3400000000.0,1037000000,277000000,14000000,915000000,915000000,None,0,None,857000000,None,None,1881000000,None,None,263000000,None,None,None,0.157,,761000000,276000000,193000000,717000000,None,761000000,None,,,,,2.119,3.014,3.8,,,,,,,,0.107,,631000000,2025-10-30,quarterly,1.37,USD,pre-market,63000000,2331000000,0.048,0.0856,0.078,36.57,667000000,1948000000,67000000,None,133.69,143.55,11.3821,7940000000,3010000000,1494000000,4351000000,4930000000,2857000000,2849000000,3578000000,35.68,-716000000,153.83,99.6
2025-12-28,XYL,3.89,8894000000.0,35.68,None,1.174,46.02,,69000000,944000000,944000000,,,,,,,,,2000000,181300000,None,1812000000,1812000000,723000000,None,None,1096000000,None,None,70000000,,1.56,0.0112,,,,0.045,0.14,307000000,377000000,1.23,2022-12-31,25.13,2719000000,3400000000.0,1037000000,277000000,14000000,930000000,930000000,None,0,None,799000000,None,None,1880000000,None,None,263000000,None,None,None,0.157,,761000000,276000000,173000000,612000000,None,757000000,None,,,,,2.119,3.014,3.8,,,,,,,,0.107,,630000000,2025-10-30,quarterly,1.37,USD,pre-market,63000000,2292000000,0.048,0.0856,0.078,36.57,667000000,1949000000,69000000,0,133.69,143.55,11.3821,7952000000,3012000000,1590000000,4449000000,4940000000,2859000000,2849000000,3494000000,35.68,-708000000,153.83,99.6
2025-12-28,XYL,3.89,8894000000.0,35.68,None,1.174,46.02,,63000000,1186000000,1186000000,,,,,,,,,2000000,180900000,None,1812000000,1812000000,618000000,None,483000000,1018000000,None,None,70000000,,1.56,0.0112,,,,0.045,0.14,307000000,377000000,1.23,2022-09-30,25.13,2637000000,3400000000.0,1037000000,277000000,14000000,933000000,933000000,None,0,None,837000000,None,None,1880000000,None,None,263000000,None,None,None,0.157,,761000000,276000000,150000000,629000000,None,815000000,None,,,,,2.119,3.014,3.8,,,,,,,,0.107,,585000000,2025-10-30,quarterly,1.37,USD,pre-market,63000000,2197000000,0.048,0.0856,0.078,36.57,667000000,2426000000,546000000,None,133.69,143.55,11.3821,8106000000,3191000000,1929000000,4884000000,4915000000,2955000000,2849000000,3215000000,35.68,-708000000,153.83,99.6
2025-12-28,XYL,3.89,8894000000.0,35.68,None,1.174,46.02,,71000000,1113000000,1113000000,,,,,,,,,2000000,180600000,None,1812000000,1812000000,648000000,None,521000000,1024000000,None,None,70000000,,1.56,0.0112,,,,0.045,0.14,307000000,377000000,1.23,2022-06-30,25.13,2714000000,3400000000.0,1037000000,277000000,14000000,975000000,975000000,None,0,None,852000000,None,None,1879000000,None,None,263000000,None,None,None,0.157,,761000000,276000000,185000000,596000000,None,864000000,None,,,,,2.119,3.014,3.8,,,,,,,,0.107,,608000000,2025-10-30,quarterly,1.37,USD,pre-market,63000000,2238000000,0.048,0.0856,0.078,36.57,667000000,2471000000,592000000,None,133.69,143.55,11.3821,8189000000,3174000000,1951000000,4986000000,5015000000,3035000000,2849000000,3195000000,35.68,-708000000,153.83,99.6
2025-12-28,XYL,3.89,8894000000.0,35.68,None,1.174,46.02,,73000000,1117000000,1117000000,,,,,,,,,2000000,181000000,None,1812000000,1812000000,652000000,None,555000000,1011000000,None,None,70000000,,1.56,0.0112,,,,0.045,0.14,307000000,377000000,1.23,2022-03-31,25.13,2782000000,3400000000.0,1037000000,277000000,14000000,1002000000,1002000000,None,0,None,804000000,None,None,1878000000,None,None,263000000,None,None,None,0.157,,761000000,276000000,186000000,551000000,None,932000000,None,,,,,2.119,3.014,3.8,,,,,,,,0.107,,636000000,2025-10-30,quarterly,1.37,USD,pre-market,63000000,2181000000,0.048,0.0856,0.078,36.57,667000000,2506000000,628000000,None,133.69,143.55,11.3821,8219000000,3118000000,1920000000,5013000000,5101000000,3093000000,2849000000,3198000000,35.68,-707000000,153.83,99.6
2025-12-28,XYL,3.89,8894000000.0,35.68,None,1.174,46.02,,69000000,1349000000,1349000000,,,,,,,,,2000000,181600000,None,1812000000,1812000000,639000000,None,None,953000000,None,None,70000000,,1.56,0.0112,,,,0.045,0.14,307000000,377000000,1.23,2021-12-31,25.13,2792000000,3400000000.0,1037000000,277000000,14000000,1016000000,1016000000,None,0,None,700000000,None,None,2440000000,None,None,263000000,None,None,None,0.157,,761000000,276000000,158000000,683000000,None,932000000,None,,,,,2.119,3.014,3.8,,,,,,,,0.107,,644000000,2025-10-30,quarterly,1.37,USD,pre-market,63000000,2154000000,0.048,0.0856,0.078,36.57,667000000,2509000000,69000000,0,133.69,143.55,11.3821,8276000000,3160000000,1391000000,5050000000,5116000000,3659000000,2849000000,3218000000,35.68,-656000000,153.83,99.6
2025-12-28,XYL,3.89,8894000000.0,35.68,None,1.174,46.02,,70000000,1255000000,1255000000,,,,,,,,,2000000,181600000,None,1812000000,1812000000,577000000,None,None,973000000,None,None,70000000,,1.56,0.0112,,,,0.045,0.14,307000000,377000000,1.23,2021-09-30,25.13,2816000000,3400000000.0,1037000000,277000000,14000000,1037000000,1037000000,None,0,None,679000000,None,None,2455000000,None,None,263000000,None,None,None,0.157,,761000000,276000000,150000000,590000000,None,1010000000,None,,,,,2.119,3.014,3.8,,,,,,,,0.107,,618000000,2025-10-30,quarterly,1.37,USD,pre-market,63000000,2092000000,0.048,0.0856,0.078,36.57,667000000,2525000000,70000000,None,133.69,143.55,11.3821,8151000000,3057000000,1314000000,5049000000,5094000000,3735000000,2849000000,3093000000,35.68,-656000000,153.83,99.6
2025-12-28,XYL,3.89,8894000000.0,35.68,None,1.174,46.02,,70000000,1840000000,1840000000,,,,,,,,,2000000,181300000,None,1812000000,1812000000,599000000,None,600000000,975000000,None,None,70000000,,1.56,0.0112,,,,0.045,0.14,307000000,377000000,1.23,2021-06-30,25.13,2841000000,3400000000.0,1037000000,277000000,14000000,1058000000,1058000000,None,0,None,642000000,None,None,2466000000,None,None,263000000,None,None,None,0.157,,761000000,276000000,166000000,612000000,None,1047000000,None,,,,,2.119,3.014,3.8,,,,,,,,0.107,,626000000,2025-10-30,quarterly,1.37,USD,pre-market,63000000,2029000000,0.048,0.0856,0.078,36.57,667000000,3136000000,670000000,None,133.69,143.55,11.3821,8785000000,3623000000,1959000000,5736000000,5162000000,3777000000,2849000000,3040000000,35.68,-656000000,153.83,99.6
2025-12-28,XYL,3.89,8894000000.0,35.68,None,1.174,46.02,,64000000,1688000000,1688000000,,,,,,,,,2000000,181500000,None,1812000000,1812000000,530000000,None,600000000,952000000,None,None,70000000,,1.56,0.0112,,,,0.045,0.14,307000000,377000000,1.23,2021-03-31,25.13,2831000000,3400000000.0,1037000000,277000000,14000000,1075000000,1075000000,None,0,None,596000000,None,None,2460000000,None,None,263000000,None,None,None,0.157,,761000000,276000000,165000000,557000000,None,1038000000,None,,,,,2.119,3.014,3.8,,,,,,,,0.107,,627000000,2025-10-30,quarterly,1.37,USD,pre-market,63000000,1967000000,0.048,0.0856,0.078,36.57,667000000,3124000000,664000000,None,133.69,143.55,11.3821,8545000000,3401000000,1844000000,5599000000,5144000000,3755000000,2849000000,2937000000,35.68,-655000000,153.83,99.6
2025-12-28,XYL,3.89,8894000000.0,35.68,None,1.174,46.02,,54000000,1875000000,1875000000,,,,,,,,,2000000,181500000,None,1812000000,1812000000,569000000,None,600000000,923000000,None,None,70000000,,1.56,0.0112,,,,0.045,0.14,307000000,377000000,1.23,2020-12-31,25.13,2854000000,3400000000.0,1037000000,277000000,14000000,1093000000,1093000000,None,0,None,558000000,None,None,2484000000,None,None,263000000,None,None,None,0.157,,761000000,276000000,167000000,670000000,None,1092000000,None,,,,,2.119,3.014,3.8,,,,,,,,0.107,,657000000,2025-10-30,quarterly,1.37,USD,pre-market,63000000,1930000000,0.048,0.0856,0.078,36.57,667000000,3147000000,663000000,None,133.69,143.55,11.3821,8750000000,3523000000,1956000000,5774000000,5227000000,3818000000,2849000000,2968000000,35.68,-588000000,153.83,99.6
2025-12-28,XYL,3.89,8894000000.0,35.68,None,1.174,46.02,,61000000,1402000000,1402000000,,,,,,,,,2000000,181000000,None,1812000000,1812000000,495000000,None,40000000,968000000,None,None,70000000,,1.56,0.0112,,,,0.045,0.14,307000000,377000000,1.23,2020-09-30,25.13,2795000000,3400000000.0,1037000000,277000000,14000000,1090000000,1090000000,None,0,None,582000000,None,None,3053000000,None,None,263000000,None,None,None,0.157,,761000000,276000000,159000000,588000000,None,957000000,None,,,,,2.119,3.014,3.8,,,,,,,,0.107,,633000000,2025-10-30,quarterly,1.37,USD,pre-market,63000000,1828000000,0.048,0.0856,0.078,36.57,667000000,3154000000,101000000,200000000,133.69,143.55,11.3821,8448000000,3311000000,1280000000,5573000000,5137000000,4293000000,2849000000,2867000000,35.68,-588000000,153.83,99.6
2025-12-28,XYL,3.89,8894000000.0,35.68,None,1.174,46.02,,57000000,1577000000,1577000000,,,,,,,,,2000000,180600000,None,1812000000,1812000000,498000000,None,212000000,956000000,None,None,70000000,,1.56,0.0112,,,,0.045,0.14,307000000,377000000,1.23,2020-06-30,25.13,2820000000,3400000000.0,1037000000,277000000,14000000,1108000000,1108000000,None,0,None,595000000,None,None,3031000000,None,None,263000000,None,None,None,0.157,,761000000,276000000,173000000,523000000,None,871000000,None,,,,,2.119,3.014,3.8,,,,,,,,0.107,,635000000,2025-10-30,quarterly,1.37,USD,pre-market,63000000,1838000000,0.048,0.0856,0.078,36.57,667000000,3300000000,269000000,None,133.69,143.55,11.3821,8444000000,3301000000,1373000000,5579000000,5143000000,4206000000,2849000000,2856000000,35.68,-587000000,153.83,99.6
2025-12-28,XYL,3.89,8894000000.0,35.68,None,1.174,46.02,,56000000,739000000,739000000,,,,,,,,,2000000,181300000,None,1812000000,1812000000,506000000,None,459000000,975000000,None,None,70000000,,1.56,0.0112,,,,0.045,0.14,307000000,377000000,1.23,2020-03-31,25.13,2790000000,3400000000.0,1037000000,277000000,14000000,1141000000,1141000000,None,0,None,573000000,None,None,2031000000,None,None,263000000,None,None,None,0.157,,761000000,276000000,175000000,490000000,None,840000000,None,,,,,2.119,3.014,3.8,,,,,,,,0.107,,628000000,2025-10-30,quarterly,1.37,USD,pre-market,63000000,1854000000,0.048,0.0856,0.078,36.57,667000000,2546000000,515000000,None,133.69,143.55,11.3821,7591000000,2462000000,1584000000,4770000000,5129000000,3186000000,2849000000,2812000000,35.68,-587000000,153.83,99.6
2025-12-28,XYL,3.89,8894000000.0,35.68,None,1.174,46.02,,61000000,724000000,724000000,,,,,,,,,2000000,181300000,None,1812000000,1812000000,597000000,None,276000000,1036000000,None,None,70000000,,1.56,0.0112,,,,0.045,0.14,307000000,377000000,1.23,2019-12-31,25.13,2839000000,3400000000.0,1037000000,277000000,14000000,1174000000,1174000000,None,0,None,539000000,None,None,2040000000,None,None,263000000,None,None,None,0.157,,761000000,276000000,151000000,488000000,None,892000000,None,,,,,2.119,3.014,3.8,,,,,,,,0.107,,658000000,2025-10-30,quarterly,1.37,USD,pre-market,63000000,1866000000,0.048,0.0856,0.078,36.57,667000000,2377000000,337000000,None,133.69,143.55,11.3821,7710000000,2450000000,1501000000,4743000000,5260000000,3242000000,2849000000,2957000000,35.68,-527000000,153.83,99.6
2025-12-28,XYL,3.89,8894000000.0,35.68,None,1.174,46.02,,60000000,453000000,453000000,,,,,,,,,2000000,181200000,None,1812000000,1812000000,521000000,None,306000000,1078000000,None,None,70000000,,1.56,0.0112,,,,0.045,0.14,307000000,377000000,1.23,2019-09-30,25.13,2811000000,3400000000.0,1037000000,277000000,14000000,1180000000,1180000000,None,0,None,580000000,None,None,2030000000,None,None,263000000,None,None,None,0.157,,761000000,276000000,152000000,505000000,None,819000000,None,,,,,2.119,3.014,3.8,,,,,,,,0.107,,641000000,2025-10-30,quarterly,1.37,USD,pre-market,63000000,1791000000,0.048,0.0856,0.078,36.57,667000000,2396000000,366000000,None,133.69,143.55,11.3821,7515000000,2263000000,1461000000,4620000000,5252000000,3159000000,2849000000,2886000000,35.68,-526000000,153.83,99.6
2025-12-28,XYL,3.89,8894000000.0,35.68,None,1.174,46.02,,63000000,383000000,383000000,,,,,,,,,2000000,181200000,None,1812000000,1812000000,539000000,None,402000000,1096000000,None,None,70000000,,1.56,0.0112,,,,0.045,0.14,307000000,377000000,1.23,2019-06-30,25.13,2999000000,3400000000.0,1037000000,277000000,14000000,1211000000,1211000000,None,0,None,604000000,None,None,2051000000,None,None,263000000,None,None,None,0.157,,761000000,276000000,175000000,456000000,None,875000000,None,,,,,2.119,3.014,3.8,,,,,,,,0.107,,661000000,2025-10-30,quarterly,1.37,USD,pre-market,63000000,1770000000,0.048,0.0856,0.078,36.57,667000000,2516000000,465000000,None,133.69,143.55,11.3821,7674000000,2258000000,1537000000,4768000000,5416000000,3231000000,2849000000,2894000000,35.68,-526000000,153.83,99.6
2025-12-28,XYL,3.89,8894000000.0,35.68,None,1.174,46.02,,62000000,275000000,275000000,,,,,,,,,2000000,181100000,None,1812000000,1812000000,548000000,None,304000000,1020000000,None,None,70000000,,1.56,0.0112,,,,0.045,0.14,307000000,377000000,1.23,2019-03-31,25.13,2988000000,3400000000.0,1037000000,277000000,14000000,1219000000,1219000000,None,0,None,617000000,None,None,2044000000,None,None,263000000,None,None,None,0.157,,761000000,276000000,169000000,448000000,None,863000000,None,,,,,2.119,3.014,3.8,,,,,,,,0.107,,653000000,2025-10-30,quarterly,1.37,USD,pre-market,63000000,1674000000,0.048,0.0856,0.078,36.57,667000000,2410000000,366000000,None,133.69,143.55,11.3821,7468000000,2081000000,1441000000,4660000000,5387000000,3219000000,2849000000,2796000000,35.68,-526000000,153.83,99.6
2025-12-28,XYL,3.89,8894000000.0,35.68,None,1.174,46.02,,None,296000000,296000000,,,,,,,,,2000000,181100000,None,1812000000,1812000000,586000000,None,None,1031000000,None,None,70000000,,1.56,0.0112,,,,0.045,0.14,307000000,377000000,1.23,2018-12-31,25.13,2976000000,3400000000.0,1037000000,277000000,14000000,1232000000,1232000000,None,0,None,595000000,None,None,2051000000,None,None,263000000,None,None,None,0.157,,761000000,276000000,172000000,461000000,None,697000000,None,,,,,2.119,3.014,3.8,,,,,,,,0.107,,656000000,2025-10-30,quarterly,1.37,USD,pre-market,63000000,1639000000,0.048,0.0856,0.078,36.57,667000000,2308000000,257000000,None,133.69,143.55,11.3821,7222000000,2094000000,1389000000,4440000000,5128000000,3051000000,2849000000,2768000000,35.68,-487000000,153.83,99.6
2025-12-28,XYL,3.89,8894000000.0,35.68,None,1.174,46.02,,None,404000000,404000000,,,,,,,,,2000000,181100000,None,1812000000,1812000000,570000000,None,264000000,1017000000,None,None,70000000,,1.56,0.0112,,,,0.045,0.14,307000000,377000000,1.23,2018-09-30,25.13,3008000000,3400000000.0,1037000000,277000000,14000000,1259000000,1259000000,None,0,None,622000000,None,None,2189000000,None,None,263000000,None,None,None,0.157,,761000000,276000000,161000000,482000000,None,739000000,None,,,,,2.119,3.014,3.8,,,,,,,,0.107,,636000000,2025-10-30,quarterly,1.37,USD,pre-market,63000000,1452000000,0.048,0.0856,0.078,36.57,667000000,2531000000,342000000,None,133.69,143.55,11.3821,7326000000,2204000000,1483000000,4695000000,5122000000,3212000000,2849000000,2617000000,35.68,-486000000,153.83,99.6
2025-12-28,XYL,3.89,8894000000.0,35.68,None,1.174,46.02,,None,321000000,321000000,,,,,,,,,2000000,181000000,None,1812000000,1812000000,580000000,None,2540000000,1019000000,None,None,70000000,,1.56,0.0112,,,,0.045,0.14,307000000,377000000,1.23,2018-06-30,25.13,2996000000,3400000000.0,1037000000,277000000,14000000,1269000000,1269000000,None,0,None,598000000,None,None,2179000000,None,None,263000000,None,None,None,0.157,,761000000,276000000,168000000,468000000,None,759000000,None,,,,,2.119,3.014,3.8,,,,,,,,0.107,,643000000,2025-10-30,quarterly,1.37,USD,pre-market,63000000,1359000000,0.048,0.0856,0.078,36.57,667000000,2540000000,361000000,None,133.69,143.55,11.3821,7232000000,2106000000,1477000000,4703000000,5126000000,3226000000,2849000000,2513000000,35.68,-486000000,153.83,99.6
2025-12-28,XYL,3.89,8894000000.0,35.68,None,1.174,46.02,,None,297000000,297000000,,,,,,,,,2000000,181400000,None,1812000000,1812000000,543000000,None,2599000000,999000000,None,None,70000000,,1.56,0.0112,,,,0.045,0.14,307000000,377000000,1.23,2018-03-31,25.13,3082000000,3400000000.0,1037000000,277000000,14000000,1303000000,1303000000,None,0,None,578000000,None,None,2228000000,None,None,263000000,None,None,None,0.157,,761000000,276000000,192000000,480000000,None,820000000,None,,,,,2.119,3.014,3.8,,,,,,,,0.107,,666000000,2025-10-30,quarterly,1.37,USD,pre-market,63000000,1282000000,0.048,0.0856,0.078,36.57,667000000,2599000000,371000000,None,133.69,143.55,11.3821,7350000000,2066000000,1460000000,4793000000,5284000000,3333000000,2849000000,2541000000,35.68,-461000000,153.83,99.6
2025-12-28,XYL,3.89,8894000000.0,35.68,None,1.174,46.02,,None,414000000,414000000,,,,,,,,,2000000,181400000,None,1812000000,1812000000,549000000,None,2200000000,956000000,None,None,70000000,,1.56,0.0112,,,,0.045,0.14,307000000,377000000,1.23,2017-12-31,25.13,2768000000,3400000000.0,1037000000,277000000,14000000,1168000000,1168000000,None,0,None,524000000,None,None,2200000000,None,None,263000000,None,None,None,0.157,,761000000,276000000,177000000,551000000,None,789000000,None,,,,,2.119,3.014,3.8,,,,,,,,0.107,,643000000,2025-10-30,quarterly,1.37,USD,pre-market,63000000,1227000000,0.048,0.0856,0.078,36.57,667000000,2200000000,2200000000,None,133.69,143.55,11.3821,6860000000,2071000000,1100000000,4341000000,4789000000,3241000000,2849000000,2503000000,35.68,-428000000,153.83,99.6
2025-12-28,XYL,3.89,8894000000.0,35.68,None,1.174,46.02,,None,283000000,283000000,,,,,,,,,2000000,180900000,None,1812000000,1812000000,477000000,None,24000000,990000000,None,None,70000000,,1.56,0.0112,,,,0.045,0.14,307000000,377000000,1.23,2017-09-30,25.13,2741000000,3400000000.0,1037000000,277000000,14000000,1174000000,1174000000,None,0,None,562000000,None,None,2189000000,None,None,263000000,None,None,None,0.157,,761000000,276000000,160000000,492000000,None,654000000,None,,,,,2.119,3.014,3.8,,,,,,,,0.107,,637000000,2025-10-30,quarterly,1.37,USD,pre-market,63000000,1188000000,0.048,0.0856,0.078,36.57,667000000,2286000000,97000000,0,133.69,143.55,11.3821,6783000000,1995000000,1136000000,4303000000,4788000000,3167000000,2849000000,2463000000,35.68,-428000000,153.83,99.6
2025-12-28,XYL,3.89,8894000000.0,35.68,None,1.174,46.02,,None,288000000,288000000,,,,,,,,,2000000,180600000,None,1812000000,1812000000,442000000,None,2411000000,944000000,None,None,70000000,,1.56,0.0112,,,,0.045,0.14,307000000,377000000,1.23,2017-06-30,25.13,2717000000,3400000000.0,1037000000,277000000,14000000,1184000000,1184000000,None,0,None,554000000,None,None,2168000000,None,None,263000000,None,None,None,0.157,,761000000,276000000,175000000,449000000,None,628000000,None,,,,,2.119,3.014,3.8,,,,,,,,0.107,,627000000,2025-10-30,quarterly,1.37,USD,pre-market,63000000,1117000000,0.048,0.0856,0.078,36.57,667000000,2411000000,243000000,0,133.69,143.55,11.3821,6707000000,1961000000,1200000000,4325000000,4746000000,3125000000,2849000000,2365000000,35.68,-428000000,153.83,99.6
2025-12-28,XYL,3.89,8894000000.0,35.68,None,1.174,46.02,,None,287000000,287000000,,,,,,,,,2000000,180700000,None,1812000000,1812000000,414000000,None,261000000,868000000,None,None,70000000,,1.56,0.0112,,,,0.045,0.14,307000000,377000000,1.23,2017-03-31,25.13,2658000000,3400000000.0,1037000000,277000000,14000000,1190000000,1190000000,None,0,None,540000000,None,None,2126000000,None,None,263000000,None,None,None,0.157,,761000000,276000000,168000000,451000000,None,592000000,None,,,,,2.119,3.014,3.8,,,,,,,,0.107,,612000000,2025-10-30,quarterly,1.37,USD,pre-market,63000000,1050000000,0.048,0.0856,0.078,36.57,667000000,2387000000,261000000,None,133.69,143.55,11.3821,6527000000,1863000000,1191000000,4259000000,4664000000,3068000000,2849000000,2251000000,35.68,-408000000,153.83,99.6
2025-12-28,XYL,3.89,8894000000.0,35.68,None,1.174,46.02,,None,308000000,308000000,,,,,,,,,2000000,180700000,None,1812000000,1812000000,457000000,None,157000000,843000000,None,None,70000000,,1.56,0.0112,,,,0.045,0.14,307000000,377000000,1.23,2016-12-31,25.13,2632000000,3400000000.0,1037000000,277000000,14000000,1201000000,1201000000,None,0,None,522000000,None,None,2108000000,None,None,263000000,None,None,None,0.157,,761000000,276000000,166000000,458000000,None,569000000,None,,,,,2.119,3.014,3.8,,,,,,,,0.107,,616000000,2025-10-30,quarterly,1.37,USD,pre-market,63000000,1033000000,0.048,0.0856,0.078,36.57,667000000,2368000000,260000000,None,133.69,143.55,11.3821,6474000000,1839000000,1238000000,4267000000,4635000000,3029000000,2849000000,2190000000,35.68,-403000000,153.83,99.6
2025-12-28,XYL,3.89,8894000000.0,35.68,None,1.174,46.02,,None,659000000,659000000,,,,,,,,,2000000,180300000,None,1812000000,1812000000,341000000,None,62000000,792000000,None,None,70000000,,1.56,0.0112,,,,0.045,0.14,307000000,377000000,1.23,2016-09-30,25.13,1621000000,3400000000.0,1037000000,277000000,14000000,444000000,444000000,None,0,None,488000000,None,None,1148000000,None,None,263000000,None,None,None,0.157,,761000000,276000000,153000000,371000000,None,448000000,None,,,,,2.119,3.014,3.8,,,,,,,,0.107,,440000000,2025-10-30,quarterly,1.37,USD,pre-market,63000000,1011000000,0.048,0.0856,0.078,36.57,667000000,1210000000,62000000,None,133.69,143.55,11.3821,4778000000,2092000000,841000000,2551000000,2686000000,1710000000,2849000000,2227000000,35.68,-402000000,153.83,99.6
2025-12-28,XYL,3.89,8894000000.0,35.68,None,1.174,46.02,,None,586000000,586000000,,,,,,,,,2000000,179900000,None,1812000000,1812000000,339000000,None,91000000,784000000,None,None,70000000,,1.56,0.0112,,,,0.045,0.14,307000000,377000000,1.23,2016-06-30,25.13,1616000000,3400000000.0,1037000000,277000000,14000000,453000000,453000000,None,0,None,483000000,None,None,1143000000,None,None,263000000,None,None,None,0.157,,761000000,276000000,154000000,339000000,None,440000000,None,,,,,2.119,3.014,3.8,,,,,,,,0.107,,438000000,2025-10-30,quarterly,1.37,USD,pre-market,63000000,966000000,0.048,0.0856,0.078,36.57,667000000,1234000000,91000000,0,133.69,143.55,11.3821,4694000000,2007000000,820000000,2520000000,2687000000,1700000000,2849000000,2174000000,35.68,-402000000,153.83,99.6
2025-12-28,XYL,3.89,8894000000.0,35.68,None,1.174,46.02,,None,1193000000,1193000000,,,,,,,,,2000000,179300000,None,1812000000,1812000000,332000000,None,720000000,752000000,None,None,70000000,,1.56,0.0112,,,,0.045,0.14,307000000,377000000,1.23,2016-03-31,25.13,1632000000,3400000000.0,1037000000,277000000,14000000,464000000,464000000,None,0,None,482000000,None,None,1153000000,None,None,263000000,None,None,None,0.157,,761000000,276000000,148000000,316000000,None,454000000,None,,,,,2.119,3.014,3.8,,,,,,,,0.107,,446000000,2025-10-30,quarterly,1.37,USD,pre-market,63000000,923000000,0.048,0.0856,0.078,36.57,667000000,1873000000,720000000,0,133.69,143.55,11.3821,5304000000,2575000000,1432000000,3145000000,2729000000,1713000000,2849000000,2159000000,35.68,-402000000,153.83,99.6
2025-12-28,XYL,3.89,8894000000.0,35.68,None,1.174,46.02,,None,680000000,680000000,,,,,,,,,2000000,179300000,None,1812000000,1812000000,338000000,None,2000000,749000000,None,None,70000000,,1.56,0.0112,,,,0.045,0.14,307000000,377000000,1.23,2015-12-31,25.13,1584000000,3400000000.0,1037000000,277000000,14000000,435000000,435000000,None,0,None,433000000,None,None,1196000000,None,None,263000000,None,None,None,0.157,,761000000,276000000,143000000,343000000,None,436000000,None,,,,,2.119,3.014,3.8,,,,,,,,0.107,,439000000,2025-10-30,quarterly,1.37,USD,pre-market,63000000,885000000,0.048,0.0856,0.078,36.57,667000000,1274000000,78000000,0,133.69,143.55,11.3821,4657000000,2005000000,823000000,2573000000,2652000000,1750000000,2849000000,2084000000,35.68,-399000000,153.83,99.6
2025-12-28,XYL,3.89,8894000000.0,35.68,None,1.174,46.02,,None,611000000,611000000,,,,,,,,,2000000,181600000,None,1812000000,1812000000,314000000,None,None,762000000,None,None,70000000,,1.56,0.0112,,,,0.045,0.14,307000000,377000000,1.23,2015-09-30,25.13,1584000000,3400000000.0,1037000000,277000000,14000000,434000000,434000000,None,0,None,477000000,None,None,1196000000,None,None,263000000,None,None,None,0.157,,761000000,276000000,167000000,353000000,None,450000000,None,,,,,2.119,3.014,3.8,,,,,,,,0.107,,418000000,2025-10-30,quarterly,1.37,USD,pre-market,63000000,796000000,0.048,0.0856,0.078,36.57,667000000,1275000000,79000000,0,133.69,143.55,11.3821,4645000000,2017000000,815000000,2602000000,2628000000,1787000000,2849000000,2043000000,35.68,-348000000,153.83,99.6
2025-12-28,XYL,3.89,8894000000.0,35.68,None,1.174,46.02,,None,600000000,600000000,,,,,,,,,2000000,182300000,None,1812000000,1812000000,315000000,None,None,772000000,None,None,70000000,,1.56,0.0112,,,,0.045,0.14,307000000,377000000,1.23,2015-06-30,25.13,1592000000,3400000000.0,1037000000,277000000,14000000,442000000,442000000,None,0,None,498000000,None,None,1196000000,None,None,263000000,None,None,None,0.157,,761000000,276000000,186000000,371000000,None,454000000,None,,,,,2.119,3.014,3.8,,,,,,,,0.107,,431000000,2025-10-30,quarterly,1.37,USD,pre-market,63000000,734000000,0.048,0.0856,0.078,36.57,667000000,1277000000,81000000,0,133.69,143.55,11.3821,4719000000,2056000000,837000000,2639000000,2663000000,1802000000,2849000000,2080000000,35.68,-273000000,153.83,99.6
2025-12-28,XYL,3.89,8894000000.0,35.68,None,1.174,46.02,,None,554000000,554000000,,,,,,,,,2000000,183100000,None,1812000000,1812000000,311000000,None,None,738000000,None,None,70000000,,1.56,0.0112,,,,0.045,0.14,307000000,377000000,1.23,2015-03-31,25.13,1582000000,3400000000.0,1037000000,277000000,14000000,446000000,446000000,None,0,None,502000000,None,None,1195000000,None,None,263000000,None,None,None,0.157,,761000000,276000000,179000000,365000000,None,451000000,None,,,,,2.119,3.014,3.8,,,,,,,,0.107,,434000000,2025-10-30,quarterly,1.37,USD,pre-market,63000000,686000000,0.048,0.0856,0.078,36.57,667000000,1277000000,81000000,0,133.69,143.55,11.3821,4620000000,1973000000,833000000,2631000000,2647000000,1798000000,2849000000,1989000000,35.68,-273000000,153.83,99.6
2025-12-28,XYL,3.89,8894000000.0,35.68,None,1.174,46.02,,None,663000000,663000000,,,,,,,,,2000000,183100000,None,1812000000,1812000000,338000000,None,5000000,771000000,None,None,70000000,,1.56,0.0112,,,,0.045,0.14,307000000,377000000,1.23,2014-12-31,25.13,1635000000,3400000000.0,1037000000,277000000,14000000,431000000,431000000,None,0,None,486000000,None,None,1199000000,None,None,263000000,None,None,None,0.157,,761000000,276000000,144000000,398000000,None,472000000,None,,,,,2.119,3.014,3.8,,,,,,,,0.107,,461000000,2025-10-30,quarterly,1.37,USD,pre-market,63000000,648000000,0.048,0.0856,0.078,36.57,667000000,1284000000,89000000,0,133.69,143.55,11.3821,4833000000,2064000000,903000000,2737000000,2769000000,1829000000,2849000000,2127000000,35.68,-220000000,153.83,99.6
2025-12-28,XYL,3.89,8894000000.0,35.68,None,1.174,46.02,,None,529000000,529000000,,,,,,,,,2000000,183400000,None,1812000000,1812000000,314000000,None,None,804000000,None,None,70000000,,1.56,0.0112,,,,0.045,0.14,307000000,377000000,1.23,2014-09-30,25.13,1667000000,3400000000.0,1037000000,277000000,14000000,448000000,448000000,None,0,None,516000000,None,None,1199000000,None,None,263000000,None,None,None,0.157,,761000000,276000000,176000000,421000000,None,389000000,None,,,,,2.119,3.014,3.8,,,,,,,,0.107,,454000000,2025-10-30,quarterly,1.37,USD,pre-market,63000000,575000000,0.048,0.0856,0.078,36.57,667000000,1240000000,41000000,0,133.69,143.55,11.3821,4814000000,2025000000,850000000,2621000000,2789000000,1771000000,2849000000,2193000000,35.68,-218000000,153.83,99.6
2025-12-28,XYL,3.89,8894000000.0,35.68,None,1.174,46.02,,None,450000000,450000000,,,,,,,,,2000000,184500000,None,1812000000,1812000000,328000000,None,None,830000000,None,None,70000000,,1.56,0.0112,,,,0.045,0.14,307000000,377000000,1.23,2014-06-30,25.13,1719000000,3400000000.0,1037000000,277000000,14000000,471000000,471000000,None,0,None,527000000,None,None,1199000000,None,None,263000000,None,None,None,0.157,,761000000,276000000,209000000,407000000,None,415000000,None,,,,,2.119,3.014,3.8,,,,,,,,0.107,,469000000,2025-10-30,quarterly,1.37,USD,pre-market,63000000,493000000,0.048,0.0856,0.078,36.57,667000000,1242000000,43000000,0,133.69,143.55,11.3821,4900000000,2016000000,846000000,2655000000,2884000000,1809000000,2849000000,2245000000,35.68,-187000000,153.83,99.6
2025-12-28,XYL,3.89,8894000000.0,35.68,None,1.174,46.02,,None,466000000,466000000,,,,,,,,,2000000,185800000,None,1812000000,1812000000,325000000,None,None,803000000,None,None,70000000,,1.56,0.0112,,,,0.045,0.14,307000000,377000000,1.23,2014-03-31,25.13,1719000000,3400000000.0,1037000000,277000000,14000000,480000000,480000000,None,0,None,516000000,None,None,1199000000,None,None,263000000,None,None,None,0.157,,761000000,276000000,206000000,418000000,None,404000000,None,,,,,2.119,3.014,3.8,,,,,,,,0.107,,476000000,2025-10-30,quarterly,1.37,USD,pre-market,63000000,430000000,0.048,0.0856,0.078,36.57,667000000,1243000000,44000000,0,133.69,143.55,11.3821,4887000000,1991000000,857000000,2658000000,2896000000,1801000000,2849000000,2229000000,35.68,-137000000,153.83,99.6
2025-12-28,XYL,3.89,8894000000.0,35.68,None,1.174,46.02,,None,533000000,533000000,,,,,,,,,2000000,185800000,None,1812000000,1812000000,332000000,None,None,817000000,None,None,70000000,,1.56,0.0112,,,,0.045,0.14,307000000,377000000,1.23,2013-12-31,25.13,1718000000,3400000000.0,1037000000,277000000,14000000,488000000,488000000,None,0,None,475000000,None,None,1199000000,None,None,263000000,None,None,None,0.157,,761000000,276000000,184000000,434000000,None,412000000,None,,,,,2.119,3.014,3.8,,,,,,,,0.107,,488000000,2025-10-30,quarterly,1.37,USD,pre-market,63000000,405000000,0.048,0.0856,0.078,36.57,667000000,1241000000,42000000,0,133.69,143.55,11.3821,4896000000,2009000000,853000000,2655000000,2887000000,1802000000,2849000000,2241000000,35.68,-86000000,153.83,99.6
2025-12-28,XYL,3.89,8894000000.0,35.68,None,1.174,46.02,,None,394000000,394000000,,,,,,,,,2000000,186000000,None,1812000000,1812000000,324000000,None,None,845000000,None,None,70000000,,1.56,0.0112,,,,0.045,0.14,307000000,377000000,1.23,2013-09-30,25.13,1704000000,3400000000.0,1037000000,277000000,14000000,497000000,497000000,None,0,None,496000000,None,None,1199000000,None,None,263000000,None,None,None,0.157,,761000000,276000000,164000000,428000000,None,452000000,None,,,,,2.119,3.014,3.8,,,,,,,,0.107,,478000000,2025-10-30,quarterly,1.37,USD,pre-market,63000000,359000000,0.048,0.0856,0.078,36.57,667000000,1202000000,3000000,0,133.69,143.55,11.3821,4784000000,1899000000,802000000,2626000000,2885000000,1824000000,2849000000,2158000000,35.68,-61000000,153.83,99.6
2025-12-28,XYL,3.89,8894000000.0,35.68,None,1.174,46.02,,None,360000000,360000000,,,,,,,,,2000000,186100000,None,1812000000,1812000000,311000000,None,None,792000000,None,None,70000000,,1.56,0.0112,,,,0.045,0.14,307000000,377000000,1.23,2013-06-30,25.13,1674000000,3400000000.0,1037000000,277000000,14000000,498000000,498000000,None,0,None,471000000,None,None,1199000000,None,None,263000000,None,None,None,0.157,,761000000,276000000,156000000,400000000,None,445000000,None,,,,,2.119,3.014,3.8,,,,,,,,0.107,,470000000,2025-10-30,quarterly,1.37,USD,pre-market,63000000,308000000,0.048,0.0856,0.078,36.57,667000000,1204000000,5000000,0,133.69,143.55,11.3821,4611000000,1779000000,736000000,2559000000,2832000000,1823000000,2849000000,2052000000,35.68,-31000000,153.83,99.6
2025-12-28,XYL,3.89,8894000000.0,35.68,None,1.174,46.02,,None,375000000,375000000,,,,,,,,,2000000,186400000,None,1812000000,1812000000,309000000,None,None,767000000,None,None,70000000,,1.56,0.0112,,,,0.045,0.14,307000000,377000000,1.23,2013-03-31,25.13,1669000000,3400000000.0,1037000000,277000000,14000000,504000000,504000000,None,0,None,461000000,None,None,1199000000,None,None,263000000,None,None,None,0.157,,761000000,276000000,154000000,372000000,None,450000000,None,,,,,2.119,3.014,3.8,,,,,,,,0.107,,474000000,2025-10-30,quarterly,1.37,USD,pre-market,63000000,283000000,0.048,0.0856,0.078,36.57,667000000,1205000000,6000000,0,133.69,143.55,11.3821,4589000000,1757000000,721000000,2549000000,2832000000,1828000000,2849000000,2040000000,35.68,-28000000,153.83,99.6
2025-12-28,XYL,3.89,8894000000.0,35.68,None,1.174,46.02,,None,504000000,504000000,,,,,,,,,2000000,186400000,None,1812000000,1812000000,332000000,None,None,776000000,None,None,70000000,,1.56,0.0112,,,,0.045,0.14,307000000,377000000,1.23,2012-12-31,25.13,1647000000,3400000000.0,1037000000,277000000,14000000,484000000,484000000,None,0,None,443000000,None,None,1199000000,None,None,263000000,None,None,None,0.157,,761000000,276000000,151000000,393000000,None,452000000,None,,,,,2.119,3.014,3.8,,,,,,,,0.107,,487000000,2025-10-30,quarterly,1.37,USD,pre-market,63000000,264000000,0.048,0.0856,0.078,36.57,667000000,1205000000,6000000,0,133.69,143.55,11.3821,4679000000,1874000000,781000000,2605000000,2805000000,1824000000,2849000000,2074000000,35.68,-13000000,153.83,99.6
2025-12-28,XYL,3.89,8894000000.0,35.68,None,1.174,46.02,,None,424000000,424000000,,,,,,,,,2000000,186300000,None,1812000000,1812000000,316000000,None,None,801000000,None,None,70000000,,1.56,0.0112,,,,0.045,0.14,307000000,377000000,1.23,2012-09-30,25.13,1621000000,3400000000.0,1037000000,277000000,14000000,485000000,485000000,None,0,None,467000000,None,None,1199000000,None,None,263000000,None,None,None,0.157,,761000000,276000000,142000000,384000000,None,388000000,None,,,,,2.119,3.014,3.8,,,,,,,,0.107,,464000000,2025-10-30,quarterly,1.37,USD,pre-market,63000000,206000000,0.048,0.0856,0.078,36.57,667000000,1212000000,13000000,0,133.69,143.55,11.3821,4596000000,1834000000,785000000,2542000000,2762000000,1757000000,2849000000,2054000000,35.68,-6000000,153.83,99.6
2025-12-28,XYL,3.89,8894000000.0,35.68,None,1.174,46.02,,None,358000000,358000000,,,,,,,,,2000000,186200000,None,1812000000,1812000000,327000000,None,None,770000000,None,None,70000000,,1.56,0.0112,,,,0.045,0.14,307000000,377000000,1.23,2012-06-30,25.13,1601000000,3400000000.0,1037000000,277000000,14000000,485000000,485000000,None,0,None,467000000,None,None,1199000000,None,None,263000000,None,None,None,0.157,,761000000,276000000,154000000,379000000,None,380000000,None,,,,,2.119,3.014,3.8,,,,,,,,0.107,,459000000,2025-10-30,quarterly,1.37,USD,pre-market,63000000,153000000,0.048,0.0856,0.078,36.57,667000000,1206000000,7000000,0,133.69,143.55,11.3821,4482000000,1749000000,779000000,2534000000,2733000000,1755000000,2849000000,1948000000,35.68,-3000000,153.83,99.6
2025-12-28,XYL,3.89,8894000000.0,35.68,None,1.174,46.02,,None,347000000,347000000,,,,,,,,,2000000,185900000,None,1812000000,1812000000,329000000,None,None,761000000,None,None,70000000,,1.56,0.0112,,,,0.045,0.14,307000000,377000000,1.23,2012-03-31,25.13,1631000000,3400000000.0,1037000000,277000000,14000000,502000000,502000000,None,0,None,465000000,None,None,1202000000,None,None,263000000,None,None,None,0.157,,761000000,276000000,162000000,392000000,None,388000000,None,,,,,2.119,3.014,3.8,,,,,,,,0.107,,468000000,2025-10-30,quarterly,1.37,USD,pre-market,63000000,84000000,0.048,0.0856,0.078,36.57,667000000,1206000000,4000000,0,133.69,143.55,11.3821,4513000000,1735000000,819000000,2564000000,2778000000,1745000000,2849000000,1949000000,35.68,-1000000,153.83,99.6
2025-12-28,XYL,3.89,8894000000.0,35.68,None,1.174,46.02,,None,318000000,318000000,,,,,,,,,2000000,185900000,None,1812000000,1812000000,322000000,None,None,756000000,None,None,70000000,,1.56,0.0112,,,,0.045,0.14,307000000,377000000,1.23,2011-12-31,25.13,1610000000,3400000000.0,1037000000,277000000,14000000,505000000,505000000,None,0,None,426000000,None,None,1201000000,None,None,263000000,None,None,None,0.157,,761000000,276000000,142000000,421000000,None,383000000,None,,,,,2.119,3.014,3.8,,,,,,,,0.107,,463000000,2025-10-30,quarterly,1.37,USD,pre-market,63000000,40000000,0.048,0.0856,0.078,36.57,667000000,1206000000,5000000,0,133.69,143.55,11.3821,4393000000,1642000000,817000000,2566000000,2751000000,1749000000,2849000000,1827000000,35.68,0,153.83,99.6
2025-12-28,XYL,3.89,8894000000.0,35.68,None,1.174,46.02,,None,184000000,184000000,,,,,,,,,1649000000,184600000,None,1812000000,1812000000,283000000,None,None,753000000,None,None,70000000,,1.56,0.0112,,,,0.045,0.14,307000000,377000000,1.23,2011-09-30,25.13,1633000000,3400000000.0,1037000000,277000000,14000000,519000000,519000000,None,0,None,437000000,None,None,1202000000,None,None,263000000,None,None,None,0.157,,761000000,276000000,106000000,334000000,None,252000000,None,,,,,2.119,3.014,3.8,,,,,,,,0.107,,442000000,2025-10-30,quarterly,1.37,USD,pre-market,63000000,0,0.048,0.0856,0.078,36.57,667000000,1207000000,5000000,0,133.69,143.55,11.3821,4151000000,1480000000,669000000,2200000000,2671000000,1531000000,2849000000,1951000000,35.68,0,153.83,99.6
2025-12-28,XYL,3.89,8894000000.0,35.68,None,1.174,46.02,,None,138000000,138000000,,,,,,,,,None,184600000,None,1812000000,1812000000,296000000,None,None,None,None,None,70000000,,1.56,0.0112,,,,0.045,0.14,307000000,377000000,1.23,2011-06-30,25.13,1492000000,3400000000.0,1037000000,277000000,14000000,1909000000,1909000000,None,0,None,436000000,None,None,None,None,None,263000000,None,None,None,0.157,,761000000,276000000,126000000,348000000,None,None,None,,,,,2.119,3.014,3.8,,,,,,,,0.107,,467000000,2025-10-30,quarterly,1.37,USD,pre-market,63000000,None,0.048,0.0856,0.078,36.57,667000000,None,None,None,133.69,143.55,11.3821,3949000000,None,702000000,1085000000,None,None,2849000000,2864000000,35.68,None,153.83,99.6
2025-12-28,XYL,3.89,8894000000.0,35.68,None,1.174,46.02,,None,154000000,154000000,,,,,,,,,2390000000,184600000,None,1812000000,1812000000,287000000,None,None,713000000,None,None,70000000,,1.56,0.0112,,,,0.045,0.14,307000000,377000000,1.23,2011-03-31,25.13,1472000000,3400000000.0,1037000000,277000000,14000000,419000000,419000000,None,0,None,417000000,None,None,None,None,None,263000000,None,None,None,0.157,,761000000,276000000,115000000,351000000,None,None,None,,,,,2.119,3.014,3.8,,,,,,,,0.107,,None,2025-10-30,quarterly,1.37,USD,pre-market,63000000,None,0.048,0.0856,0.078,36.57,667000000,None,None,None,133.69,143.55,11.3821,3849000000,1399000000,638000000,1018000000,2450000000,380000000,2849000000,2831000000,35.68,None,153.83,99.6
2025-12-28,XYL,3.89,8894000000.0,35.68,None,1.174,46.02,,None,131000000,131000000,,,,,,,,,2361000000,184600000,None,1812000000,1812000000,309000000,None,None,690000000,None,None,70000000,,1.56,0.0112,,,,0.045,0.14,307000000,377000000,1.23,2010-12-31,25.13,1437000000,3400000000.0,1037000000,277000000,14000000,416000000,416000000,None,0,None,389000000,None,None,None,None,None,263000000,None,None,None,0.157,,761000000,276000000,126000000,320000000,None,None,None,,,,,2.119,3.014,3.8,,,,,,,,0.107,,454000000,2025-10-30,quarterly,1.37,USD,pre-market,63000000,None,0.048,0.0856,0.078,36.57,667000000,4000000,5000000,None,133.69,143.55,11.3821,3735000000,1336000000,649000000,1016000000,2399000000,367000000,2849000000,2719000000,35.68,None,153.83,99.6
2025-12-28,XYL,3.89,8894000000.0,35.68,None,1.174,46.02,,None,None,None,,,,,,,,,None,184600000,None,1812000000,1812000000,None,None,None,None,None,None,70000000,,1.56,0.0112,,,,0.045,0.14,307000000,377000000,1.23,2010-09-30,25.13,None,3400000000.0,1037000000,277000000,14000000,None,None,None,0,None,None,None,None,None,None,None,263000000,None,None,None,0.157,,761000000,276000000,None,None,None,None,None,,,,,2.119,3.014,3.8,,,,,,,,0.107,,None,2025-10-30,quarterly,1.37,USD,pre-market,63000000,None,0.048,0.0856,0.078,36.57,667000000,None,None,None,133.69,143.55,11.3821,None,None,None,None,None,None,2849000000,None,35.68,None,153.83,99.6
2025-12-28,XYL,3.89,8894000000.0,35.68,None,1.174,46.02,,None,None,None,,,,,,,,,None,185000000,None,1812000000,1812000000,None,None,None,None,None,None,70000000,,1.56,0.0112,,,,0.045,0.14,307000000,377000000,1.23,2010-06-30,25.13,None,3400000000.0,1037000000,277000000,14000000,None,None,None,0,None,None,None,None,None,None,None,263000000,None,None,None,0.157,,761000000,276000000,None,None,None,None,None,,,,,2.119,3.014,3.8,,,,,,,,0.107,,None,2025-10-30,quarterly,1.37,USD,pre-market,63000000,None,0.048,0.0856,0.078,36.57,667000000,None,None,None,133.69,143.55,11.3821,None,None,None,None,None,None,2849000000,None,35.68,None,153.83,99.6
2025-12-28,XYL,3.89,8894000000.0,35.68,None,1.174,46.02,,None,None,None,,,,,,,,,None,184600000,None,1812000000,1812000000,None,None,None,None,None,None,70000000,,1.56,0.0112,,,,0.045,0.14,307000000,377000000,1.23,2010-03-31,25.13,None,3400000000.0,1037000000,277000000,14000000,None,None,None,0,None,None,None,None,None,None,None,263000000,None,None,None,0.157,,761000000,276000000,None,None,None,None,None,,,,,2.119,3.014,3.8,,,,,,,,0.107,,None,2025-10-30,quarterly,1.37,USD,pre-market,63000000,None,0.048,0.0856,0.078,36.57,667000000,None,None,None,133.69,143.55,11.3821,None,None,None,None,None,None,2849000000,None,35.68,None,153.83,99.6
2025-12-28,XYL,3.89,8894000000.0,35.68,None,1.174,46.02,,None,81000000,81000000,,,,,,,,,None,None,None,1812000000,1812000000,238000000,None,None,None,None,None,70000000,,1.56,0.0112,,,,0.045,0.14,307000000,377000000,1.23,2009-12-31,25.13,970000000,3400000000.0,1037000000,277000000,14000000,1061000000,1061000000,None,0,None,301000000,None,None,None,None,None,263000000,None,None,None,0.157,,761000000,276000000,107000000,308000000,None,None,None,,,,,2.119,3.014,3.8,,,,,,,,0.107,,334000000,2025-10-30,quarterly,1.37,USD,pre-market,63000000,None,0.048,0.0856,0.078,36.57,667000000,None,None,None,133.69,143.55,11.3821,2535000000,None,571000000,848000000,None,None,2849000000,1687000000,35.68,None,153.83,99.6
2025-12-28,XYL,3.89,8894000000.0,35.68,None,1.174,46.02,,109000000,1121000000,1121000000,,,,,,,,,3000000,243500000,None,1812000000,1812000000,1006000000,None,38000000,1668000000,None,None,70000000,,1.56,0.0112,,,,0.045,0.14,307000000,377000000,1.23,2024-12-31,25.13,7980000000,3400000000.0,1037000000,277000000,14000000,2379000000,2379000000,None,0,None,996000000,None,None,1978000000,None,None,263000000,None,None,None,0.157,,761000000,276000000,309000000,982000000,None,None,None,,,,,2.119,3.014,3.8,,,,,,,,0.107,,1558000000,2025-10-30,annual,1.37,USD,pre-market,63000000,3140000000,0.048,0.0856,0.078,36.57,667000000,2125000000,147000000,None,133.69,143.55,11.3821,16493000000,4094000000,2336000000,5615000000,12395000000,3275000000,2849000000,10642000000,35.68,None,153.83,99.6
2025-12-28,XYL,3.89,8894000000.0,35.68,None,1.174,46.02,,106000000,1019000000,1019000000,,,,,,,,,3000000,218180000,None,1812000000,1812000000,968000000,None,16000000,1617000000,None,None,70000000,,1.56,0.0112,,,,0.045,0.14,307000000,377000000,1.23,2023-12-31,25.13,7587000000,3400000000.0,1037000000,277000000,14000000,2529000000,2529000000,None,0,None,1018000000,None,None,2268000000,None,None,263000000,None,None,None,0.157,,761000000,276000000,230000000,945000000,None,None,None,,,,,2.119,3.014,3.8,,,,,,,,0.107,,1602000000,2025-10-30,annual,1.37,USD,pre-market,63000000,2601000000,0.048,0.0856,0.078,36.57,667000000,2390000000,122000000,None,133.69,143.55,11.3821,16112000000,3884000000,2205000000,5936000000,12228000000,3731000000,2849000000,10166000000,35.68,None,153.83,99.6
2025-12-28,XYL,3.89,8894000000.0,35.68,None,1.174,46.02,,69000000,944000000,944000000,,,,,,,,,2000000,180979000,None,1812000000,1812000000,723000000,None,None,1096000000,None,None,70000000,,1.56,0.0112,,,,0.045,0.14,307000000,377000000,1.23,2022-12-31,25.13,2719000000,3400000000.0,1037000000,277000000,14000000,930000000,930000000,None,0,None,799000000,None,None,1880000000,None,None,263000000,None,None,None,0.157,,761000000,276000000,173000000,612000000,None,757000000,None,,,,,2.119,3.014,3.8,,,,,,,,0.107,,630000000,2025-10-30,annual,1.37,USD,pre-market,63000000,2292000000,0.048,0.0856,0.078,36.57,667000000,1949000000,69000000,0,133.69,143.55,11.3821,7952000000,3012000000,1590000000,4449000000,4940000000,2859000000,2849000000,3494000000,35.68,-708000000,153.83,99.6
2025-12-28,XYL,3.89,8894000000.0,35.68,None,1.174,46.02,,69000000,1349000000,1349000000,,,,,,,,,2000000,181526000,None,1812000000,1812000000,639000000,None,None,953000000,None,None,70000000,,1.56,0.0112,,,,0.045,0.14,307000000,377000000,1.23,2021-12-31,25.13,2792000000,3400000000.0,1037000000,277000000,14000000,1016000000,1016000000,None,0,None,700000000,None,None,2440000000,None,None,263000000,None,None,None,0.157,,761000000,276000000,158000000,683000000,None,932000000,None,,,,,2.119,3.014,3.8,,,,,,,,0.107,,644000000,2025-10-30,annual,1.37,USD,pre-market,63000000,2154000000,0.048,0.0856,0.078,36.57,667000000,2509000000,69000000,0,133.69,143.55,11.3821,8276000000,3160000000,1391000000,5050000000,5116000000,3659000000,2849000000,3218000000,35.68,-656000000,153.83,99.6
2025-12-28,XYL,3.89,8894000000.0,35.68,None,1.174,46.02,,54000000,1875000000,1875000000,,,,,,,,,2000000,181099000,None,1812000000,1812000000,569000000,None,600000000,923000000,None,None,70000000,,1.56,0.0112,,,,0.045,0.14,307000000,377000000,1.23,2020-12-31,25.13,2854000000,3400000000.0,1037000000,277000000,14000000,1093000000,1093000000,None,0,None,558000000,None,None,2484000000,None,None,263000000,None,None,None,0.157,,761000000,276000000,167000000,670000000,None,1092000000,None,,,,,2.119,3.014,3.8,,,,,,,,0.107,,657000000,2025-10-30,annual,1.37,USD,pre-market,63000000,1930000000,0.048,0.0856,0.078,36.57,667000000,3147000000,663000000,0,133.69,143.55,11.3821,8750000000,3523000000,1956000000,5774000000,5227000000,3818000000,2849000000,2968000000,35.68,-588000000,153.83,99.6
2025-12-28,XYL,3.89,8894000000.0,35.68,None,1.174,46.02,,61000000,724000000,724000000,,,,,,,,,2000000,181196000,None,1812000000,1812000000,597000000,None,276000000,1036000000,None,None,70000000,,1.56,0.0112,,,,0.045,0.14,307000000,377000000,1.23,2019-12-31,25.13,2839000000,3400000000.0,1037000000,277000000,14000000,1174000000,1174000000,None,0,None,539000000,None,None,2040000000,None,None,263000000,None,None,None,0.157,,761000000,276000000,151000000,488000000,None,892000000,None,,,,,2.119,3.014,3.8,,,,,,,,0.107,,658000000,2025-10-30,annual,1.37,USD,pre-market,63000000,1866000000,0.048,0.0856,0.078,36.57,667000000,2377000000,337000000,0,133.69,143.55,11.3821,7710000000,2450000000,1501000000,4743000000,5260000000,3242000000,2849000000,2957000000,35.68,-527000000,153.83,99.6
2025-12-28,XYL,3.89,8894000000.0,35.68,None,1.174,46.02,,None,296000000,296000000,,,,,,,,,2000000,181100000,None,1812000000,1812000000,586000000,None,257000000,1031000000,None,None,70000000,,1.56,0.0112,,,,0.045,0.14,307000000,377000000,1.23,2018-12-31,25.13,2976000000,3400000000.0,1037000000,277000000,14000000,1232000000,1232000000,None,0,None,595000000,None,None,2051000000,None,None,263000000,None,None,None,0.157,,761000000,276000000,172000000,461000000,None,697000000,None,,,,,2.119,3.014,3.8,,,,,,,,0.107,,656000000,2025-10-30,annual,1.37,USD,pre-market,63000000,1639000000,0.048,0.0856,0.078,36.57,667000000,2308000000,257000000,None,133.69,143.55,11.3821,7222000000,2094000000,1389000000,4440000000,5128000000,3051000000,2849000000,2768000000,35.68,-487000000,153.83,99.6
2025-12-28,XYL,3.89,8894000000.0,35.68,None,1.174,46.02,,None,414000000,414000000,,,,,,,,,2000000,180900000,None,1812000000,1812000000,549000000,None,2200000000,956000000,None,None,70000000,,1.56,0.0112,,,,0.045,0.14,307000000,377000000,1.23,2017-12-31,25.13,2768000000,3400000000.0,1037000000,277000000,14000000,1168000000,1168000000,None,0,None,524000000,None,None,2200000000,None,None,263000000,None,None,None,0.157,,761000000,276000000,177000000,551000000,None,789000000,None,,,,,2.119,3.014,3.8,,,,,,,,0.107,,643000000,2025-10-30,annual,1.37,USD,pre-market,63000000,1227000000,0.048,0.0856,0.078,36.57,667000000,2200000000,2200000000,None,133.69,143.55,11.3821,6860000000,2071000000,1100000000,4341000000,4789000000,3241000000,2849000000,2503000000,35.68,-428000000,153.83,99.6
2025-12-28,XYL,3.89,8894000000.0,35.68,None,1.174,46.02,,None,308000000,308000000,,,,,,,,,2000000,180000000,None,1812000000,1812000000,457000000,None,260000000,843000000,None,None,70000000,,1.56,0.0112,,,,0.045,0.14,307000000,377000000,1.23,2016-12-31,25.13,2648000000,3400000000.0,1037000000,277000000,14000000,1187000000,1187000000,None,0,None,522000000,None,None,2108000000,None,None,263000000,None,None,None,0.157,,761000000,276000000,166000000,80000000,None,569000000,None,,,,,2.119,3.014,3.8,,,,,,,,0.107,,616000000,2025-10-30,annual,1.37,USD,pre-market,63000000,1033000000,0.048,0.0856,0.078,36.57,667000000,2478000000,370000000,None,133.69,143.55,11.3821,6476000000,1839000000,1348000000,4286000000,4637000000,2938000000,2849000000,2190000000,35.68,-403000000,153.83,99.6
2025-12-28,XYL,3.89,8894000000.0,35.68,None,1.174,46.02,,None,680000000,680000000,,,,,,,,,2000000,181700000,None,1812000000,1812000000,338000000,None,2000000,749000000,None,None,70000000,,1.56,0.0112,,,,0.045,0.14,307000000,377000000,1.23,2015-12-31,25.13,1584000000,3400000000.0,1037000000,277000000,14000000,435000000,435000000,None,0,None,433000000,None,None,1196000000,None,None,263000000,None,None,None,0.157,,761000000,276000000,143000000,343000000,None,436000000,None,,,,,2.119,3.014,3.8,,,,,,,,0.107,,439000000,2025-10-30,annual,1.37,USD,pre-market,63000000,885000000,0.048,0.0856,0.078,36.57,667000000,1274000000,78000000,0,133.69,143.55,11.3821,4657000000,2005000000,823000000,2573000000,2652000000,1750000000,2849000000,2084000000,35.68,-399000000,153.83,99.6
2025-12-28,XYL,3.89,8894000000.0,35.68,None,1.174,46.02,,None,663000000,663000000,,,,,,,,,2000000,184200000,None,1812000000,1812000000,338000000,None,5000000,771000000,None,None,70000000,,1.56,0.0112,,,,0.045,0.14,307000000,377000000,1.23,2014-12-31,25.13,1635000000,3400000000.0,1037000000,277000000,14000000,431000000,431000000,None,0,None,486000000,None,None,1199000000,None,None,263000000,None,None,None,0.157,,761000000,276000000,144000000,398000000,None,472000000,None,,,,,2.119,3.014,3.8,,,,,,,,0.107,,461000000,2025-10-30,annual,1.37,USD,pre-market,63000000,648000000,0.048,0.0856,0.078,36.57,667000000,1284000000,89000000,0,133.69,143.55,11.3821,4833000000,2064000000,903000000,2737000000,2769000000,1829000000,2849000000,2127000000,35.68,-220000000,153.83,99.6
2025-12-28,XYL,3.89,8894000000.0,35.68,None,1.174,46.02,,None,533000000,533000000,,,,,,,,,2000000,186000000,None,1812000000,1812000000,332000000,None,None,817000000,None,None,70000000,,1.56,0.0112,,,,0.045,0.14,307000000,377000000,1.23,2013-12-31,25.13,1718000000,3400000000.0,1037000000,277000000,14000000,488000000,488000000,None,0,None,475000000,None,None,1199000000,None,None,263000000,None,None,None,0.157,,761000000,276000000,184000000,434000000,None,412000000,None,,,,,2.119,3.014,3.8,,,,,,,,0.107,,488000000,2025-10-30,annual,1.37,USD,pre-market,63000000,405000000,0.048,0.0856,0.078,36.57,667000000,1241000000,42000000,0,133.69,143.55,11.3821,4896000000,2009000000,853000000,2655000000,2887000000,1802000000,2849000000,2241000000,35.68,-86000000,153.83,99.6
2025-12-28,XYL,3.89,8894000000.0,35.68,None,1.174,46.02,,None,504000000,504000000,,,,,,,,,2000000,186200000,None,1812000000,1812000000,332000000,None,None,776000000,None,None,70000000,,1.56,0.0112,,,,0.045,0.14,307000000,377000000,1.23,2012-12-31,25.13,1647000000,3400000000.0,1037000000,277000000,14000000,484000000,484000000,None,0,None,443000000,None,None,1199000000,None,None,263000000,None,None,None,0.157,,761000000,276000000,151000000,393000000,None,452000000,None,,,,,2.119,3.014,3.8,,,,,,,,0.107,,487000000,2025-10-30,annual,1.37,USD,pre-market,63000000,264000000,0.048,0.0856,0.078,36.57,667000000,1205000000,6000000,0,133.69,143.55,11.3821,4679000000,1874000000,781000000,2605000000,2805000000,1824000000,2849000000,2074000000,35.68,-13000000,153.83,99.6
2025-12-28,XYL,3.89,8894000000.0,35.68,None,1.174,46.02,,None,318000000,318000000,,,,,,,,,2000000,185300000,None,1812000000,1812000000,322000000,None,None,756000000,None,None,70000000,,1.56,0.0112,,,,0.045,0.14,307000000,377000000,1.23,2011-12-31,25.13,1610000000,3400000000.0,1037000000,277000000,14000000,505000000,505000000,None,0,None,426000000,None,None,1201000000,None,None,263000000,None,None,None,0.157,,761000000,276000000,142000000,421000000,None,383000000,None,,,,,2.119,3.014,3.8,,,,,,,,0.107,,463000000,2025-10-30,annual,1.37,USD,pre-market,63000000,40000000,0.048,0.0856,0.078,36.57,667000000,1206000000,5000000,0,133.69,143.55,11.3821,4393000000,1642000000,817000000,2566000000,2751000000,1749000000,2849000000,1827000000,35.68,0,153.83,99.6
2025-12-28,XYL,3.89,8894000000.0,35.68,None,1.174,46.02,,None,131000000,131000000,,,,,,,,,2361000000,184600000,None,1812000000,1812000000,297000000,None,None,690000000,None,None,70000000,,1.56,0.0112,,,,0.045,0.14,307000000,377000000,1.23,2010-12-31,25.13,1437000000,3400000000.0,1037000000,277000000,14000000,416000000,416000000,None,0,None,389000000,None,None,None,None,None,263000000,None,None,None,0.157,,761000000,276000000,126000000,331000000,None,None,None,,,,,2.119,3.014,3.8,,,,,,,,0.107,,454000000,2025-10-30,annual,1.37,USD,pre-market,63000000,None,0.048,0.0856,0.078,36.57,667000000,4000000,None,None,133.69,143.55,11.3821,3735000000,1336000000,649000000,1016000000,2399000000,367000000,2849000000,2719000000,35.68,None,153.83,99.6
2025-12-28,XYL,3.89,8894000000.0,35.68,None,1.174,46.02,,None,81000000,81000000,,,,,,,,,1272000000,184600000,None,1812000000,1812000000,238000000,None,None,599000000,None,None,70000000,,1.56,0.0112,,,,0.045,0.14,307000000,377000000,1.23,2009-12-31,25.13,970000000,3400000000.0,1037000000,277000000,14000000,91000000,91000000,None,0,None,301000000,None,None,None,None,None,263000000,None,None,None,0.157,,761000000,276000000,107000000,308000000,None,None,None,,,,,2.119,3.014,3.8,,,,,,,,0.107,,334000000,2025-10-30,annual,1.37,USD,pre-market,63000000,None,0.048,0.0856,0.078,36.57,667000000,None,None,None,133.69,143.55,11.3821,2535000000,1088000000,571000000,848000000,1447000000,277000000,2849000000,1687000000,35.68,None,153.83,99.6
2025-12-28,XYL,3.89,8894000000.0,35.68,None,1.174,46.02,,None,None,None,,,,,,,,,None,185000000,None,1812000000,1812000000,None,None,None,None,None,None,70000000,,1.56,0.0112,,,,0.045,0.14,307000000,377000000,1.23,2008-12-31,25.13,None,3400000000.0,1037000000,277000000,14000000,None,None,None,0,None,None,None,None,None,None,None,263000000,None,None,None,0.157,,761000000,276000000,None,None,None,None,None,,,,,2.119,3.014,3.8,,,,,,,,0.107,,None,2025-10-30,annual,1.37,USD,pre-market,63000000,None,0.048,0.0856,0.078,36.57,667000000,None,None,None,133.69,143.55,11.3821,None,None,None,None,None,None,2849000000,None,35.68,None,153.83,99.6
2025-12-28,XYL,3.89,8894000000.0,35.68,None,1.174,46.02,79000000,None,None,None,-138000000,-189000000,None,None,-3000000,None,None,None,None,185000000,None,1812000000,1812000000,None,None,None,None,None,None,70000000,142000000,1.56,0.0112,97000000,97000000,None,0.045,0.14,307000000,377000000,1.23,2025-09-30,25.13,None,3400000000.0,1037000000,277000000,14000000,None,None,None,0,None,None,None,None,None,None,None,222000000,None,None,None,0.157,360000000,761000000,276000000,None,None,None,None,None,None,None,None,None,2.119,3.014,3.8,None,None,None,None,None,-1000000,None,0.107,None,None,2025-10-30,quarterly,1.37,USD,pre-market,63000000,None,0.048,0.0856,0.078,36.57,667000000,None,None,None,133.69,143.55,11.3821,None,None,None,None,None,None,2849000000,None,35.68,None,153.83,99.6
2025-12-28,XYL,3.89,8894000000.0,35.68,None,1.174,46.02,98000000,None,None,None,-128000000,-125000000,None,None,-18000000,None,None,None,None,185000000,None,1812000000,1812000000,None,None,None,None,None,None,70000000,145000000,1.56,0.0112,98000000,98000000,None,0.045,0.14,307000000,377000000,1.23,2025-06-30,25.13,None,3400000000.0,1037000000,277000000,14000000,None,None,None,0,None,None,None,None,None,None,None,226000000,None,None,None,0.157,305000000,761000000,276000000,None,None,None,None,None,None,None,None,None,2.119,3.014,3.8,None,None,None,None,None,13000000,None,0.107,None,None,2025-10-30,quarterly,1.37,USD,pre-market,63000000,None,0.048,0.0856,0.078,36.57,667000000,None,None,None,133.69,143.55,11.3821,None,None,None,None,None,None,2849000000,None,35.68,None,153.83,99.6
2025-12-28,XYL,3.89,8894000000.0,35.68,None,1.174,46.02,71000000,None,None,None,-116000000,-15000000,None,None,-9000000,None,None,None,None,185000000,None,1812000000,1812000000,None,None,None,None,None,None,70000000,145000000,1.56,0.0112,98000000,98000000,None,0.045,0.14,307000000,377000000,1.23,2025-03-31,25.13,None,3400000000.0,1037000000,277000000,14000000,None,None,None,0,None,None,None,None,None,None,None,169000000,None,None,None,0.157,33000000,761000000,276000000,None,None,None,None,None,None,None,None,None,2.119,3.014,3.8,None,None,None,None,None,-13000000,None,0.107,None,None,2025-10-30,quarterly,1.37,USD,pre-market,63000000,None,0.048,0.0856,0.078,36.57,667000000,None,None,None,133.69,143.55,11.3821,None,None,None,None,None,None,2849000000,None,35.68,None,153.83,99.6
2025-12-28,XYL,3.89,8894000000.0,35.68,None,1.174,46.02,100000000,None,None,None,-95000000,-289000000,None,None,47000000,None,None,None,None,185000000,None,1812000000,1812000000,None,None,None,None,None,None,70000000,142000000,1.56,0.0112,87000000,87000000,None,0.045,0.14,307000000,377000000,1.23,2024-12-31,25.13,None,3400000000.0,1037000000,277000000,14000000,None,None,None,0,None,None,None,None,None,None,None,326000000,None,None,None,0.157,575000000,761000000,276000000,None,None,None,None,None,None,None,None,None,2.119,3.014,3.8,None,None,None,None,None,-1000000,None,0.107,None,None,2025-10-30,quarterly,1.37,USD,pre-market,63000000,None,0.048,0.0856,0.078,36.57,667000000,None,None,None,133.69,143.55,11.3821,None,None,None,None,None,None,2849000000,None,35.68,None,153.83,99.6
2025-12-28,XYL,3.89,8894000000.0,35.68,None,1.174,46.02,74000000,None,None,None,-101000000,-65000000,None,None,-13000000,None,None,None,None,185000000,None,1812000000,1812000000,None,None,None,None,None,None,70000000,141000000,1.56,0.0112,88000000,88000000,None,0.045,0.14,307000000,377000000,1.23,2024-09-30,25.13,None,3400000000.0,1037000000,277000000,14000000,None,None,None,0,None,None,None,None,None,None,None,217000000,None,None,None,0.157,311000000,761000000,276000000,None,None,None,None,None,None,None,None,None,2.119,3.014,3.8,None,None,None,None,None,-1000000,None,0.107,None,None,2025-10-30,quarterly,1.37,USD,pre-market,63000000,None,0.048,0.0856,0.078,36.57,667000000,None,None,None,133.69,143.55,11.3821,None,None,None,None,None,None,2849000000,None,35.68,None,153.83,99.6
2025-12-28,XYL,3.89,8894000000.0,35.68,None,1.174,46.02,73000000,None,None,None,-337000000,-77000000,None,None,-23000000,None,None,None,None,185000000,None,1812000000,1812000000,None,None,None,None,None,None,70000000,145000000,1.56,0.0112,87000000,87000000,None,0.045,0.14,307000000,377000000,1.23,2024-06-30,25.13,None,3400000000.0,1037000000,277000000,14000000,None,None,None,0,None,None,None,None,None,None,None,194000000,None,None,None,0.157,288000000,761000000,276000000,None,None,None,None,None,None,None,None,None,2.119,3.014,3.8,None,None,None,None,None,-3000000,None,0.107,None,None,2025-10-30,quarterly,1.37,USD,pre-market,63000000,None,0.048,0.0856,0.078,36.57,667000000,None,None,None,133.69,143.55,11.3821,None,None,None,None,None,None,2849000000,None,35.68,None,153.83,99.6
2025-12-28,XYL,3.89,8894000000.0,35.68,None,1.174,46.02,74000000,None,None,None,-82000000,-51000000,None,None,-52000000,None,None,None,None,185000000,None,1812000000,1812000000,None,None,None,None,None,None,70000000,134000000,1.56,0.0112,88000000,88000000,None,0.045,0.14,307000000,377000000,1.23,2024-03-31,25.13,None,3400000000.0,1037000000,277000000,14000000,None,None,None,0,None,None,None,None,None,None,None,153000000,None,None,None,0.157,89000000,761000000,276000000,None,None,None,None,None,None,None,None,None,2.119,3.014,3.8,None,None,None,None,None,-15000000,None,0.107,None,None,2025-10-30,quarterly,1.37,USD,pre-market,63000000,None,0.048,0.0856,0.078,36.57,667000000,None,None,None,133.69,143.55,11.3821,None,None,None,None,None,None,2849000000,None,35.68,None,153.83,99.6
2025-12-28,XYL,3.89,8894000000.0,35.68,None,1.174,46.02,94000000,None,None,None,-86000000,-89000000,None,None,82000000,None,None,None,None,185000000,None,1812000000,1812000000,None,None,None,None,None,None,70000000,137000000,1.56,0.0112,80000000,80000000,None,0.045,0.14,307000000,377000000,1.23,2023-12-31,25.13,None,3400000000.0,1037000000,277000000,14000000,None,None,None,0,None,None,None,None,None,None,None,266000000,None,None,None,0.157,455000000,761000000,276000000,None,None,None,None,None,None,None,None,None,2.119,3.014,3.8,None,None,None,None,None,-15000000,None,0.107,None,None,2025-10-30,quarterly,1.37,USD,pre-market,63000000,None,0.048,0.0856,0.078,36.57,667000000,None,None,None,133.69,143.55,11.3821,None,None,None,None,None,None,2849000000,None,35.68,None,153.83,99.6
2025-12-28,XYL,3.89,8894000000.0,35.68,None,1.174,46.02,74000000,None,None,None,-306000000,-539000000,None,None,16000000,None,None,None,None,185000000,None,1812000000,1812000000,None,None,None,None,None,None,70000000,147000000,1.56,0.0112,80000000,80000000,None,0.045,0.14,307000000,377000000,1.23,2023-09-30,25.13,None,3400000000.0,1037000000,277000000,14000000,None,None,None,0,None,None,None,None,None,None,None,152000000,None,None,None,0.157,373000000,761000000,276000000,None,None,None,None,None,None,None,None,None,2.119,3.014,3.8,None,None,None,None,None,-1000000,None,0.107,None,None,2025-10-30,quarterly,1.37,USD,pre-market,63000000,None,0.048,0.0856,0.078,36.57,667000000,None,None,None,133.69,143.55,11.3821,None,None,None,None,None,None,2849000000,None,35.68,None,153.83,99.6
2025-12-28,XYL,3.89,8894000000.0,35.68,None,1.174,46.02,54000000,None,None,None,298000000,-489000000,-126000000,None,-2000000,None,None,-94000000,None,185000000,None,1812000000,1812000000,None,None,None,None,None,None,70000000,92000000,1.56,0.0112,79000000,79000000,None,0.045,0.14,307000000,377000000,1.23,2023-06-30,25.13,None,3400000000.0,1037000000,277000000,14000000,None,None,None,0,None,None,None,None,None,None,None,92000000,None,None,None,0.157,28000000,761000000,276000000,None,None,None,None,None,None,None,None,None,2.119,3.014,3.8,None,None,None,None,None,-1000000,None,0.107,None,None,2025-10-30,quarterly,1.37,USD,pre-market,63000000,None,0.048,0.0856,0.078,36.57,667000000,None,None,None,133.69,143.55,11.3821,None,None,None,None,None,None,2849000000,None,35.68,None,153.83,99.6
2025-12-28,XYL,3.89,8894000000.0,35.68,None,1.174,46.02,49000000,None,None,None,-63000000,-37000000,-119000000,None,-55000000,None,None,-28000000,None,185000000,None,1812000000,1812000000,None,None,None,None,None,None,70000000,60000000,1.56,0.0112,60000000,60000000,None,0.045,0.14,307000000,377000000,1.23,2023-03-31,25.13,None,3400000000.0,1037000000,277000000,14000000,None,None,None,0,None,None,None,None,None,None,None,99000000,None,None,None,0.157,-19000000,761000000,276000000,None,None,None,None,None,None,None,None,None,2.119,3.014,3.8,None,None,None,None,None,-8000000,None,0.107,None,None,2025-10-30,quarterly,1.37,USD,pre-market,63000000,None,0.048,0.0856,0.078,36.57,667000000,None,None,None,133.69,143.55,11.3821,None,None,None,None,None,None,2849000000,None,35.68,None,153.83,99.6
2025-12-28,XYL,3.89,8894000000.0,35.68,None,1.174,46.02,60000000,None,None,None,-580000000,-191000000,-286000000,None,67000000,None,None,-47000000,None,185000000,None,1812000000,1812000000,None,None,None,None,None,None,70000000,60000000,1.56,0.0112,54000000,54000000,None,0.045,0.14,307000000,377000000,1.23,2022-12-31,25.13,None,3400000000.0,1037000000,277000000,14000000,None,None,None,0,None,None,None,None,None,None,None,149000000,None,None,None,0.157,362000000,761000000,276000000,None,None,None,None,None,None,None,None,None,2.119,3.014,3.8,None,None,None,None,None,52000000,None,0.107,None,None,2025-10-30,quarterly,1.37,USD,pre-market,63000000,None,0.048,0.0856,0.078,36.57,667000000,None,None,None,133.69,143.55,11.3821,None,None,None,None,None,None,2849000000,None,35.68,None,153.83,99.6
2025-12-28,XYL,3.89,8894000000.0,35.68,None,1.174,46.02,53000000,None,None,None,-52000000,-39000000,111000000,None,-25000000,None,None,-26000000,None,185000000,None,1812000000,1812000000,None,None,None,None,None,None,70000000,58000000,1.56,0.0112,53000000,53000000,None,0.045,0.14,307000000,377000000,1.23,2022-09-30,25.13,None,3400000000.0,1037000000,277000000,14000000,None,None,None,0,None,None,None,None,None,None,None,12000000,None,None,None,0.157,202000000,761000000,276000000,None,None,None,None,None,None,None,None,None,2.119,3.014,3.8,None,None,None,None,None,-46000000,None,0.107,None,None,2025-10-30,quarterly,1.37,USD,pre-market,63000000,None,0.048,0.0856,0.078,36.57,667000000,None,None,None,133.69,143.55,11.3821,None,None,None,None,None,None,2849000000,None,35.68,None,153.83,99.6
2025-12-28,XYL,3.89,8894000000.0,35.68,None,1.174,46.02,46000000,None,None,None,-52000000,-41000000,20000000,None,-83000000,None,None,-55000000,None,185000000,None,1812000000,1812000000,None,None,None,None,None,None,70000000,60000000,1.56,0.0112,55000000,55000000,None,0.045,0.14,307000000,377000000,1.23,2022-06-30,25.13,None,3400000000.0,1037000000,277000000,14000000,None,None,None,0,None,None,None,None,None,None,None,112000000,None,None,None,0.157,113000000,761000000,276000000,None,None,None,None,None,None,None,None,None,2.119,3.014,3.8,None,None,None,None,None,-1000000,None,0.107,None,None,2025-10-30,quarterly,1.37,USD,pre-market,63000000,None,0.048,0.0856,0.078,36.57,667000000,None,None,None,133.69,143.55,11.3821,None,None,None,None,None,None,2849000000,None,35.68,None,153.83,99.6
2025-12-28,XYL,3.89,8894000000.0,35.68,None,1.174,46.02,49000000,None,None,None,-106000000,-43000000,-230000000,None,-106000000,None,None,-64000000,None,185000000,None,1812000000,1812000000,None,None,None,None,None,None,70000000,58000000,1.56,0.0112,55000000,55000000,None,0.045,0.14,307000000,377000000,1.23,2022-03-31,25.13,None,3400000000.0,1037000000,277000000,14000000,None,None,None,0,None,None,None,None,None,None,None,82000000,None,None,None,0.157,-81000000,761000000,276000000,None,None,None,None,None,None,None,None,None,2.119,3.014,3.8,None,None,None,None,None,-51000000,None,0.107,None,None,2025-10-30,quarterly,1.37,USD,pre-market,63000000,None,0.048,0.0856,0.078,36.57,667000000,None,None,None,133.69,143.55,11.3821,None,None,None,None,None,None,2849000000,None,35.68,None,153.83,99.6
2025-12-28,XYL,3.89,8894000000.0,35.68,None,1.174,46.02,81000000,None,None,None,-49000000,-70000000,94000000,-7000000,-32000000,None,None,8000000,None,185000000,None,1812000000,1812000000,None,None,None,None,None,None,70000000,59000000,1.56,0.0112,51000000,51000000,None,0.045,0.14,307000000,377000000,1.23,2021-12-31,25.13,None,3400000000.0,1037000000,277000000,14000000,None,None,None,0,None,None,None,None,None,None,None,113000000,None,None,None,0.157,220000000,761000000,276000000,None,None,None,None,None,None,None,None,None,2.119,3.014,3.8,None,None,None,None,None,-49000000,None,0.107,None,None,2025-10-30,quarterly,1.37,USD,pre-market,63000000,None,0.048,0.0856,0.078,36.57,667000000,None,None,None,133.69,143.55,11.3821,None,None,None,None,None,None,2849000000,None,35.68,None,153.83,99.6
2025-12-28,XYL,3.89,8894000000.0,35.68,None,1.174,46.02,47000000,None,None,None,-644000000,-44000000,-585000000,-9000000,-46000000,None,None,-12000000,None,185000000,None,1812000000,1812000000,None,None,None,None,None,None,70000000,62000000,1.56,0.0112,50000000,50000000,None,0.045,0.14,307000000,377000000,1.23,2021-09-30,25.13,None,3400000000.0,1037000000,277000000,14000000,None,None,None,0,None,None,None,None,None,None,None,114000000,None,None,None,0.157,112000000,761000000,276000000,None,None,None,None,None,None,None,None,None,2.119,3.014,3.8,None,None,None,None,None,-68000,None,0.107,None,None,2025-10-30,quarterly,1.37,USD,pre-market,63000000,None,0.048,0.0856,0.078,36.57,667000000,None,None,None,133.69,143.55,11.3821,None,None,None,None,None,None,2849000000,None,35.68,None,153.83,99.6
2025-12-28,XYL,3.89,8894000000.0,35.68,None,1.174,46.02,41000000,None,None,None,-47000000,-38000000,152000000,5000000,-43000000,None,None,-24000000,None,185000000,None,1812000000,1812000000,None,None,None,None,None,None,70000000,62000000,1.56,0.0112,51000000,51000000,None,0.045,0.14,307000000,377000000,1.23,2021-06-30,25.13,None,3400000000.0,1037000000,277000000,14000000,None,None,None,0,None,None,None,None,None,None,None,113000000,None,None,None,0.157,232000000,761000000,276000000,None,None,None,None,None,None,None,None,None,2.119,3.014,3.8,None,None,None,None,None,-1000000,None,0.107,None,None,2025-10-30,quarterly,1.37,USD,pre-market,63000000,None,0.048,0.0856,0.078,36.57,667000000,None,None,None,133.69,143.55,11.3821,None,None,None,None,None,None,2849000000,None,35.68,None,153.83,99.6
2025-12-28,XYL,3.89,8894000000.0,35.68,None,1.174,46.02,39000000,None,None,None,-115000000,-31000000,-187000000,-15000000,-46000000,None,None,-42000000,None,185000000,None,1812000000,1812000000,None,None,None,None,None,None,70000000,62000000,1.56,0.0112,51000000,51000000,None,0.045,0.14,307000000,377000000,1.23,2021-03-31,25.13,None,3400000000.0,1037000000,277000000,14000000,None,None,None,0,None,None,None,None,None,None,None,87000000,None,None,None,0.157,-26000000,761000000,276000000,None,None,None,None,None,None,None,None,None,2.119,3.014,3.8,None,None,None,None,None,-67000000,None,0.107,None,None,2025-10-30,quarterly,1.37,USD,pre-market,63000000,None,0.048,0.0856,0.078,36.57,667000000,None,None,None,133.69,143.55,11.3821,None,None,None,None,None,None,2849000000,None,35.68,None,153.83,99.6
2025-12-28,XYL,3.89,8894000000.0,35.68,None,1.174,46.02,47000000,None,None,None,-77000000,157000000,473000000,35000000,43000000,None,None,66000000,None,185000000,None,1812000000,1812000000,None,None,None,None,None,None,70000000,62000000,1.56,0.0112,46000000,46000000,None,0.045,0.14,307000000,377000000,1.23,2020-12-31,25.13,None,3400000000.0,1037000000,277000000,14000000,None,None,None,0,None,None,None,None,None,None,None,148000000,None,None,None,0.157,370000000,761000000,276000000,None,None,None,None,None,None,None,None,None,2.119,3.014,3.8,None,None,None,None,None,10000000,None,0.107,None,None,2025-10-30,quarterly,1.37,USD,pre-market,63000000,None,0.048,0.0856,0.078,36.57,667000000,None,None,None,133.69,143.55,11.3821,None,None,None,None,None,None,2849000000,None,35.68,None,153.83,99.6
2025-12-28,XYL,3.89,8894000000.0,35.68,None,1.174,46.02,41000000,None,None,None,-224000000,-238000000,-175000000,None,15000000,None,None,-5000000,None,185000000,None,1812000000,1812000000,None,None,None,None,None,None,70000000,63000000,1.56,0.0112,47000000,47000000,None,0.045,0.14,307000000,377000000,1.23,2020-09-30,25.13,None,3400000000.0,1037000000,277000000,14000000,None,None,None,0,None,None,None,None,None,None,None,37000000,None,None,None,0.157,275000000,761000000,276000000,None,None,None,None,None,None,None,None,None,2.119,3.014,3.8,None,None,None,None,None,-1000000,None,0.107,None,None,2025-10-30,quarterly,1.37,USD,pre-market,63000000,None,0.048,0.0856,0.078,36.57,667000000,None,None,None,133.69,143.55,11.3821,None,None,None,None,None,None,2849000000,None,35.68,None,153.83,99.6
2025-12-28,XYL,3.89,8894000000.0,35.68,None,1.174,46.02,44000000,None,None,None,687000000,-40000000,838000000,10000000,-9000000,None,None,25000000,None,185000000,None,1812000000,1812000000,None,None,None,None,None,None,70000000,62000000,1.56,0.0112,47000000,47000000,None,0.045,0.14,307000000,377000000,1.23,2020-06-30,25.13,None,3400000000.0,1037000000,277000000,14000000,None,None,None,0,None,None,None,None,None,None,None,31000000,None,None,None,0.157,181000000,761000000,276000000,None,None,None,None,None,None,None,None,None,2.119,3.014,3.8,None,None,None,None,None,-55000000,None,0.107,None,None,2025-10-30,quarterly,1.37,USD,pre-market,63000000,None,0.048,0.0856,0.078,36.57,667000000,None,None,None,133.69,143.55,11.3821,None,None,None,None,None,None,2849000000,None,35.68,None,153.83,99.6
2025-12-28,XYL,3.89,8894000000.0,35.68,None,1.174,46.02,51000000,None,None,None,87000000,-48000000,15000000,-22000000,-54000000,None,None,23000000,None,185000000,None,1812000000,1812000000,None,None,None,None,None,None,70000000,64000000,1.56,0.0112,48000000,48000000,None,0.045,0.14,307000000,377000000,1.23,2020-03-31,25.13,None,3400000000.0,1037000000,277000000,14000000,None,None,None,0,None,None,None,None,None,None,None,38000000,None,None,None,0.157,-2000000,761000000,276000000,None,None,None,None,None,None,None,None,None,2.119,3.014,3.8,None,None,None,None,None,-60000000,None,0.107,None,None,2025-10-30,quarterly,1.37,USD,pre-market,63000000,None,0.048,0.0856,0.078,36.57,667000000,None,None,None,133.69,143.55,11.3821,None,None,None,None,None,None,2849000000,None,35.68,None,153.83,99.6
2025-12-28,XYL,3.89,8894000000.0,35.68,None,1.174,46.02,51000000,None,None,None,-78000000,-46000000,271000000,7000000,49000000,None,None,50000000,None,185000000,None,1812000000,1812000000,None,None,None,None,None,None,70000000,65000000,1.56,0.0112,43000000,43000000,None,0.045,0.14,307000000,377000000,1.23,2019-12-31,25.13,None,3400000000.0,1037000000,277000000,14000000,None,None,None,0,None,None,None,None,None,None,None,118000000,None,None,None,0.157,388000000,761000000,276000000,None,None,None,None,None,None,None,None,None,2.119,3.014,3.8,None,None,None,None,None,-1000000,None,0.107,None,None,2025-10-30,quarterly,1.37,USD,pre-market,63000000,None,0.048,0.0856,0.078,36.57,667000000,None,None,None,133.69,143.55,11.3821,None,None,None,None,None,None,2849000000,None,35.68,None,153.83,99.6
2025-12-28,XYL,3.89,8894000000.0,35.68,None,1.174,46.02,46000000,None,None,None,-124000000,-39000000,70000000,-12000000,8000000,None,None,-5000000,None,185000000,None,1812000000,1812000000,None,None,None,None,None,None,70000000,65000000,1.56,0.0112,44000000,44000000,None,0.045,0.14,307000000,377000000,1.23,2019-09-30,25.13,None,3400000000.0,1037000000,277000000,14000000,None,None,None,0,None,None,None,None,None,None,None,65000000,None,None,None,0.157,245000000,761000000,276000000,None,None,None,None,None,None,None,None,None,2.119,3.014,3.8,None,None,None,None,None,2000000,None,0.107,None,None,2025-10-30,quarterly,1.37,USD,pre-market,63000000,None,0.048,0.0856,0.078,36.57,667000000,None,None,None,133.69,143.55,11.3821,None,None,None,None,None,None,2849000000,None,35.68,None,153.83,99.6
2025-12-28,XYL,3.89,8894000000.0,35.68,None,1.174,46.02,60000000,None,None,None,54000000,-69000000,108000000,None,15000000,None,None,-75000000,None,185000000,None,1812000000,1812000000,None,None,None,None,None,None,70000000,63000000,1.56,0.0112,43000000,43000000,None,0.045,0.14,307000000,377000000,1.23,2019-06-30,25.13,None,3400000000.0,1037000000,277000000,14000000,None,None,None,0,None,None,None,None,None,None,None,139000000,None,None,None,0.157,123000000,761000000,276000000,None,None,None,None,None,None,None,None,None,2.119,3.014,3.8,None,None,None,None,None,4000000,None,0.107,None,None,2025-10-30,quarterly,1.37,USD,pre-market,63000000,None,0.048,0.0856,0.078,36.57,667000000,None,None,None,133.69,143.55,11.3821,None,None,None,None,None,None,2849000000,None,35.68,None,153.83,99.6
2025-12-28,XYL,3.89,8894000000.0,35.68,None,1.174,46.02,69000000,None,None,None,-29000000,-77000000,-21000000,2000000,-25000000,None,None,7000000,None,185000000,None,1812000000,1812000000,None,None,None,None,None,None,70000000,64000000,1.56,0.0112,44000000,44000000,None,0.045,0.14,307000000,377000000,1.23,2019-03-31,25.13,None,3400000000.0,1037000000,277000000,14000000,None,None,None,0,None,None,None,None,None,None,None,79000000,None,None,None,0.157,83000000,761000000,276000000,None,None,None,None,None,None,None,None,None,2.119,3.014,3.8,None,None,None,None,None,-39000000,None,0.107,None,None,2025-10-30,quarterly,1.37,USD,pre-market,63000000,None,0.048,0.0856,0.078,36.57,667000000,None,None,None,133.69,143.55,11.3821,None,None,None,None,None,None,2849000000,None,35.68,None,153.83,99.6
2025-12-28,XYL,3.89,8894000000.0,35.68,None,1.174,46.02,66000000,None,None,None,-235000000,-64000000,-108000000,-7000000,18000000,None,None,-27000000,None,185000000,None,1812000000,1812000000,None,None,None,None,None,None,70000000,66000000,1.56,0.0112,38000000,38000000,None,0.045,0.14,307000000,377000000,1.23,2018-12-31,25.13,None,3400000000.0,1037000000,277000000,14000000,None,None,None,0,None,None,None,None,None,None,None,225000000,None,None,None,0.157,198000000,761000000,276000000,None,None,None,None,None,None,None,None,None,2.119,3.014,3.8,None,None,None,None,None,-1000000,None,0.107,None,None,2025-10-30,quarterly,1.37,USD,pre-market,63000000,None,0.048,0.0856,0.078,36.57,667000000,None,None,None,133.69,143.55,11.3821,None,None,None,None,None,None,2849000000,None,35.68,None,153.83,99.6
2025-12-28,XYL,3.89,8894000000.0,35.68,None,1.174,46.02,60000000,None,None,None,-57000000,-42000000,83000000,-5000000,-28000000,None,None,-8000000,None,185000000,None,1812000000,1812000000,None,None,None,None,None,None,70000000,63000000,1.56,0.0112,38000000,38000000,None,0.045,0.14,307000000,377000000,1.23,2018-09-30,25.13,None,3400000000.0,1037000000,277000000,14000000,None,None,None,0,None,None,None,None,None,None,None,130000000,None,None,None,0.157,187000000,761000000,276000000,None,None,None,None,None,None,None,None,None,2.119,3.014,3.8,None,None,None,None,None,3000000,None,0.107,None,None,2025-10-30,quarterly,1.37,USD,pre-market,63000000,None,0.048,0.0856,0.078,36.57,667000000,None,None,None,133.69,143.55,11.3821,None,None,None,None,None,None,2849000000,None,35.68,None,153.83,99.6
2025-12-28,XYL,3.89,8894000000.0,35.68,None,1.174,46.02,50000000,None,None,None,-50000000,-46000000,24000000,-18000000,-47000000,None,None,-59000000,None,185000000,None,1812000000,1812000000,None,None,None,None,None,None,70000000,65000000,1.56,0.0112,38000000,38000000,None,0.045,0.14,307000000,377000000,1.23,2018-06-30,25.13,None,3400000000.0,1037000000,277000000,14000000,None,None,None,0,None,None,None,None,None,None,None,115000000,None,None,None,0.157,138000000,761000000,276000000,None,None,None,None,None,None,None,None,None,2.119,3.014,3.8,None,None,None,None,None,-25000000,None,0.107,None,None,2025-10-30,quarterly,1.37,USD,pre-market,63000000,None,0.048,0.0856,0.078,36.57,667000000,None,None,None,133.69,143.55,11.3821,None,None,None,None,None,None,2849000000,None,35.68,None,153.83,99.6
2025-12-28,XYL,3.89,8894000000.0,35.68,None,1.174,46.02,61000000,None,None,None,302000000,-491000000,-117000000,9000000,-40000000,None,None,-9000000,None,185000000,None,1812000000,1812000000,None,None,None,None,None,None,70000000,67000000,1.56,0.0112,38000000,38000000,None,0.045,0.14,307000000,377000000,1.23,2018-03-31,25.13,None,3400000000.0,1037000000,277000000,14000000,None,None,None,0,None,None,None,None,None,None,None,79000000,None,None,None,0.157,63000000,761000000,276000000,None,None,None,None,None,None,None,None,None,2.119,3.014,3.8,None,None,None,None,None,-33000000,None,0.107,None,None,2025-10-30,quarterly,1.37,USD,pre-market,63000000,None,0.048,0.0856,0.078,36.57,667000000,None,None,None,133.69,143.55,11.3821,None,None,None,None,None,None,2849000000,None,35.68,None,153.83,99.6
2025-12-28,XYL,3.89,8894000000.0,35.68,None,1.174,46.02,51000000,None,None,None,-122000000,-59000000,131000000,5000000,41000000,None,None,35000000,None,185000000,None,1812000000,1812000000,None,None,None,None,None,None,70000000,60000000,1.56,0.0112,33000000,33000000,None,0.045,0.14,307000000,377000000,1.23,2017-12-31,25.13,None,3400000000.0,1037000000,277000000,14000000,None,None,None,0,None,None,None,None,None,None,None,70000000,None,None,None,0.157,307000000,761000000,276000000,None,None,None,None,None,None,None,None,None,2.119,3.014,3.8,None,None,None,None,None,8000000,None,0.107,None,None,2025-10-30,quarterly,1.37,USD,pre-market,63000000,None,0.048,0.0856,0.078,36.57,667000000,None,None,None,133.69,143.55,11.3821,None,None,None,None,None,None,2849000000,None,35.68,None,153.83,99.6
2025-12-28,XYL,3.89,8894000000.0,35.68,None,1.174,46.02,42000000,None,None,None,-184000000,-53000000,-5000000,4000000,-1000000,None,None,-44000000,None,185000000,None,1812000000,1812000000,None,None,None,None,None,None,70000000,58000000,1.56,0.0112,32000000,32000000,None,0.045,0.14,307000000,377000000,1.23,2017-09-30,25.13,None,3400000000.0,1037000000,277000000,14000000,None,None,None,0,None,None,None,None,None,None,None,104000000,None,None,None,0.157,228000000,761000000,276000000,None,None,None,None,None,None,None,None,None,2.119,3.014,3.8,None,None,None,None,None,1000000,None,0.107,None,None,2025-10-30,quarterly,1.37,USD,pre-market,63000000,None,0.048,0.0856,0.078,36.57,667000000,None,None,None,133.69,143.55,11.3821,None,None,None,None,None,None,2849000000,None,35.68,None,153.83,99.6
2025-12-28,XYL,3.89,8894000000.0,35.68,None,1.174,46.02,34000000,None,None,None,-74000000,-31000000,1000000,7000000,-3000000,None,None,-58000000,None,185000000,None,1812000000,1812000000,None,None,None,None,None,None,70000000,57000000,1.56,0.0112,32000000,32000000,None,0.045,0.14,307000000,377000000,1.23,2017-06-30,25.13,None,3400000000.0,1037000000,277000000,14000000,None,None,None,0,None,None,None,None,None,None,None,100000000,None,None,None,0.157,99000000,761000000,276000000,None,None,None,None,None,None,None,None,None,2.119,3.014,3.8,None,None,None,None,None,-20000000,None,0.107,None,None,2025-10-30,quarterly,1.37,USD,pre-market,63000000,None,0.048,0.0856,0.078,36.57,667000000,None,None,None,133.69,143.55,11.3821,None,None,None,None,None,None,2849000000,None,35.68,None,153.83,99.6
2025-12-28,XYL,3.89,8894000000.0,35.68,None,1.174,46.02,43000000,None,None,None,-41000000,-38000000,-21000000,6000000,-10000000,None,None,-12000000,None,185000000,None,1812000000,1812000000,None,None,None,None,None,None,70000000,59000000,1.56,0.0112,33000000,33000000,None,0.045,0.14,307000000,377000000,1.23,2017-03-31,25.13,None,3400000000.0,1037000000,277000000,14000000,None,None,None,0,None,None,None,None,None,None,None,56000000,None,None,None,0.157,52000000,761000000,276000000,None,None,None,None,None,None,None,None,None,2.119,3.014,3.8,None,None,None,None,None,-5000000,None,0.107,None,None,2025-10-30,quarterly,1.37,USD,pre-market,63000000,None,0.048,0.0856,0.078,36.57,667000000,None,None,None,133.69,143.55,11.3821,None,None,None,None,None,None,2849000000,None,35.68,None,153.83,99.6
2025-12-28,XYL,3.89,8894000000.0,35.68,None,1.174,46.02,34000000,None,None,None,1184000000,-1731000000,-351000000,-27000000,27000000,None,None,21000000,None,185000000,None,1812000000,1812000000,None,None,None,None,None,None,70000000,54000000,1.56,0.0112,28000000,28000000,None,0.045,0.14,307000000,377000000,1.23,2016-12-31,25.13,None,3400000000.0,1037000000,277000000,14000000,None,None,None,0,None,None,None,None,None,None,None,50000000,None,None,None,0.157,223000000,761000000,276000000,None,None,None,None,None,None,None,None,None,2.119,3.014,3.8,None,None,None,None,None,-1000000,None,0.107,None,None,2025-10-30,quarterly,1.37,USD,pre-market,63000000,None,0.048,0.0856,0.078,36.57,667000000,None,None,None,133.69,143.55,11.3821,None,None,None,None,None,None,2849000000,None,35.68,None,153.83,99.6
2025-12-28,XYL,3.89,8894000000.0,35.68,None,1.174,46.02,28000000,None,None,None,-52000000,-28000000,73000000,4000000,-3000000,None,None,-8000000,None,185000000,None,1812000000,1812000000,None,None,None,None,None,None,70000000,32000000,1.56,0.0112,28000000,28000000,None,0.045,0.14,307000000,377000000,1.23,2016-09-30,25.13,None,3400000000.0,1037000000,277000000,14000000,None,None,None,0,None,None,None,None,None,None,None,73000000,None,None,None,0.157,149000000,761000000,276000000,None,None,None,None,None,None,None,None,None,2.119,3.014,3.8,None,None,None,None,None,6000000,None,0.107,None,None,2025-10-30,quarterly,1.37,USD,pre-market,63000000,None,0.048,0.0856,0.078,36.57,667000000,None,None,None,133.69,143.55,11.3821,None,None,None,None,None,None,2849000000,None,35.68,None,153.83,99.6
2025-12-28,XYL,3.89,8894000000.0,35.68,None,1.174,46.02,25000000,None,None,None,-657000000,-22000000,-607000000,-12000000,-8000000,None,None,-41000000,None,185000000,None,1812000000,1812000000,None,None,None,None,None,None,70000000,33000000,1.56,0.0112,28000000,28000000,None,0.045,0.14,307000000,377000000,1.23,2016-06-30,25.13,None,3400000000.0,1037000000,277000000,14000000,None,None,None,0,None,None,None,None,None,None,None,71000000,None,None,None,0.157,84000000,761000000,276000000,None,None,None,None,None,None,None,None,None,2.119,3.014,3.8,None,None,None,None,None,8000000,None,0.107,None,None,2025-10-30,quarterly,1.37,USD,pre-market,63000000,None,0.048,0.0856,0.078,36.57,667000000,None,None,None,133.69,143.55,11.3821,None,None,None,None,None,None,2849000000,None,35.68,None,153.83,99.6
2025-12-28,XYL,3.89,8894000000.0,35.68,None,1.174,46.02,37000000,None,None,None,559000000,-105000000,513000000,18000000,-31000000,None,None,22000000,None,185000000,None,1812000000,1812000000,None,None,None,None,None,None,70000000,32000000,1.56,0.0112,28000000,28000000,None,0.045,0.14,307000000,377000000,1.23,2016-03-31,25.13,None,3400000000.0,1037000000,277000000,14000000,None,None,None,0,None,None,None,None,None,None,None,66000000,None,None,None,0.157,41000000,761000000,276000000,None,None,None,None,None,None,None,None,None,2.119,3.014,3.8,None,None,None,None,None,-3000000,None,0.107,None,None,2025-10-30,quarterly,1.37,USD,pre-market,63000000,None,0.048,0.0856,0.078,36.57,667000000,None,None,None,133.69,143.55,11.3821,None,None,None,None,None,None,2849000000,None,35.68,None,153.83,99.6
2025-12-28,XYL,3.89,8894000000.0,35.68,None,1.174,46.02,39000000,None,None,None,-68000000,-58000000,69000000,-9000000,38000000,None,None,8000000,None,185000000,None,1812000000,1812000000,None,None,None,None,None,None,70000000,31000000,1.56,0.0112,25000000,25000000,None,0.045,0.14,307000000,377000000,1.23,2015-12-31,25.13,None,3400000000.0,1037000000,277000000,14000000,None,None,None,0,None,None,None,None,None,None,None,114000000,None,None,None,0.157,204000000,761000000,276000000,None,None,None,None,None,None,None,None,None,2.119,3.014,3.8,None,None,None,None,None,-51000000,None,0.107,None,None,2025-10-30,quarterly,1.37,USD,pre-market,63000000,None,0.048,0.0856,0.078,36.57,667000000,None,None,None,133.69,143.55,11.3821,None,None,None,None,None,None,2849000000,None,35.68,None,153.83,99.6
2025-12-28,XYL,3.89,8894000000.0,35.68,None,1.174,46.02,21000000,None,None,None,-98000000,-21000000,11000000,-7000000,12000000,None,None,-4000000,None,185000000,None,1812000000,1812000000,None,None,None,None,None,None,70000000,33000000,1.56,0.0112,26000000,26000000,None,0.045,0.14,307000000,377000000,1.23,2015-09-30,25.13,None,3400000000.0,1037000000,277000000,14000000,None,None,None,0,None,None,None,None,None,None,None,88000000,None,None,None,0.157,137000000,761000000,276000000,None,None,None,None,None,None,None,None,None,2.119,3.014,3.8,None,None,None,None,None,-75000000,None,0.107,None,None,2025-10-30,quarterly,1.37,USD,pre-market,63000000,None,0.048,0.0856,0.078,36.57,667000000,None,None,None,133.69,143.55,11.3821,None,None,None,None,None,None,2849000000,None,35.68,None,153.83,99.6
2025-12-28,XYL,3.89,8894000000.0,35.68,None,1.174,46.02,20000000,None,None,None,-25000000,-17000000,46000000,4000000,6000000,None,None,-32000000,None,185000000,None,1812000000,1812000000,None,None,None,None,None,None,70000000,34000000,1.56,0.0112,25000000,25000000,None,0.045,0.14,307000000,377000000,1.23,2015-06-30,25.13,None,3400000000.0,1037000000,277000000,14000000,None,None,None,0,None,None,None,None,None,None,None,74000000,None,None,None,0.157,84000000,761000000,276000000,None,None,None,None,None,None,None,None,None,2.119,3.014,3.8,None,None,None,None,None,3000000,None,0.107,None,None,2025-10-30,quarterly,1.37,USD,pre-market,63000000,None,0.048,0.0856,0.078,36.57,667000000,None,None,None,133.69,143.55,11.3821,None,None,None,None,None,None,2849000000,None,35.68,None,153.83,99.6
2025-12-28,XYL,3.89,8894000000.0,35.68,None,1.174,46.02,37000000,None,None,None,-71000000,-36000000,-109000000,-41000000,-33000000,None,None,4000000,None,185000000,None,1812000000,1812000000,None,None,None,None,None,None,70000000,35000000,1.56,0.0112,26000000,26000000,None,0.045,0.14,307000000,377000000,1.23,2015-03-31,25.13,None,3400000000.0,1037000000,277000000,14000000,None,None,None,0,None,None,None,None,None,None,None,64000000,None,None,None,0.157,39000000,761000000,276000000,None,None,None,None,None,None,None,None,None,2.119,3.014,3.8,None,None,None,None,None,-53000000,None,0.107,None,None,2025-10-30,quarterly,1.37,USD,pre-market,63000000,None,0.048,0.0856,0.078,36.57,667000000,None,None,None,133.69,143.55,11.3821,None,None,None,None,None,None,2849000000,None,35.68,None,153.83,99.6
2025-12-28,XYL,3.89,8894000000.0,35.68,None,1.174,46.02,42000000,None,None,None,35000000,-41000000,134000000,-23000000,13000000,None,None,3000000,None,185000000,None,1812000000,1812000000,None,None,None,None,None,None,70000000,35000000,1.56,0.0112,23000000,23000000,None,0.045,0.14,307000000,377000000,1.23,2014-12-31,25.13,None,3400000000.0,1037000000,277000000,14000000,None,None,None,0,None,None,None,None,None,None,None,96000000,None,None,None,0.157,163000000,761000000,276000000,None,None,None,None,None,None,None,None,None,2.119,3.014,3.8,None,None,None,None,None,-2000000,None,0.107,None,None,2025-10-30,quarterly,1.37,USD,pre-market,63000000,None,0.048,0.0856,0.078,36.57,667000000,None,None,None,133.69,143.55,11.3821,None,None,None,None,None,None,2849000000,None,35.68,None,153.83,99.6
2025-12-28,XYL,3.89,8894000000.0,35.68,None,1.174,46.02,29000000,None,None,None,-52000000,2000000,79000000,-26000000,-9000000,None,None,-8000000,None,185000000,None,1812000000,1812000000,None,None,None,None,None,None,70000000,35000000,1.56,0.0112,24000000,24000000,None,0.045,0.14,307000000,377000000,1.23,2014-09-30,25.13,None,3400000000.0,1037000000,277000000,14000000,None,None,None,0,None,None,None,None,None,None,None,106000000,None,None,None,0.157,155000000,761000000,276000000,None,None,None,None,None,None,None,None,None,2.119,3.014,3.8,None,None,None,None,None,-30000000,None,0.107,None,None,2025-10-30,quarterly,1.37,USD,pre-market,63000000,None,0.048,0.0856,0.078,36.57,667000000,None,None,None,133.69,143.55,11.3821,None,None,None,None,None,None,2849000000,None,35.68,None,153.83,99.6
2025-12-28,XYL,3.89,8894000000.0,35.68,None,1.174,46.02,23000000,None,None,None,-68000000,-23000000,-16000000,-1000000,-11000000,None,None,-27000000,None,185000000,None,1812000000,1812000000,None,None,None,None,None,None,70000000,36000000,1.56,0.0112,23000000,23000000,None,0.045,0.14,307000000,377000000,1.23,2014-06-30,25.13,None,3400000000.0,1037000000,277000000,14000000,None,None,None,0,None,None,None,None,None,None,None,86000000,None,None,None,0.157,76000000,761000000,276000000,None,None,None,None,None,None,None,None,None,2.119,3.014,3.8,None,None,None,None,None,-51000000,None,0.107,None,None,2025-10-30,quarterly,1.37,USD,pre-market,63000000,None,0.048,0.0856,0.078,36.57,667000000,None,None,None,133.69,143.55,11.3821,None,None,None,None,None,None,2849000000,None,35.68,None,153.83,99.6
2025-12-28,XYL,3.89,8894000000.0,35.68,None,1.174,46.02,25000000,None,None,None,-62000000,-24000000,-67000000,-3000000,-42000000,None,None,-5000000,None,185000000,None,1812000000,1812000000,None,None,None,None,None,None,70000000,36000000,1.56,0.0112,24000000,24000000,None,0.045,0.14,307000000,377000000,1.23,2014-03-31,25.13,None,3400000000.0,1037000000,277000000,14000000,None,None,None,0,None,None,None,None,None,None,None,49000000,None,None,None,0.157,22000000,761000000,276000000,None,None,None,None,None,None,None,None,None,2.119,3.014,3.8,None,None,None,None,None,-51000000,None,0.107,None,None,2025-10-30,quarterly,1.37,USD,pre-market,63000000,None,0.048,0.0856,0.078,36.57,667000000,None,None,None,133.69,143.55,11.3821,None,None,None,None,None,None,2849000000,None,35.68,None,153.83,99.6
2025-12-28,XYL,3.89,8894000000.0,35.68,None,1.174,46.02,35000000,None,None,None,9000000,-34000000,139000000,3000000,20000000,None,None,24000000,None,185000000,None,1812000000,1812000000,None,None,None,None,None,None,70000000,40000000,1.56,0.0112,22000000,22000000,None,0.045,0.14,307000000,377000000,1.23,2013-12-31,25.13,None,3400000000.0,1037000000,277000000,14000000,None,None,None,0,None,None,None,None,None,None,None,68000000,None,None,None,0.157,161000000,761000000,276000000,None,None,None,None,None,None,None,None,None,2.119,3.014,3.8,None,None,None,None,None,-29000000,None,0.107,None,None,2025-10-30,quarterly,1.37,USD,pre-market,63000000,None,0.048,0.0856,0.078,36.57,667000000,None,None,None,133.69,143.55,11.3821,None,None,None,None,None,None,2849000000,None,35.68,None,153.83,99.6
2025-12-28,XYL,3.89,8894000000.0,35.68,None,1.174,46.02,31000000,None,None,None,-49000000,-27000000,34000000,9000000,-15000000,None,None,-40000000,None,185000000,None,1812000000,1812000000,None,None,None,None,None,None,70000000,36000000,1.56,0.0112,22000000,22000000,None,0.045,0.14,307000000,377000000,1.23,2013-09-30,25.13,None,3400000000.0,1037000000,277000000,14000000,None,None,None,0,None,None,None,None,None,None,None,73000000,None,None,None,0.157,101000000,761000000,276000000,None,None,None,None,None,None,None,None,None,2.119,3.014,3.8,None,None,None,None,None,-26000000,None,0.107,None,None,2025-10-30,quarterly,1.37,USD,pre-market,63000000,None,0.048,0.0856,0.078,36.57,667000000,None,None,None,133.69,143.55,11.3821,None,None,None,None,None,None,2849000000,None,35.68,None,153.83,99.6
2025-12-28,XYL,3.89,8894000000.0,35.68,None,1.174,46.02,30000000,None,None,None,-24000000,-33000000,-15000000,None,-15000000,None,None,-32000000,None,185000000,None,1812000000,1812000000,None,None,None,None,None,None,70000000,37000000,1.56,0.0112,21000000,21000000,None,0.045,0.14,307000000,377000000,1.23,2013-06-30,25.13,None,3400000000.0,1037000000,277000000,14000000,None,None,None,0,None,None,None,None,None,None,None,46000000,None,None,None,0.157,42000000,761000000,276000000,None,None,None,None,None,None,None,None,None,2.119,3.014,3.8,None,None,None,None,None,-3000000,None,0.107,None,None,2025-10-30,quarterly,1.37,USD,pre-market,63000000,None,0.048,0.0856,0.078,36.57,667000000,None,None,None,133.69,143.55,11.3821,None,None,None,None,None,None,2849000000,None,35.68,None,153.83,99.6
2025-12-28,XYL,3.89,8894000000.0,35.68,None,1.174,46.02,30000000,None,None,None,-36000000,-105000000,-129000000,-8000000,-29000000,None,None,1000000,None,185000000,None,1812000000,1812000000,None,None,None,None,None,None,70000000,37000000,1.56,0.0112,22000000,22000000,None,0.045,0.14,307000000,377000000,1.23,2013-03-31,25.13,None,3400000000.0,1037000000,277000000,14000000,None,None,None,0,None,None,None,None,None,None,None,41000000,None,None,None,0.157,20000000,761000000,276000000,None,None,None,None,None,None,None,None,None,2.119,3.014,3.8,None,None,None,None,None,-15000000,None,0.107,None,None,2025-10-30,quarterly,1.37,USD,pre-market,63000000,None,0.048,0.0856,0.078,36.57,667000000,None,None,None,133.69,143.55,11.3821,None,None,None,None,None,None,2849000000,None,35.68,None,153.83,99.6
2025-12-28,XYL,3.89,8894000000.0,35.68,None,1.174,46.02,31000000,None,None,None,-33000000,-58000000,80000000,5000000,38000000,None,None,35000000,None,185000000,None,1812000000,1812000000,None,None,None,None,None,None,70000000,39000000,1.56,0.0112,19000000,19000000,None,0.045,0.14,307000000,377000000,1.23,2012-12-31,25.13,None,3400000000.0,1037000000,277000000,14000000,None,None,None,0,None,None,None,None,None,None,None,73000000,None,None,None,0.157,166000000,761000000,276000000,None,None,None,None,None,None,None,None,None,2.119,3.014,3.8,None,None,None,None,None,-9000000,None,0.107,None,None,2025-10-30,quarterly,1.37,USD,pre-market,63000000,None,0.048,0.0856,0.078,36.57,667000000,None,None,None,133.69,143.55,11.3821,None,None,None,None,None,None,2849000000,None,35.68,None,153.83,99.6
2025-12-28,XYL,3.89,8894000000.0,35.68,None,1.174,46.02,24000000,None,None,None,-10000000,-36000000,66000000,7000000,11000000,None,None,-17000000,None,185000000,None,1812000000,1812000000,None,None,None,None,None,None,70000000,36000000,1.56,0.0112,17000000,17000000,None,0.045,0.14,307000000,377000000,1.23,2012-09-30,25.13,None,3400000000.0,1037000000,277000000,14000000,None,None,None,0,None,None,None,None,None,None,None,72000000,None,None,None,0.157,105000000,761000000,276000000,None,None,None,None,None,None,None,None,None,2.119,3.014,3.8,None,None,None,None,None,-1000000,None,0.107,None,None,2025-10-30,quarterly,1.37,USD,pre-market,63000000,None,0.048,0.0856,0.078,36.57,667000000,None,None,None,133.69,143.55,11.3821,None,None,None,None,None,None,2849000000,None,35.68,None,153.83,99.6
2025-12-28,XYL,3.89,8894000000.0,35.68,None,1.174,46.02,26000000,None,None,None,-21000000,-24000000,11000000,-8000000,-13000000,None,None,-23000000,None,185000000,None,1812000000,1812000000,None,None,None,None,None,None,70000000,33000000,1.56,0.0112,20000000,20000000,None,0.045,0.14,307000000,377000000,1.23,2012-06-30,25.13,None,3400000000.0,1037000000,277000000,14000000,None,None,None,0,None,None,None,None,None,None,None,89000000,None,None,None,0.157,64000000,761000000,276000000,None,None,None,None,None,None,None,None,None,2.119,3.014,3.8,None,None,None,None,None,-2000000,None,0.107,None,None,2025-10-30,quarterly,1.37,USD,pre-market,63000000,None,0.048,0.0856,0.078,36.57,667000000,None,None,None,133.69,143.55,11.3821,None,None,None,None,None,None,2849000000,None,35.68,None,153.83,99.6
2025-12-28,XYL,3.89,8894000000.0,35.68,None,1.174,46.02,31000000,None,None,None,-10000000,-29000000,29000000,7000000,-31000000,None,None,7000000,None,185000000,None,1812000000,1812000000,None,None,None,None,None,None,70000000,34000000,1.56,0.0112,19000000,19000000,None,0.045,0.14,307000000,377000000,1.23,2012-03-31,25.13,None,3400000000.0,1037000000,277000000,14000000,None,None,None,0,None,None,None,None,None,None,None,63000000,None,None,None,0.157,61000000,761000000,276000000,None,None,None,None,None,None,None,None,None,2.119,3.014,3.8,None,None,None,None,None,-1000000,None,0.107,None,None,2025-10-30,quarterly,1.37,USD,pre-market,63000000,None,0.048,0.0856,0.078,36.57,667000000,None,None,None,133.69,143.55,11.3821,None,None,None,None,None,None,2849000000,None,35.68,None,153.83,99.6
2025-12-28,XYL,3.89,8894000000.0,35.68,None,1.174,46.02,47000000,None,None,None,-10000000,-46000000,None,None,22000000,None,None,None,None,185000000,None,1812000000,1812000000,None,None,None,None,None,None,70000000,33000000,1.56,0.0112,19000000,19000000,None,0.045,0.14,307000000,377000000,1.23,2011-12-31,25.13,None,3400000000.0,1037000000,277000000,14000000,None,None,None,0,None,None,None,None,None,None,None,52000000,None,None,None,0.157,197000000,761000000,276000000,None,None,None,None,None,None,None,None,None,2.119,3.014,3.8,None,None,None,None,None,0,None,0.107,None,None,2025-10-30,quarterly,1.37,USD,pre-market,63000000,None,0.048,0.0856,0.078,36.57,667000000,None,None,None,133.69,143.55,11.3821,None,None,None,None,None,None,2849000000,None,35.68,None,153.83,99.6
2025-12-28,XYL,3.89,8894000000.0,35.68,None,1.174,46.02,26000000,None,None,None,294000000,-329000000,None,None,-9000000,None,None,None,None,185000000,None,1812000000,1812000000,None,None,None,None,None,None,70000000,36000000,1.56,0.0112,0,0,None,0.045,0.14,307000000,377000000,1.23,2011-09-30,25.13,None,3400000000.0,1037000000,277000000,14000000,None,None,None,0,None,None,None,None,None,None,None,77000000,None,None,None,0.157,91000000,761000000,276000000,None,None,None,None,None,None,None,None,None,2.119,3.014,3.8,None,None,None,None,None,0,None,0.107,None,None,2025-10-30,quarterly,1.37,USD,pre-market,63000000,None,0.048,0.0856,0.078,36.57,667000000,None,None,None,133.69,143.55,11.3821,None,None,None,None,None,None,2849000000,None,35.68,None,153.83,99.6
2025-12-28,XYL,3.89,8894000000.0,35.68,None,1.174,46.02,34000000,None,None,None,-79000000,-30000000,None,None,-15000000,None,None,None,None,185000000,None,1812000000,1812000000,None,None,None,None,None,None,70000000,35000000,1.56,0.0112,None,None,None,0.045,0.14,307000000,377000000,1.23,2011-06-30,25.13,None,3400000000.0,1037000000,277000000,14000000,None,None,None,0,None,None,None,None,None,None,None,72000000,None,None,None,0.157,90000000,761000000,276000000,None,None,None,None,None,None,None,None,None,2.119,3.014,3.8,None,None,None,None,None,None,None,0.107,None,None,2025-10-30,quarterly,1.37,USD,pre-market,63000000,None,0.048,0.0856,0.078,36.57,667000000,None,None,None,133.69,143.55,11.3821,None,None,None,None,None,None,2849000000,None,35.68,None,153.83,99.6
2025-12-28,XYL,3.89,8894000000.0,35.68,None,1.174,46.02,19000000,None,None,None,-33000000,-18000000,None,None,-16000000,None,None,None,None,185000000,None,1812000000,1812000000,None,None,None,None,None,None,70000000,33000000,1.56,0.0112,None,None,None,0.045,0.14,307000000,377000000,1.23,2011-03-31,25.13,None,3400000000.0,1037000000,277000000,14000000,None,None,None,0,None,None,None,None,None,None,None,78000000,None,None,None,0.157,71000000,761000000,276000000,None,None,None,None,None,None,None,None,None,2.119,3.014,3.8,None,None,None,None,None,None,None,0.107,None,None,2025-10-30,quarterly,1.37,USD,pre-market,63000000,None,0.048,0.0856,0.078,36.57,667000000,None,None,None,133.69,143.55,11.3821,None,None,None,None,None,None,2849000000,None,35.68,None,153.83,99.6
2025-12-28,XYL,3.89,8894000000.0,35.68,None,1.174,46.02,50000000,None,None,None,-96000000,-69000000,None,None,42000000,None,None,None,None,185000000,None,1812000000,1812000000,None,None,None,None,None,None,70000000,25000000,1.56,0.0112,None,None,None,0.045,0.14,307000000,377000000,1.23,2010-12-31,25.13,None,3400000000.0,1037000000,277000000,14000000,None,None,None,0,None,None,None,None,None,None,None,97000000,None,None,None,0.157,169000000,761000000,276000000,None,None,None,None,None,None,None,None,None,2.119,3.014,3.8,None,None,None,None,None,None,None,0.107,None,None,2025-10-30,quarterly,1.37,USD,pre-market,63000000,None,0.048,0.0856,0.078,36.57,667000000,None,None,None,133.69,143.55,11.3821,None,None,None,None,None,None,2849000000,None,35.68,None,153.83,99.6
2025-12-28,XYL,3.89,8894000000.0,35.68,None,1.174,46.02,0,None,None,None,None,None,None,None,None,None,None,None,None,185000000,None,1812000000,1812000000,None,None,None,None,None,None,70000000,None,1.56,0.0112,None,None,None,0.045,0.14,307000000,377000000,1.23,2010-09-30,25.13,None,3400000000.0,1037000000,277000000,14000000,None,None,None,0,None,None,None,None,None,None,None,91000000,None,None,None,0.157,None,761000000,276000000,None,None,None,None,None,None,None,None,None,2.119,3.014,3.8,None,None,None,None,None,None,None,0.107,None,None,2025-10-30,quarterly,1.37,USD,pre-market,63000000,None,0.048,0.0856,0.078,36.57,667000000,None,None,None,133.69,143.55,11.3821,None,None,None,None,None,None,2849000000,None,35.68,None,153.83,99.6
2025-12-28,XYL,3.89,8894000000.0,35.68,None,1.174,46.02,0,None,None,None,None,None,None,None,None,None,None,None,None,185000000,None,1812000000,1812000000,None,None,None,None,None,None,70000000,None,1.56,0.0112,None,None,None,0.045,0.14,307000000,377000000,1.23,2010-06-30,25.13,None,3400000000.0,1037000000,277000000,14000000,None,None,None,0,None,None,None,None,None,None,None,141000000,None,None,None,0.157,None,761000000,276000000,None,None,None,None,None,None,None,None,None,2.119,3.014,3.8,None,None,None,None,None,None,None,0.107,None,None,2025-10-30,quarterly,1.37,USD,pre-market,63000000,None,0.048,0.0856,0.078,36.57,667000000,None,None,None,133.69,143.55,11.3821,None,None,None,None,None,None,2849000000,None,35.68,None,153.83,99.6
2025-12-28,XYL,3.89,8894000000.0,35.68,None,1.174,46.02,10000000,None,None,None,367000000,-401000000,None,None,-24000000,None,None,None,None,185000000,None,1812000000,1812000000,None,None,None,None,None,None,70000000,19000000,1.56,0.0112,None,None,None,0.045,0.14,307000000,377000000,1.23,2010-03-31,25.13,None,3400000000.0,1037000000,277000000,14000000,None,None,None,0,None,None,None,None,None,None,None,56000000,None,None,None,0.157,42000000,761000000,276000000,None,None,None,None,None,None,None,None,None,2.119,3.014,3.8,None,None,None,None,None,None,None,0.107,None,None,2025-10-30,quarterly,1.37,USD,pre-market,63000000,None,0.048,0.0856,0.078,36.57,667000000,None,None,None,133.69,143.55,11.3821,None,None,None,None,None,None,2849000000,None,35.68,None,153.83,99.6
2025-12-28,XYL,3.89,8894000000.0,35.68,None,1.174,46.02,62000000,None,None,None,None,None,None,None,62000000,None,None,None,None,185000000,None,1812000000,1812000000,None,None,None,None,None,None,70000000,None,1.56,0.0112,None,None,None,0.045,0.14,307000000,377000000,1.23,2009-12-31,25.13,None,3400000000.0,1037000000,277000000,14000000,None,None,None,0,None,None,None,None,None,None,None,263000000,None,None,None,0.157,370000000,761000000,276000000,None,None,None,None,None,None,None,None,None,2.119,3.014,3.8,None,None,None,None,None,None,None,0.107,None,None,2025-10-30,quarterly,1.37,USD,pre-market,63000000,None,0.048,0.0856,0.078,36.57,667000000,None,None,None,133.69,143.55,11.3821,None,None,None,None,None,None,2849000000,None,35.68,None,153.83,99.6
2025-12-28,XYL,3.89,8894000000.0,35.68,None,1.174,46.02,321000000,None,None,None,-615000000,-482000000,None,None,-41000000,None,None,None,None,185000000,None,1812000000,1812000000,None,None,None,None,None,None,70000000,562000000,1.56,0.0112,350000000,350000000,None,0.045,0.14,307000000,377000000,1.23,2024-12-31,25.13,None,3400000000.0,1037000000,277000000,14000000,None,None,None,0,None,None,None,None,None,None,None,890000000,None,None,None,0.157,1263000000,761000000,276000000,None,None,None,None,None,None,None,None,None,2.119,3.014,3.8,None,None,None,None,None,-20000000,None,0.107,None,None,2025-10-30,annual,1.37,USD,pre-market,63000000,None,0.048,0.0856,0.078,36.57,667000000,None,None,None,133.69,143.55,11.3821,None,None,None,None,None,None,2849000000,None,35.68,None,153.83,99.6
2025-12-28,XYL,3.89,8894000000.0,35.68,None,1.174,46.02,271000000,None,None,None,-157000000,-628000000,None,None,41000000,None,None,None,None,185000000,None,1812000000,1812000000,None,None,None,None,None,None,70000000,436000000,1.56,0.0112,299000000,299000000,None,0.045,0.14,307000000,377000000,1.23,2023-12-31,25.13,None,3400000000.0,1037000000,277000000,14000000,None,None,None,0,None,None,None,None,None,None,None,609000000,None,None,None,0.157,837000000,761000000,276000000,None,None,None,None,None,None,None,None,None,2.119,3.014,3.8,None,None,None,None,None,-25000000,None,0.107,None,None,2025-10-30,annual,1.37,USD,pre-market,63000000,None,0.048,0.0856,0.078,36.57,667000000,None,None,None,133.69,143.55,11.3821,None,None,None,None,None,None,2849000000,None,35.68,None,153.83,99.6
2025-12-28,XYL,3.89,8894000000.0,35.68,None,1.174,46.02,208000000,None,None,None,-790000000,-191000000,-385000000,None,-147000000,None,None,-192000000,None,185000000,None,1812000000,1812000000,None,None,None,None,None,None,70000000,236000000,1.56,0.0112,217000000,217000000,None,0.045,0.14,307000000,377000000,1.23,2022-12-31,25.13,None,3400000000.0,1037000000,277000000,14000000,None,None,None,0,None,None,None,None,None,None,None,355000000,None,None,None,0.157,596000000,761000000,276000000,None,None,None,None,None,None,None,None,None,2.119,3.014,3.8,None,None,None,None,None,-52000000,None,0.107,None,None,2025-10-30,annual,1.37,USD,pre-market,63000000,None,0.048,0.0856,0.078,36.57,667000000,None,None,None,133.69,143.55,11.3821,None,None,None,None,None,None,2849000000,None,35.68,None,153.83,99.6
2025-12-28,XYL,3.89,8894000000.0,35.68,None,1.174,46.02,208000000,None,None,None,-855000000,-183000000,-526000000,-26000000,-167000000,None,None,-70000000,None,185000000,None,1812000000,1812000000,None,None,None,None,None,None,70000000,245000000,1.56,0.0112,203000000,203000000,None,0.045,0.14,307000000,377000000,1.23,2021-12-31,25.13,None,3400000000.0,1037000000,277000000,14000000,None,None,None,0,None,None,None,None,None,None,None,427000000,None,None,None,0.157,538000000,761000000,276000000,None,None,None,None,None,None,None,None,None,2.119,3.014,3.8,None,None,None,None,None,-68000000,None,0.107,None,None,2025-10-30,annual,1.37,USD,pre-market,63000000,None,0.048,0.0856,0.078,36.57,667000000,None,None,None,133.69,143.55,11.3821,None,None,None,None,None,None,2849000000,None,35.68,None,153.83,99.6
2025-12-28,XYL,3.89,8894000000.0,35.68,None,1.174,46.02,183000000,None,None,None,473000000,-169000000,1151000000,23000000,-5000000,None,None,109000000,None,185000000,None,1812000000,1812000000,None,None,None,None,None,None,70000000,251000000,1.56,0.0112,188000000,188000000,None,0.045,0.14,307000000,377000000,1.23,2020-12-31,25.13,None,3400000000.0,1037000000,277000000,14000000,None,None,None,0,None,None,None,None,None,None,None,254000000,None,None,None,0.157,824000000,761000000,276000000,None,None,None,None,None,None,None,None,None,2.119,3.014,3.8,None,None,None,None,None,-61000000,None,0.107,None,None,2025-10-30,annual,1.37,USD,pre-market,63000000,None,0.048,0.0856,0.078,36.57,667000000,None,None,None,133.69,143.55,11.3821,None,None,None,None,None,None,2849000000,None,35.68,None,153.83,99.6
2025-12-28,XYL,3.89,8894000000.0,35.68,None,1.174,46.02,226000000,None,None,None,-177000000,-231000000,428000000,-3000000,47000000,None,None,-23000000,None,185000000,None,1812000000,1812000000,None,None,None,None,None,None,70000000,257000000,1.56,0.0112,174000000,174000000,None,0.045,0.14,307000000,377000000,1.23,2019-12-31,25.13,None,3400000000.0,1037000000,277000000,14000000,None,None,None,0,None,None,None,None,None,None,None,401000000,None,None,None,0.157,839000000,761000000,276000000,None,None,None,None,None,None,None,None,None,2.119,3.014,3.8,None,None,None,None,None,-40000000,None,0.107,None,None,2025-10-30,annual,1.37,USD,pre-market,63000000,None,0.048,0.0856,0.078,36.57,667000000,None,None,None,133.69,143.55,11.3821,None,None,None,None,None,None,2849000000,None,35.68,None,153.83,99.6
2025-12-28,XYL,3.89,8894000000.0,35.68,None,1.174,46.02,237000000,None,None,None,-40000000,-643000000,-118000000,-21000000,-97000000,None,None,-103000000,None,185000000,None,1812000000,1812000000,None,None,None,None,None,None,70000000,261000000,1.56,0.0112,152000000,152000000,None,0.045,0.14,307000000,377000000,1.23,2018-12-31,25.13,None,3400000000.0,1037000000,277000000,14000000,None,None,None,0,None,None,None,None,None,None,None,549000000,None,None,None,0.157,586000000,761000000,276000000,None,None,None,None,None,None,None,None,None,2.119,3.014,3.8,None,None,None,None,None,-59000000,None,0.107,None,None,2025-10-30,annual,1.37,USD,pre-market,63000000,None,0.048,0.0856,0.078,36.57,667000000,None,None,None,133.69,143.55,11.3821,None,None,None,None,None,None,2849000000,None,35.68,None,153.83,99.6
2025-12-28,XYL,3.89,8894000000.0,35.68,None,1.174,46.02,170000000,None,None,None,-421000000,-181000000,106000000,22000000,27000000,None,None,-79000000,None,185000000,None,1812000000,1812000000,None,None,None,None,None,None,70000000,234000000,1.56,0.0112,130000000,130000000,None,0.045,0.14,307000000,377000000,1.23,2017-12-31,25.13,None,3400000000.0,1037000000,277000000,14000000,None,None,None,0,None,None,None,None,None,None,None,330000000,None,None,None,0.157,686000000,761000000,276000000,None,None,None,None,None,None,None,None,None,2.119,3.014,3.8,None,None,None,None,None,-25000000,None,0.107,None,None,2025-10-30,annual,1.37,USD,pre-market,63000000,None,0.048,0.0856,0.078,36.57,667000000,None,None,None,133.69,143.55,11.3821,None,None,None,None,None,None,2849000000,None,35.68,None,153.83,99.6
2025-12-28,XYL,3.89,8894000000.0,35.68,None,1.174,46.02,124000000,None,None,None,1034000000,-1886000000,-372000000,-17000000,-15000000,None,None,-6000000,None,185000000,None,1812000000,1812000000,None,None,None,None,None,None,70000000,151000000,1.56,0.0112,112000000,112000000,None,0.045,0.14,307000000,377000000,1.23,2016-12-31,25.13,None,3400000000.0,1037000000,277000000,14000000,None,None,None,0,None,None,None,None,None,None,None,260000000,None,None,None,0.157,497000000,761000000,276000000,None,None,None,None,None,None,None,None,None,2.119,3.014,3.8,None,None,None,None,None,-4000000,None,0.107,None,None,2025-10-30,annual,1.37,USD,pre-market,63000000,None,0.048,0.0856,0.078,36.57,667000000,None,None,None,133.69,143.55,11.3821,None,None,None,None,None,None,2849000000,None,35.68,None,153.83,99.6
2025-12-28,XYL,3.89,8894000000.0,35.68,None,1.174,46.02,117000000,None,None,None,-262000000,-132000000,17000000,-53000000,23000000,None,None,-24000000,None,185000000,None,1812000000,1812000000,None,None,None,None,None,None,70000000,133000000,1.56,0.0112,102000000,102000000,None,0.045,0.14,307000000,377000000,1.23,2015-12-31,25.13,None,3400000000.0,1037000000,277000000,14000000,None,None,None,0,None,None,None,None,None,None,None,340000000,None,None,None,0.157,464000000,761000000,276000000,None,None,None,None,None,None,None,None,None,2.119,3.014,3.8,None,None,None,None,None,-179000000,None,0.107,None,None,2025-10-30,annual,1.37,USD,pre-market,63000000,None,0.048,0.0856,0.078,36.57,667000000,None,None,None,133.69,143.55,11.3821,None,None,None,None,None,None,2849000000,None,35.68,None,153.83,99.6
2025-12-28,XYL,3.89,8894000000.0,35.68,None,1.174,46.02,119000000,None,None,None,-147000000,-86000000,130000000,-53000000,-49000000,None,None,-37000000,None,185000000,None,1812000000,1812000000,None,None,None,None,None,None,70000000,142000000,1.56,0.0112,94000000,94000000,None,0.045,0.14,307000000,377000000,1.23,2014-12-31,25.13,None,3400000000.0,1037000000,277000000,14000000,None,None,None,0,None,None,None,None,None,None,None,337000000,None,None,None,0.157,416000000,761000000,276000000,None,None,None,None,None,None,None,None,None,2.119,3.014,3.8,None,None,None,None,None,-134000000,None,0.107,None,None,2025-10-30,annual,1.37,USD,pre-market,63000000,None,0.048,0.0856,0.078,36.57,667000000,None,None,None,133.69,143.55,11.3821,None,None,None,None,None,None,2849000000,None,35.68,None,153.83,99.6
2025-12-28,XYL,3.89,8894000000.0,35.68,None,1.174,46.02,126000000,None,None,None,-100000000,-199000000,29000000,4000000,-39000000,None,None,-47000000,None,185000000,None,1812000000,1812000000,None,None,None,None,None,None,70000000,150000000,1.56,0.0112,87000000,87000000,None,0.045,0.14,307000000,377000000,1.23,2013-12-31,25.13,None,3400000000.0,1037000000,277000000,14000000,None,None,None,0,None,None,None,None,None,None,None,228000000,None,None,None,0.157,324000000,761000000,276000000,None,None,None,None,None,None,None,None,None,2.119,3.014,3.8,None,None,None,None,None,-73000000,None,0.107,None,None,2025-10-30,annual,1.37,USD,pre-market,63000000,None,0.048,0.0856,0.078,36.57,667000000,None,None,None,133.69,143.55,11.3821,None,None,None,None,None,None,2849000000,None,35.68,None,153.83,99.6
2025-12-28,XYL,3.89,8894000000.0,35.68,None,1.174,46.02,112000000,None,None,None,-74000000,-147000000,186000000,11000000,5000000,None,None,2000000,None,185000000,None,1812000000,1812000000,None,None,None,None,None,None,70000000,142000000,1.56,0.0112,75000000,75000000,None,0.045,0.14,307000000,377000000,1.23,2012-12-31,25.13,None,3400000000.0,1037000000,277000000,14000000,None,None,None,0,None,None,None,None,None,None,None,297000000,None,None,None,0.157,396000000,761000000,276000000,None,None,None,None,None,None,None,None,None,2.119,3.014,3.8,None,None,None,None,None,-13000000,None,0.107,None,None,2025-10-30,annual,1.37,USD,pre-market,63000000,None,0.048,0.0856,0.078,36.57,667000000,None,None,None,133.69,143.55,11.3821,None,None,None,None,None,None,2849000000,None,35.68,None,153.83,99.6
2025-12-28,XYL,3.89,8894000000.0,35.68,None,1.174,46.02,126000000,None,None,None,172000000,-423000000,187000000,-11000000,-18000000,None,None,-61000000,None,185000000,None,1812000000,1812000000,None,None,None,None,None,None,70000000,137000000,1.56,0.0112,19000000,19000000,None,0.045,0.14,307000000,377000000,1.23,2011-12-31,25.13,None,3400000000.0,1037000000,277000000,14000000,None,None,None,0,None,None,None,None,None,None,None,279000000,None,None,None,0.157,449000000,761000000,276000000,None,None,None,None,None,None,None,None,None,2.119,3.014,3.8,None,None,None,None,None,1000000,None,0.107,None,None,2025-10-30,annual,1.37,USD,pre-market,63000000,None,0.048,0.0856,0.078,36.57,667000000,None,None,None,133.69,143.55,11.3821,None,None,None,None,None,None,2849000000,None,35.68,None,153.83,99.6
2025-12-28,XYL,3.89,8894000000.0,35.68,None,1.174,46.02,94000000,None,None,None,745000000,-1093000000,None,None,7000000,None,None,None,None,185000000,None,1812000000,1812000000,None,None,None,None,None,None,70000000,92000000,1.56,0.0112,None,None,None,0.045,0.14,307000000,377000000,1.23,2010-12-31,25.13,None,3400000000.0,1037000000,277000000,14000000,None,None,None,0,None,None,None,None,None,None,None,329000000,None,None,None,0.157,395000000,761000000,276000000,None,None,None,None,None,None,None,None,None,2.119,3.014,3.8,None,None,None,None,None,None,None,0.107,None,None,2025-10-30,annual,1.37,USD,pre-market,63000000,None,0.048,0.0856,0.078,36.57,667000000,None,None,None,133.69,143.55,11.3821,None,None,None,None,None,None,2849000000,None,35.68,None,153.83,99.6
2025-12-28,XYL,3.89,8894000000.0,35.68,None,1.174,46.02,62000000,None,None,None,-292000000,-84000000,None,None,62000000,None,None,None,None,185000000,None,1812000000,1812000000,None,None,None,None,None,None,70000000,70000000,1.56,0.0112,None,None,None,0.045,0.14,307000000,377000000,1.23,2009-12-31,25.13,None,3400000000.0,1037000000,277000000,14000000,None,None,None,0,None,None,None,None,None,None,None,263000000,None,None,None,0.157,370000000,761000000,276000000,None,None,None,None,None,None,None,None,None,2.119,3.014,3.8,None,None,None,None,None,None,None,0.107,None,None,2025-10-30,annual,1.37,USD,pre-market,63000000,None,0.048,0.0856,0.078,36.57,667000000,None,None,None,133.69,143.55,11.3821,None,None,None,None,None,None,2849000000,None,35.68,None,153.83,99.6
